{
    "HIGHCHI-24APR23-T64": [
        {
            "trade_id": "5083e7a7-9bb6-434e-9ead-adfb72b2bc3a",
            "ticker": "HIGHCHI-24APR23-T64",
            "count": 3,
            "created_time": "2024-04-24T00:02:26.226404Z",
            "yes_price": 2,
            "no_price": 98,
            "taker_side": "yes"
        },
        {
            "trade_id": "62d91d2f-3b6d-408a-9d19-d306604db709",
            "ticker": "HIGHCHI-24APR23-T64",
            "count": 1,
            "created_time": "2024-04-23T23:13:30.216288Z",
            "yes_price": 1,
            "no_price": 99,
            "taker_side": "yes"
        },
        {
            "trade_id": "06e0e456-4caf-46cd-98f0-153cfc8ae5f1",
            "ticker": "HIGHCHI-24APR23-T64",
            "count": 99,
            "created_time": "2024-04-23T23:13:30.216288Z",
            "yes_price": 2,
            "no_price": 98,
            "taker_side": "yes"
        },
        {
            "trade_id": "2934d339-2e05-49be-ade8-1cc5b41dfd96",
            "ticker": "HIGHCHI-24APR23-T64",
            "count": 15,
            "created_time": "2024-04-23T21:18:10.691724Z",
            "yes_price": 1,
            "no_price": 99,
            "taker_side": "no"
        },
        {
            "trade_id": "ffd64771-a16a-41d9-a242-5ee6c95c2836",
            "ticker": "HIGHCHI-24APR23-T64",
            "count": 2,
            "created_time": "2024-04-23T18:34:46.117726Z",
            "yes_price": 85,
            "no_price": 15,
            "taker_side": "yes"
        },
        {
            "trade_id": "a33945e4-e85b-499d-8a36-0a0a96bee8a3",
            "ticker": "HIGHCHI-24APR23-T64",
            "count": 15,
            "created_time": "2024-04-23T14:21:27.435274Z",
            "yes_price": 67,
            "no_price": 33,
            "taker_side": "yes"
        },
        {
            "trade_id": "5ef1bf46-a852-457f-8188-4a3f9828af57",
            "ticker": "HIGHCHI-24APR23-T64",
            "count": 6,
            "created_time": "2024-04-23T14:21:27.435274Z",
            "yes_price": 68,
            "no_price": 32,
            "taker_side": "yes"
        },
        {
            "trade_id": "eb91cd5a-6fd1-4ce2-be1f-0b29d9067c7d",
            "ticker": "HIGHCHI-24APR23-T64",
            "count": 1,
            "created_time": "2024-04-23T13:57:47.146085Z",
            "yes_price": 60,
            "no_price": 40,
            "taker_side": "no"
        },
        {
            "trade_id": "dca3a953-6ca5-407e-87c3-8fa4fad135ce",
            "ticker": "HIGHCHI-24APR23-T64",
            "count": 16,
            "created_time": "2024-04-23T13:56:27.955065Z",
            "yes_price": 61,
            "no_price": 39,
            "taker_side": "no"
        },
        {
            "trade_id": "f0471fd7-4cee-406b-97bb-29fc1a785ee2",
            "ticker": "HIGHCHI-24APR23-T64",
            "count": 18,
            "created_time": "2024-04-23T13:55:49.171246Z",
            "yes_price": 60,
            "no_price": 40,
            "taker_side": "yes"
        },
        {
            "trade_id": "1736136f-18d2-42c7-8342-e7f055763f55",
            "ticker": "HIGHCHI-24APR23-T64",
            "count": 4,
            "created_time": "2024-04-23T13:55:44.351622Z",
            "yes_price": 59,
            "no_price": 41,
            "taker_side": "no"
        },
        {
            "trade_id": "0b9420c2-8a52-44e3-8fc1-b21b47815325",
            "ticker": "HIGHCHI-24APR23-T64",
            "count": 24,
            "created_time": "2024-04-23T13:40:40.65673Z",
            "yes_price": 59,
            "no_price": 41,
            "taker_side": "no"
        },
        {
            "trade_id": "710035c2-ec42-48bf-93a4-8e5b959529b4",
            "ticker": "HIGHCHI-24APR23-T64",
            "count": 18,
            "created_time": "2024-04-23T13:40:33.453995Z",
            "yes_price": 60,
            "no_price": 40,
            "taker_side": "no"
        },
        {
            "trade_id": "cb44f9cb-f261-4c27-9a10-f2ab18007de8",
            "ticker": "HIGHCHI-24APR23-T64",
            "count": 30,
            "created_time": "2024-04-23T13:36:39.583994Z",
            "yes_price": 54,
            "no_price": 46,
            "taker_side": "no"
        },
        {
            "trade_id": "0e794aab-38dc-4253-8545-366b9938b5d5",
            "ticker": "HIGHCHI-24APR23-T64",
            "count": 24,
            "created_time": "2024-04-23T13:36:32.568348Z",
            "yes_price": 55,
            "no_price": 45,
            "taker_side": "no"
        },
        {
            "trade_id": "45dfa5ef-c50e-44a5-854e-375841c22ff6",
            "ticker": "HIGHCHI-24APR23-T64",
            "count": 23,
            "created_time": "2024-04-23T13:32:32.189982Z",
            "yes_price": 46,
            "no_price": 54,
            "taker_side": "no"
        },
        {
            "trade_id": "56aa815f-f029-4c1e-b0c2-b3d5f6e34fed",
            "ticker": "HIGHCHI-24APR23-T64",
            "count": 13,
            "created_time": "2024-04-23T13:26:00.912101Z",
            "yes_price": 39,
            "no_price": 61,
            "taker_side": "no"
        },
        {
            "trade_id": "ecb61d8f-5643-4f48-9384-ad7a1dd38d61",
            "ticker": "HIGHCHI-24APR23-T64",
            "count": 1,
            "created_time": "2024-04-23T12:41:46.912915Z",
            "yes_price": 38,
            "no_price": 62,
            "taker_side": "no"
        },
        {
            "trade_id": "551aef50-8ccc-4c42-b522-8d923a23778a",
            "ticker": "HIGHCHI-24APR23-T64",
            "count": 20,
            "created_time": "2024-04-23T12:02:54.114042Z",
            "yes_price": 45,
            "no_price": 55,
            "taker_side": "yes"
        },
        {
            "trade_id": "77a46914-6aa2-4431-9cc0-4d18fcbc4366",
            "ticker": "HIGHCHI-24APR23-T64",
            "count": 105,
            "created_time": "2024-04-23T02:42:56.557084Z",
            "yes_price": 21,
            "no_price": 79,
            "taker_side": "yes"
        },
        {
            "trade_id": "4874ef43-64ab-4714-a996-5837e9ef6f42",
            "ticker": "HIGHCHI-24APR23-T64",
            "count": 120,
            "created_time": "2024-04-23T02:41:01.578961Z",
            "yes_price": 20,
            "no_price": 80,
            "taker_side": "yes"
        },
        {
            "trade_id": "d66fd1a4-0091-42fc-9dfe-d5a5caaa7009",
            "ticker": "HIGHCHI-24APR23-T64",
            "count": 105,
            "created_time": "2024-04-23T01:28:57.020608Z",
            "yes_price": 15,
            "no_price": 85,
            "taker_side": "yes"
        },
        {
            "trade_id": "d3f2f461-d39d-4d4f-8146-024c58a430a6",
            "ticker": "HIGHCHI-24APR23-T64",
            "count": 120,
            "created_time": "2024-04-23T01:28:23.188594Z",
            "yes_price": 15,
            "no_price": 85,
            "taker_side": "yes"
        },
        {
            "trade_id": "0009bf19-c5ce-41a5-9300-3713bef29269",
            "ticker": "HIGHCHI-24APR23-T64",
            "count": 135,
            "created_time": "2024-04-23T01:17:31.291366Z",
            "yes_price": 14,
            "no_price": 86,
            "taker_side": "yes"
        },
        {
            "trade_id": "07f131c2-6e6e-41c7-b283-4896ff90ee7c",
            "ticker": "HIGHCHI-24APR23-T64",
            "count": 1,
            "created_time": "2024-04-22T21:59:46.368787Z",
            "yes_price": 9,
            "no_price": 91,
            "taker_side": "no"
        },
        {
            "trade_id": "c194a4a2-9725-4ee3-a9dc-b2485dddda7c",
            "ticker": "HIGHCHI-24APR23-T64",
            "count": 7,
            "created_time": "2024-04-22T19:49:28.609688Z",
            "yes_price": 16,
            "no_price": 84,
            "taker_side": "no"
        },
        {
            "trade_id": "20013f44-f5d8-4d71-83f3-53bf7817ef41",
            "ticker": "HIGHCHI-24APR23-T64",
            "count": 5,
            "created_time": "2024-04-22T19:33:03.936481Z",
            "yes_price": 16,
            "no_price": 84,
            "taker_side": "no"
        },
        {
            "trade_id": "eaa9baaa-3dd1-4e8a-b79e-b67e75a60b01",
            "ticker": "HIGHCHI-24APR23-T64",
            "count": 150,
            "created_time": "2024-04-22T19:28:46.508136Z",
            "yes_price": 22,
            "no_price": 78,
            "taker_side": "yes"
        },
        {
            "trade_id": "cba3d013-69ef-4431-bddb-a99715c30d27",
            "ticker": "HIGHCHI-24APR23-T64",
            "count": 45,
            "created_time": "2024-04-22T19:28:46.508136Z",
            "yes_price": 19,
            "no_price": 81,
            "taker_side": "yes"
        },
        {
            "trade_id": "85f10395-6354-4dfc-be30-6fa76d5035a5",
            "ticker": "HIGHCHI-24APR23-T64",
            "count": 150,
            "created_time": "2024-04-22T19:28:46.508136Z",
            "yes_price": 21,
            "no_price": 79,
            "taker_side": "yes"
        },
        {
            "trade_id": "ca26973c-f7ce-4a59-af12-f505d582df52",
            "ticker": "HIGHCHI-24APR23-T64",
            "count": 75,
            "created_time": "2024-04-22T19:28:38.266363Z",
            "yes_price": 16,
            "no_price": 84,
            "taker_side": "yes"
        },
        {
            "trade_id": "85ecd761-10bb-423b-a390-92e669b5b9f4",
            "ticker": "HIGHCHI-24APR23-T64",
            "count": 150,
            "created_time": "2024-04-22T19:28:38.266363Z",
            "yes_price": 18,
            "no_price": 82,
            "taker_side": "yes"
        },
        {
            "trade_id": "01bf1fe4-690a-41af-b847-ca945baf924e",
            "ticker": "HIGHCHI-24APR23-T64",
            "count": 150,
            "created_time": "2024-04-22T19:28:38.266363Z",
            "yes_price": 19,
            "no_price": 81,
            "taker_side": "yes"
        },
        {
            "trade_id": "28982e6a-053c-45a3-ac7f-afd954ac0172",
            "ticker": "HIGHCHI-24APR23-T64",
            "count": 10,
            "created_time": "2024-04-22T18:35:21.032025Z",
            "yes_price": 13,
            "no_price": 87,
            "taker_side": "no"
        },
        {
            "trade_id": "882a04f0-dfc7-499c-a322-a7db85bde356",
            "ticker": "HIGHCHI-24APR23-T64",
            "count": 10,
            "created_time": "2024-04-22T17:30:24.984135Z",
            "yes_price": 22,
            "no_price": 78,
            "taker_side": "no"
        },
        {
            "trade_id": "6d45c2a8-b24c-4794-a29c-4936398fbab2",
            "ticker": "HIGHCHI-24APR23-T64",
            "count": 5,
            "created_time": "2024-04-22T17:06:44.417052Z",
            "yes_price": 24,
            "no_price": 76,
            "taker_side": "no"
        },
        {
            "trade_id": "0bf2ad41-ead5-4423-985c-25488eceeb61",
            "ticker": "HIGHCHI-24APR23-T64",
            "count": 25,
            "created_time": "2024-04-22T15:50:47.895525Z",
            "yes_price": 24,
            "no_price": 76,
            "taker_side": "no"
        },
        {
            "trade_id": "2d089e27-6712-4527-b9cc-e891f05efded",
            "ticker": "HIGHCHI-24APR23-T64",
            "count": 10,
            "created_time": "2024-04-22T14:48:36.103163Z",
            "yes_price": 10,
            "no_price": 90,
            "taker_side": "yes"
        }
    ],
    "HIGHCHI-24APR23-B64.5": [
        {
            "trade_id": "b35410f1-d177-4792-a843-67a888203582",
            "ticker": "HIGHCHI-24APR23-B64.5",
            "count": 3,
            "created_time": "2024-04-24T00:02:26.912493Z",
            "yes_price": 85,
            "no_price": 15,
            "taker_side": "no"
        },
        {
            "trade_id": "381f0cb6-b35d-4d09-a465-f8836dae8721",
            "ticker": "HIGHCHI-24APR23-B64.5",
            "count": 17,
            "created_time": "2024-04-24T00:01:57.621532Z",
            "yes_price": 85,
            "no_price": 15,
            "taker_side": "no"
        },
        {
            "trade_id": "1e23d17d-cf3a-4011-a10c-e717829b5dcb",
            "ticker": "HIGHCHI-24APR23-B64.5",
            "count": 1,
            "created_time": "2024-04-24T00:01:57.621532Z",
            "yes_price": 86,
            "no_price": 14,
            "taker_side": "no"
        },
        {
            "trade_id": "98628d75-dd5b-4902-b542-51daafc5ac3c",
            "ticker": "HIGHCHI-24APR23-B64.5",
            "count": 1,
            "created_time": "2024-04-23T21:19:05.420202Z",
            "yes_price": 91,
            "no_price": 9,
            "taker_side": "no"
        },
        {
            "trade_id": "4b8c43ea-8741-48b2-9da2-07b3e22783d7",
            "ticker": "HIGHCHI-24APR23-B64.5",
            "count": 16,
            "created_time": "2024-04-23T21:04:54.607014Z",
            "yes_price": 40,
            "no_price": 60,
            "taker_side": "no"
        },
        {
            "trade_id": "a758d65b-fa3e-4645-8420-8e4d41e5ceaa",
            "ticker": "HIGHCHI-24APR23-B64.5",
            "count": 6,
            "created_time": "2024-04-23T20:23:52.768358Z",
            "yes_price": 12,
            "no_price": 88,
            "taker_side": "no"
        },
        {
            "trade_id": "1715f08d-f865-4516-afe0-14be269be648",
            "ticker": "HIGHCHI-24APR23-B64.5",
            "count": 2,
            "created_time": "2024-04-23T16:35:07.160475Z",
            "yes_price": 1,
            "no_price": 99,
            "taker_side": "no"
        },
        {
            "trade_id": "c602d1bb-f316-44fb-8c42-12f82a8ac51f",
            "ticker": "HIGHCHI-24APR23-B64.5",
            "count": 15,
            "created_time": "2024-04-23T14:21:27.528511Z",
            "yes_price": 21,
            "no_price": 79,
            "taker_side": "no"
        },
        {
            "trade_id": "9bfc6d51-447f-426f-82d2-d8a0a153f27e",
            "ticker": "HIGHCHI-24APR23-B64.5",
            "count": 82,
            "created_time": "2024-04-23T13:57:47.021181Z",
            "yes_price": 29,
            "no_price": 71,
            "taker_side": "yes"
        },
        {
            "trade_id": "9ab7510f-3ab8-4978-980c-ff3bbd6a6c23",
            "ticker": "HIGHCHI-24APR23-B64.5",
            "count": 33,
            "created_time": "2024-04-23T13:57:47.021181Z",
            "yes_price": 27,
            "no_price": 73,
            "taker_side": "yes"
        },
        {
            "trade_id": "3fe94465-e942-4283-b591-65fa1dda390a",
            "ticker": "HIGHCHI-24APR23-B64.5",
            "count": 1,
            "created_time": "2024-04-23T13:57:47.021181Z",
            "yes_price": 26,
            "no_price": 74,
            "taker_side": "yes"
        },
        {
            "trade_id": "ac9bc494-d902-4e8e-88d0-726a6759ba23",
            "ticker": "HIGHCHI-24APR23-B64.5",
            "count": 16,
            "created_time": "2024-04-23T13:56:27.978032Z",
            "yes_price": 21,
            "no_price": 79,
            "taker_side": "no"
        },
        {
            "trade_id": "b6b11dcc-ebb4-49f8-9da9-a209abfc4515",
            "ticker": "HIGHCHI-24APR23-B64.5",
            "count": 14,
            "created_time": "2024-04-23T13:55:44.293368Z",
            "yes_price": 24,
            "no_price": 76,
            "taker_side": "yes"
        },
        {
            "trade_id": "69d3ca7d-8eb3-4e82-9361-86443fbcd54a",
            "ticker": "HIGHCHI-24APR23-B64.5",
            "count": 4,
            "created_time": "2024-04-23T13:55:44.293368Z",
            "yes_price": 28,
            "no_price": 72,
            "taker_side": "yes"
        },
        {
            "trade_id": "34f334d6-5e69-4a53-9a6b-b70b05d1559a",
            "ticker": "HIGHCHI-24APR23-B64.5",
            "count": 3,
            "created_time": "2024-04-23T13:54:36.163754Z",
            "yes_price": 24,
            "no_price": 76,
            "taker_side": "yes"
        },
        {
            "trade_id": "5f5ce7de-8f67-4b91-aca0-d802cae20478",
            "ticker": "HIGHCHI-24APR23-B64.5",
            "count": 1,
            "created_time": "2024-04-23T13:41:40.126836Z",
            "yes_price": 24,
            "no_price": 76,
            "taker_side": "yes"
        },
        {
            "trade_id": "86a97cb6-a399-45a1-a745-63e250c84426",
            "ticker": "HIGHCHI-24APR23-B64.5",
            "count": 24,
            "created_time": "2024-04-23T13:40:40.681691Z",
            "yes_price": 23,
            "no_price": 77,
            "taker_side": "no"
        },
        {
            "trade_id": "7041caeb-f448-4a6c-beb4-522adf9c23a6",
            "ticker": "HIGHCHI-24APR23-B64.5",
            "count": 18,
            "created_time": "2024-04-23T13:40:33.472769Z",
            "yes_price": 24,
            "no_price": 76,
            "taker_side": "no"
        },
        {
            "trade_id": "bd0e089d-5b77-412e-981f-2bec2fdc706f",
            "ticker": "HIGHCHI-24APR23-B64.5",
            "count": 30,
            "created_time": "2024-04-23T13:36:39.569803Z",
            "yes_price": 28,
            "no_price": 72,
            "taker_side": "no"
        },
        {
            "trade_id": "c3bfc79b-bff6-4706-bdc1-28169538cf2e",
            "ticker": "HIGHCHI-24APR23-B64.5",
            "count": 6,
            "created_time": "2024-04-23T13:36:32.55042Z",
            "yes_price": 27,
            "no_price": 73,
            "taker_side": "no"
        },
        {
            "trade_id": "b7fc6e24-dc82-4314-b38c-c2e8a73b5e6e",
            "ticker": "HIGHCHI-24APR23-B64.5",
            "count": 18,
            "created_time": "2024-04-23T13:36:32.55042Z",
            "yes_price": 28,
            "no_price": 72,
            "taker_side": "no"
        },
        {
            "trade_id": "cf6a06f7-87da-47b2-bdf5-c3afa3dccc9e",
            "ticker": "HIGHCHI-24APR23-B64.5",
            "count": 23,
            "created_time": "2024-04-23T13:32:32.205719Z",
            "yes_price": 33,
            "no_price": 67,
            "taker_side": "no"
        },
        {
            "trade_id": "afe5db9f-4c02-41fe-9908-165a7c19f30f",
            "ticker": "HIGHCHI-24APR23-B64.5",
            "count": 5,
            "created_time": "2024-04-23T13:26:00.798666Z",
            "yes_price": 40,
            "no_price": 60,
            "taker_side": "yes"
        },
        {
            "trade_id": "15959361-d710-4ada-a39b-98da940eff48",
            "ticker": "HIGHCHI-24APR23-B64.5",
            "count": 13,
            "created_time": "2024-04-23T13:26:00.798666Z",
            "yes_price": 39,
            "no_price": 61,
            "taker_side": "yes"
        },
        {
            "trade_id": "a6bc6543-cabc-4a39-8f24-387b34142c5f",
            "ticker": "HIGHCHI-24APR23-B64.5",
            "count": 1,
            "created_time": "2024-04-23T12:41:46.828459Z",
            "yes_price": 38,
            "no_price": 62,
            "taker_side": "yes"
        },
        {
            "trade_id": "f2338f00-c949-4379-b53f-28e7aa622865",
            "ticker": "HIGHCHI-24APR23-B64.5",
            "count": 10,
            "created_time": "2024-04-23T12:03:58.365027Z",
            "yes_price": 33,
            "no_price": 67,
            "taker_side": "no"
        },
        {
            "trade_id": "7e3b485e-e72f-4d13-912f-8cd267653048",
            "ticker": "HIGHCHI-24APR23-B64.5",
            "count": 150,
            "created_time": "2024-04-23T12:01:57.944826Z",
            "yes_price": 39,
            "no_price": 61,
            "taker_side": "yes"
        },
        {
            "trade_id": "425e1234-300b-4383-8aa1-a80626fd7336",
            "ticker": "HIGHCHI-24APR23-B64.5",
            "count": 75,
            "created_time": "2024-04-23T12:01:57.944826Z",
            "yes_price": 37,
            "no_price": 63,
            "taker_side": "yes"
        },
        {
            "trade_id": "cd20b2e0-2e78-44e5-b9d9-3569c41811bc",
            "ticker": "HIGHCHI-24APR23-B64.5",
            "count": 3,
            "created_time": "2024-04-23T12:01:15.469027Z",
            "yes_price": 37,
            "no_price": 63,
            "taker_side": "yes"
        },
        {
            "trade_id": "175d87db-61ff-4129-b342-5c70dc497732",
            "ticker": "HIGHCHI-24APR23-B64.5",
            "count": 120,
            "created_time": "2024-04-23T01:29:32.630942Z",
            "yes_price": 19,
            "no_price": 81,
            "taker_side": "yes"
        },
        {
            "trade_id": "7cffe892-e1e0-4d21-aceb-a53158743cdd",
            "ticker": "HIGHCHI-24APR23-B64.5",
            "count": 120,
            "created_time": "2024-04-23T01:29:22.08919Z",
            "yes_price": 18,
            "no_price": 82,
            "taker_side": "yes"
        },
        {
            "trade_id": "9c54de7d-6bfd-4549-a95e-3715d8679267",
            "ticker": "HIGHCHI-24APR23-B64.5",
            "count": 105,
            "created_time": "2024-04-23T01:29:08.727355Z",
            "yes_price": 17,
            "no_price": 83,
            "taker_side": "yes"
        },
        {
            "trade_id": "37c91e64-1ca8-4fb5-9ecd-97483568c4fa",
            "ticker": "HIGHCHI-24APR23-B64.5",
            "count": 3,
            "created_time": "2024-04-22T23:30:26.580488Z",
            "yes_price": 12,
            "no_price": 88,
            "taker_side": "no"
        },
        {
            "trade_id": "809458fd-10d4-42b6-9c97-db7e238f096c",
            "ticker": "HIGHCHI-24APR23-B64.5",
            "count": 2,
            "created_time": "2024-04-22T22:10:55.256051Z",
            "yes_price": 12,
            "no_price": 88,
            "taker_side": "no"
        },
        {
            "trade_id": "bfb0f2df-b170-4c82-89fd-ca8b64257373",
            "ticker": "HIGHCHI-24APR23-B64.5",
            "count": 1,
            "created_time": "2024-04-22T21:59:46.672881Z",
            "yes_price": 12,
            "no_price": 88,
            "taker_side": "no"
        },
        {
            "trade_id": "44503d41-92b2-47b3-885a-3baa99c93d9d",
            "ticker": "HIGHCHI-24APR23-B64.5",
            "count": 1,
            "created_time": "2024-04-22T19:34:43.451318Z",
            "yes_price": 19,
            "no_price": 81,
            "taker_side": "no"
        },
        {
            "trade_id": "61eecf66-83d7-4b89-b34d-f68ec11b9d65",
            "ticker": "HIGHCHI-24APR23-B64.5",
            "count": 10,
            "created_time": "2024-04-22T18:35:21.079829Z",
            "yes_price": 22,
            "no_price": 78,
            "taker_side": "no"
        },
        {
            "trade_id": "425eba67-8b18-40c2-af12-e9f440b283f3",
            "ticker": "HIGHCHI-24APR23-B64.5",
            "count": 10,
            "created_time": "2024-04-22T17:30:25.013053Z",
            "yes_price": 26,
            "no_price": 74,
            "taker_side": "no"
        },
        {
            "trade_id": "dc5e3400-a4d3-46ac-9f63-f8b616e42c3a",
            "ticker": "HIGHCHI-24APR23-B64.5",
            "count": 10,
            "created_time": "2024-04-22T17:30:22.241638Z",
            "yes_price": 26,
            "no_price": 74,
            "taker_side": "no"
        },
        {
            "trade_id": "8b919419-a801-4593-8afa-07eefe2c59ba",
            "ticker": "HIGHCHI-24APR23-B64.5",
            "count": 5,
            "created_time": "2024-04-22T17:07:36.315456Z",
            "yes_price": 26,
            "no_price": 74,
            "taker_side": "no"
        },
        {
            "trade_id": "d2ec002a-23ec-493e-9d2f-7c49b2052015",
            "ticker": "HIGHCHI-24APR23-B64.5",
            "count": 5,
            "created_time": "2024-04-22T14:41:06.242394Z",
            "yes_price": 16,
            "no_price": 84,
            "taker_side": "no"
        },
        {
            "trade_id": "85a93aaf-daf0-4c83-9603-ba5b883051ba",
            "ticker": "HIGHCHI-24APR23-B64.5",
            "count": 10,
            "created_time": "2024-04-22T14:36:28.072086Z",
            "yes_price": 12,
            "no_price": 88,
            "taker_side": "yes"
        },
        {
            "trade_id": "e59289e2-4e80-4c8b-9331-1a51db69e485",
            "ticker": "HIGHCHI-24APR23-B64.5",
            "count": 10,
            "created_time": "2024-04-22T14:21:53.698004Z",
            "yes_price": 11,
            "no_price": 89,
            "taker_side": "no"
        }
    ],
    "HIGHCHI-24APR23-B66.5": [
        {
            "trade_id": "f1007009-3da1-46e9-8f71-af762c8e3aab",
            "ticker": "HIGHCHI-24APR23-B66.5",
            "count": 1,
            "created_time": "2024-04-23T22:47:18.932648Z",
            "yes_price": 2,
            "no_price": 98,
            "taker_side": "no"
        },
        {
            "trade_id": "eacad708-fb20-46e0-bdab-f78e6bc3377c",
            "ticker": "HIGHCHI-24APR23-B66.5",
            "count": 998,
            "created_time": "2024-04-23T22:47:18.932648Z",
            "yes_price": 2,
            "no_price": 98,
            "taker_side": "no"
        },
        {
            "trade_id": "8325e7e3-8104-4d7b-a92e-5ba7653804a5",
            "ticker": "HIGHCHI-24APR23-B66.5",
            "count": 100,
            "created_time": "2024-04-23T22:29:16.081823Z",
            "yes_price": 2,
            "no_price": 98,
            "taker_side": "no"
        },
        {
            "trade_id": "ac5200c5-04bc-4d7b-8a3a-3865e4e9e739",
            "ticker": "HIGHCHI-24APR23-B66.5",
            "count": 2,
            "created_time": "2024-04-23T22:10:43.491282Z",
            "yes_price": 2,
            "no_price": 98,
            "taker_side": "no"
        },
        {
            "trade_id": "0884b4c2-e6f8-4be2-b171-63894d3e5570",
            "ticker": "HIGHCHI-24APR23-B66.5",
            "count": 250,
            "created_time": "2024-04-23T21:17:59.664838Z",
            "yes_price": 6,
            "no_price": 94,
            "taker_side": "no"
        },
        {
            "trade_id": "f3818200-aa33-46b4-899c-c9d11188af28",
            "ticker": "HIGHCHI-24APR23-B66.5",
            "count": 500,
            "created_time": "2024-04-23T20:59:09.4855Z",
            "yes_price": 1,
            "no_price": 99,
            "taker_side": "no"
        },
        {
            "trade_id": "c7530b57-e230-4586-8c6d-17372eeceb4c",
            "ticker": "HIGHCHI-24APR23-B66.5",
            "count": 300,
            "created_time": "2024-04-23T20:39:03.012849Z",
            "yes_price": 3,
            "no_price": 97,
            "taker_side": "no"
        },
        {
            "trade_id": "a9bfe1ab-9553-461d-9df1-683bffa24f88",
            "ticker": "HIGHCHI-24APR23-B66.5",
            "count": 162,
            "created_time": "2024-04-23T20:23:28.887315Z",
            "yes_price": 3,
            "no_price": 97,
            "taker_side": "no"
        },
        {
            "trade_id": "8c7863e9-e1fc-45e4-b840-59b8d881c838",
            "ticker": "HIGHCHI-24APR23-B66.5",
            "count": 333,
            "created_time": "2024-04-23T20:16:48.483209Z",
            "yes_price": 3,
            "no_price": 97,
            "taker_side": "no"
        },
        {
            "trade_id": "afa61b09-6fce-4bf3-bb1b-7ecb44d92e33",
            "ticker": "HIGHCHI-24APR23-B66.5",
            "count": 300,
            "created_time": "2024-04-23T20:13:19.34594Z",
            "yes_price": 5,
            "no_price": 95,
            "taker_side": "no"
        },
        {
            "trade_id": "b03d6c22-52d0-4678-bd97-30f1a37e496f",
            "ticker": "HIGHCHI-24APR23-B66.5",
            "count": 5,
            "created_time": "2024-04-23T18:34:48.929989Z",
            "yes_price": 3,
            "no_price": 97,
            "taker_side": "no"
        },
        {
            "trade_id": "33be6a5e-5450-496c-a423-2bbc84ebc5ae",
            "ticker": "HIGHCHI-24APR23-B66.5",
            "count": 15,
            "created_time": "2024-04-23T14:21:27.522664Z",
            "yes_price": 14,
            "no_price": 86,
            "taker_side": "no"
        },
        {
            "trade_id": "24ec03a9-931e-4f3c-bca3-c0d02029fab4",
            "ticker": "HIGHCHI-24APR23-B66.5",
            "count": 1,
            "created_time": "2024-04-23T13:57:47.135505Z",
            "yes_price": 14,
            "no_price": 86,
            "taker_side": "no"
        },
        {
            "trade_id": "40690735-bd19-4503-abf4-338508ca4b3f",
            "ticker": "HIGHCHI-24APR23-B66.5",
            "count": 16,
            "created_time": "2024-04-23T13:56:27.950694Z",
            "yes_price": 14,
            "no_price": 86,
            "taker_side": "no"
        },
        {
            "trade_id": "0b51178b-0620-47c2-9cac-63a456e6e9e7",
            "ticker": "HIGHCHI-24APR23-B66.5",
            "count": 4,
            "created_time": "2024-04-23T13:55:44.375836Z",
            "yes_price": 14,
            "no_price": 86,
            "taker_side": "no"
        },
        {
            "trade_id": "8f31b8b8-6331-437c-a9d1-921736580e78",
            "ticker": "HIGHCHI-24APR23-B66.5",
            "count": 24,
            "created_time": "2024-04-23T13:40:40.68076Z",
            "yes_price": 14,
            "no_price": 86,
            "taker_side": "no"
        },
        {
            "trade_id": "ee25bcb1-f08e-4cc8-b960-c4a27f534743",
            "ticker": "HIGHCHI-24APR23-B66.5",
            "count": 18,
            "created_time": "2024-04-23T13:40:33.492133Z",
            "yes_price": 14,
            "no_price": 86,
            "taker_side": "no"
        },
        {
            "trade_id": "99c7ab6a-c626-4fbb-a45d-bd79586cb79c",
            "ticker": "HIGHCHI-24APR23-B66.5",
            "count": 18,
            "created_time": "2024-04-23T13:40:33.445598Z",
            "yes_price": 14,
            "no_price": 86,
            "taker_side": "no"
        },
        {
            "trade_id": "6490e954-62f9-4da4-81bc-0a91f2de64ae",
            "ticker": "HIGHCHI-24APR23-B66.5",
            "count": 30,
            "created_time": "2024-04-23T13:36:39.568538Z",
            "yes_price": 14,
            "no_price": 86,
            "taker_side": "no"
        },
        {
            "trade_id": "642c9374-0858-4dbb-9167-a60b8a67de58",
            "ticker": "HIGHCHI-24APR23-B66.5",
            "count": 24,
            "created_time": "2024-04-23T13:36:32.54794Z",
            "yes_price": 14,
            "no_price": 86,
            "taker_side": "no"
        },
        {
            "trade_id": "cc2796bc-d818-4e89-a385-7b900f673972",
            "ticker": "HIGHCHI-24APR23-B66.5",
            "count": 23,
            "created_time": "2024-04-23T13:32:32.188035Z",
            "yes_price": 17,
            "no_price": 83,
            "taker_side": "no"
        },
        {
            "trade_id": "cbed521d-2f34-4654-a6a8-9128f97af87e",
            "ticker": "HIGHCHI-24APR23-B66.5",
            "count": 77,
            "created_time": "2024-04-23T13:32:32.08749Z",
            "yes_price": 17,
            "no_price": 83,
            "taker_side": "no"
        },
        {
            "trade_id": "d5141164-4c1f-47c0-b205-a122ec444687",
            "ticker": "HIGHCHI-24APR23-B66.5",
            "count": 25,
            "created_time": "2024-04-23T13:32:32.044458Z",
            "yes_price": 19,
            "no_price": 81,
            "taker_side": "no"
        },
        {
            "trade_id": "8056dc11-d2c0-43e3-b73a-3bd471642cda",
            "ticker": "HIGHCHI-24APR23-B66.5",
            "count": 13,
            "created_time": "2024-04-23T13:26:00.929852Z",
            "yes_price": 19,
            "no_price": 81,
            "taker_side": "no"
        },
        {
            "trade_id": "aad03da7-4ae5-4b7c-ab9c-dc5185628a41",
            "ticker": "HIGHCHI-24APR23-B66.5",
            "count": 31,
            "created_time": "2024-04-23T13:25:13.653098Z",
            "yes_price": 19,
            "no_price": 81,
            "taker_side": "no"
        },
        {
            "trade_id": "aea85071-7598-4888-871e-72db71a24e7c",
            "ticker": "HIGHCHI-24APR23-B66.5",
            "count": 1,
            "created_time": "2024-04-23T12:41:46.900754Z",
            "yes_price": 19,
            "no_price": 81,
            "taker_side": "no"
        },
        {
            "trade_id": "3d2b0e47-6f97-4e8b-8077-b403ffb878bf",
            "ticker": "HIGHCHI-24APR23-B66.5",
            "count": 5,
            "created_time": "2024-04-23T12:40:13.195966Z",
            "yes_price": 23,
            "no_price": 77,
            "taker_side": "yes"
        },
        {
            "trade_id": "a53ac187-c2f0-490c-ada3-41cc88e21b2a",
            "ticker": "HIGHCHI-24APR23-B66.5",
            "count": 7,
            "created_time": "2024-04-23T12:04:48.081839Z",
            "yes_price": 18,
            "no_price": 82,
            "taker_side": "no"
        },
        {
            "trade_id": "e0411392-2479-46af-83a6-60b0c6f3c195",
            "ticker": "HIGHCHI-24APR23-B66.5",
            "count": 30,
            "created_time": "2024-04-23T12:04:34.295125Z",
            "yes_price": 22,
            "no_price": 78,
            "taker_side": "yes"
        },
        {
            "trade_id": "3e3a78be-edb7-4559-b671-6077f80bd6af",
            "ticker": "HIGHCHI-24APR23-B66.5",
            "count": 150,
            "created_time": "2024-04-23T12:04:34.295125Z",
            "yes_price": 24,
            "no_price": 76,
            "taker_side": "yes"
        },
        {
            "trade_id": "14ceaa84-014d-4867-9c76-9724b8fa9ba3",
            "ticker": "HIGHCHI-24APR23-B66.5",
            "count": 30,
            "created_time": "2024-04-23T02:03:28.513135Z",
            "yes_price": 36,
            "no_price": 64,
            "taker_side": "yes"
        },
        {
            "trade_id": "9742121f-8ce9-4e4e-8077-9d6f461e90cb",
            "ticker": "HIGHCHI-24APR23-B66.5",
            "count": 150,
            "created_time": "2024-04-23T01:39:59.678561Z",
            "yes_price": 34,
            "no_price": 66,
            "taker_side": "yes"
        },
        {
            "trade_id": "3b7c7cc4-7a34-4c81-b4f1-b89971abea45",
            "ticker": "HIGHCHI-24APR23-B66.5",
            "count": 90,
            "created_time": "2024-04-23T01:39:59.678561Z",
            "yes_price": 32,
            "no_price": 68,
            "taker_side": "yes"
        },
        {
            "trade_id": "19a1e65a-2f5b-4eed-85fe-062b55aa3b9a",
            "ticker": "HIGHCHI-24APR23-B66.5",
            "count": 150,
            "created_time": "2024-04-23T01:39:59.678561Z",
            "yes_price": 36,
            "no_price": 64,
            "taker_side": "yes"
        },
        {
            "trade_id": "74688bd3-bc13-48b7-8440-1a00fdb653b7",
            "ticker": "HIGHCHI-24APR23-B66.5",
            "count": 1,
            "created_time": "2024-04-23T01:27:52.239082Z",
            "yes_price": 26,
            "no_price": 74,
            "taker_side": "no"
        },
        {
            "trade_id": "13a166d9-a7d7-4d1a-9672-5db8ed2c31bd",
            "ticker": "HIGHCHI-24APR23-B66.5",
            "count": 45,
            "created_time": "2024-04-22T22:13:43.472439Z",
            "yes_price": 29,
            "no_price": 71,
            "taker_side": "yes"
        },
        {
            "trade_id": "07df70b5-45f4-46ba-84ec-f6747b8de4c8",
            "ticker": "HIGHCHI-24APR23-B66.5",
            "count": 55,
            "created_time": "2024-04-22T22:13:43.472439Z",
            "yes_price": 31,
            "no_price": 69,
            "taker_side": "yes"
        },
        {
            "trade_id": "f5090b54-d10f-4a7f-a516-f5bb502f541d",
            "ticker": "HIGHCHI-24APR23-B66.5",
            "count": 10,
            "created_time": "2024-04-22T20:23:17.046258Z",
            "yes_price": 32,
            "no_price": 68,
            "taker_side": "yes"
        },
        {
            "trade_id": "8800e31f-1bb3-405d-936c-0e3f469880b9",
            "ticker": "HIGHCHI-24APR23-B66.5",
            "count": 5,
            "created_time": "2024-04-22T20:23:17.046258Z",
            "yes_price": 31,
            "no_price": 69,
            "taker_side": "yes"
        },
        {
            "trade_id": "eff86967-ce8c-44a1-99d1-20ea9cbf3914",
            "ticker": "HIGHCHI-24APR23-B66.5",
            "count": 10,
            "created_time": "2024-04-22T18:35:21.050887Z",
            "yes_price": 28,
            "no_price": 72,
            "taker_side": "no"
        },
        {
            "trade_id": "0de2ec9f-9237-44dd-99c2-3c399123df57",
            "ticker": "HIGHCHI-24APR23-B66.5",
            "count": 10,
            "created_time": "2024-04-22T18:35:19.349673Z",
            "yes_price": 28,
            "no_price": 72,
            "taker_side": "no"
        },
        {
            "trade_id": "947df4d2-8c32-444f-88f0-eff6cd37abbe",
            "ticker": "HIGHCHI-24APR23-B66.5",
            "count": 10,
            "created_time": "2024-04-22T17:30:24.999314Z",
            "yes_price": 25,
            "no_price": 75,
            "taker_side": "no"
        },
        {
            "trade_id": "a7bedfa6-231f-4a73-883f-e30f1a8b2288",
            "ticker": "HIGHCHI-24APR23-B66.5",
            "count": 10,
            "created_time": "2024-04-22T17:30:23.236098Z",
            "yes_price": 25,
            "no_price": 75,
            "taker_side": "no"
        },
        {
            "trade_id": "d512dacc-4ad6-4ace-bf39-72931f4aff1b",
            "ticker": "HIGHCHI-24APR23-B66.5",
            "count": 2,
            "created_time": "2024-04-22T14:15:06.67Z",
            "yes_price": 32,
            "no_price": 68,
            "taker_side": "yes"
        },
        {
            "trade_id": "36943d80-961a-4059-ae42-81e6ca94afc0",
            "ticker": "HIGHCHI-24APR23-B66.5",
            "count": 29,
            "created_time": "2024-04-22T14:15:06.67Z",
            "yes_price": 30,
            "no_price": 70,
            "taker_side": "yes"
        },
        {
            "trade_id": "b8c1ef99-9f4c-4190-9c18-ef74398764a1",
            "ticker": "HIGHCHI-24APR23-B66.5",
            "count": 10,
            "created_time": "2024-04-22T14:14:23.989887Z",
            "yes_price": 23,
            "no_price": 77,
            "taker_side": "no"
        }
    ],
    "HIGHCHI-24APR23-B68.5": [
        {
            "trade_id": "e1f366a4-9662-4594-9dc3-870925d8151c",
            "ticker": "HIGHCHI-24APR23-B68.5",
            "count": 700,
            "created_time": "2024-04-23T20:36:48.858277Z",
            "yes_price": 1,
            "no_price": 99,
            "taker_side": "yes"
        },
        {
            "trade_id": "24171134-017a-42e6-9cd8-c1aa8a814729",
            "ticker": "HIGHCHI-24APR23-B68.5",
            "count": 400,
            "created_time": "2024-04-23T20:01:50.41525Z",
            "yes_price": 1,
            "no_price": 99,
            "taker_side": "no"
        },
        {
            "trade_id": "48205f20-77fd-4599-a1f0-71192fae1cad",
            "ticker": "HIGHCHI-24APR23-B68.5",
            "count": 495,
            "created_time": "2024-04-23T18:26:33.890803Z",
            "yes_price": 3,
            "no_price": 97,
            "taker_side": "no"
        },
        {
            "trade_id": "1e0b27a8-e547-4058-a615-7289efd69326",
            "ticker": "HIGHCHI-24APR23-B68.5",
            "count": 5,
            "created_time": "2024-04-23T18:16:28.828343Z",
            "yes_price": 3,
            "no_price": 97,
            "taker_side": "no"
        },
        {
            "trade_id": "e4eebaea-2781-45a1-a33e-fd8ef6e0768c",
            "ticker": "HIGHCHI-24APR23-B68.5",
            "count": 234,
            "created_time": "2024-04-23T16:26:36.347652Z",
            "yes_price": 3,
            "no_price": 97,
            "taker_side": "no"
        },
        {
            "trade_id": "74bb6745-217a-4c5f-b150-4bb69a3abc2d",
            "ticker": "HIGHCHI-24APR23-B68.5",
            "count": 15,
            "created_time": "2024-04-23T14:21:27.574767Z",
            "yes_price": 3,
            "no_price": 97,
            "taker_side": "no"
        },
        {
            "trade_id": "d1afa25a-df0a-41db-a4d7-21164877a41f",
            "ticker": "HIGHCHI-24APR23-B68.5",
            "count": 1,
            "created_time": "2024-04-23T14:01:40.244728Z",
            "yes_price": 3,
            "no_price": 97,
            "taker_side": "no"
        },
        {
            "trade_id": "3ae29ad8-3a83-430b-b2fd-c99aafa3479e",
            "ticker": "HIGHCHI-24APR23-B68.5",
            "count": 1,
            "created_time": "2024-04-23T13:57:47.143704Z",
            "yes_price": 4,
            "no_price": 96,
            "taker_side": "no"
        },
        {
            "trade_id": "3fe02d7e-5d56-4136-a0ac-a30153b0cb38",
            "ticker": "HIGHCHI-24APR23-B68.5",
            "count": 71,
            "created_time": "2024-04-23T13:57:21.36402Z",
            "yes_price": 6,
            "no_price": 94,
            "taker_side": "no"
        },
        {
            "trade_id": "232b160b-797b-4c88-9479-4b702f82c7a8",
            "ticker": "HIGHCHI-24APR23-B68.5",
            "count": 16,
            "created_time": "2024-04-23T13:56:27.953869Z",
            "yes_price": 6,
            "no_price": 94,
            "taker_side": "no"
        },
        {
            "trade_id": "c2675405-756e-42f9-8b12-20648671458c",
            "ticker": "HIGHCHI-24APR23-B68.5",
            "count": 4,
            "created_time": "2024-04-23T13:55:44.373868Z",
            "yes_price": 6,
            "no_price": 94,
            "taker_side": "no"
        },
        {
            "trade_id": "b28e5536-8c92-45d5-b57e-5236d62b404b",
            "ticker": "HIGHCHI-24APR23-B68.5",
            "count": 4,
            "created_time": "2024-04-23T13:52:59.797694Z",
            "yes_price": 6,
            "no_price": 94,
            "taker_side": "no"
        },
        {
            "trade_id": "ff9b19af-fadc-4335-a6ad-9ba1399afe11",
            "ticker": "HIGHCHI-24APR23-B68.5",
            "count": 24,
            "created_time": "2024-04-23T13:40:40.700665Z",
            "yes_price": 6,
            "no_price": 94,
            "taker_side": "no"
        },
        {
            "trade_id": "ef15be5f-3ba6-4f91-b9df-88dc32f705f0",
            "ticker": "HIGHCHI-24APR23-B68.5",
            "count": 18,
            "created_time": "2024-04-23T13:40:33.489276Z",
            "yes_price": 6,
            "no_price": 94,
            "taker_side": "no"
        },
        {
            "trade_id": "2e8e9f05-9c78-4ddf-bac2-fe8e516dff95",
            "ticker": "HIGHCHI-24APR23-B68.5",
            "count": 18,
            "created_time": "2024-04-23T13:40:33.470783Z",
            "yes_price": 6,
            "no_price": 94,
            "taker_side": "no"
        },
        {
            "trade_id": "46b453c3-51f3-4b77-b6df-c9c71baa16a6",
            "ticker": "HIGHCHI-24APR23-B68.5",
            "count": 30,
            "created_time": "2024-04-23T13:36:39.566122Z",
            "yes_price": 6,
            "no_price": 94,
            "taker_side": "no"
        },
        {
            "trade_id": "1c9d9e32-e5c1-43ee-8451-6926ef9ef98b",
            "ticker": "HIGHCHI-24APR23-B68.5",
            "count": 24,
            "created_time": "2024-04-23T13:36:32.549271Z",
            "yes_price": 6,
            "no_price": 94,
            "taker_side": "no"
        },
        {
            "trade_id": "8cb1090f-b50b-4635-9807-cebb1915b957",
            "ticker": "HIGHCHI-24APR23-B68.5",
            "count": 23,
            "created_time": "2024-04-23T13:32:32.204883Z",
            "yes_price": 6,
            "no_price": 94,
            "taker_side": "no"
        },
        {
            "trade_id": "2a332c01-905f-4af4-8d2e-08028e213156",
            "ticker": "HIGHCHI-24APR23-B68.5",
            "count": 13,
            "created_time": "2024-04-23T13:26:00.909584Z",
            "yes_price": 6,
            "no_price": 94,
            "taker_side": "no"
        },
        {
            "trade_id": "a57c8f1a-b425-4633-a0cf-34ed2df05ff9",
            "ticker": "HIGHCHI-24APR23-B68.5",
            "count": 1,
            "created_time": "2024-04-23T12:41:46.891067Z",
            "yes_price": 6,
            "no_price": 94,
            "taker_side": "no"
        },
        {
            "trade_id": "ab71ed4e-3a02-4a45-a061-ade04cbfa801",
            "ticker": "HIGHCHI-24APR23-B68.5",
            "count": 4,
            "created_time": "2024-04-23T12:05:14.08692Z",
            "yes_price": 6,
            "no_price": 94,
            "taker_side": "no"
        },
        {
            "trade_id": "8e3ca8bb-5743-430e-abb0-faf8940480c0",
            "ticker": "HIGHCHI-24APR23-B68.5",
            "count": 105,
            "created_time": "2024-04-23T02:48:53.303409Z",
            "yes_price": 15,
            "no_price": 85,
            "taker_side": "no"
        },
        {
            "trade_id": "0d879137-93a5-4368-b9f9-85f1f53db279",
            "ticker": "HIGHCHI-24APR23-B68.5",
            "count": 120,
            "created_time": "2024-04-23T02:45:23.206456Z",
            "yes_price": 16,
            "no_price": 84,
            "taker_side": "no"
        },
        {
            "trade_id": "20d51656-d260-4025-ab71-22cd5575bbcb",
            "ticker": "HIGHCHI-24APR23-B68.5",
            "count": 105,
            "created_time": "2024-04-23T02:45:12.939921Z",
            "yes_price": 17,
            "no_price": 83,
            "taker_side": "no"
        },
        {
            "trade_id": "d8c92320-04e0-46a1-8203-b5fc016af607",
            "ticker": "HIGHCHI-24APR23-B68.5",
            "count": 60,
            "created_time": "2024-04-23T02:45:02.76725Z",
            "yes_price": 18,
            "no_price": 82,
            "taker_side": "no"
        },
        {
            "trade_id": "5b10b86d-e5d2-4c1c-ae2a-0ce3ed689911",
            "ticker": "HIGHCHI-24APR23-B68.5",
            "count": 105,
            "created_time": "2024-04-23T02:00:52.990372Z",
            "yes_price": 24,
            "no_price": 76,
            "taker_side": "yes"
        },
        {
            "trade_id": "4f2c2e18-3e59-4e5d-82e9-5bf33236f67a",
            "ticker": "HIGHCHI-24APR23-B68.5",
            "count": 105,
            "created_time": "2024-04-23T02:00:44.423827Z",
            "yes_price": 23,
            "no_price": 77,
            "taker_side": "yes"
        },
        {
            "trade_id": "12cdc912-8579-4dc5-bca0-be0a08768c54",
            "ticker": "HIGHCHI-24APR23-B68.5",
            "count": 4,
            "created_time": "2024-04-23T01:57:34.504446Z",
            "yes_price": 22,
            "no_price": 78,
            "taker_side": "yes"
        },
        {
            "trade_id": "fec9af32-216a-47d4-a5a0-1c88969e4e50",
            "ticker": "HIGHCHI-24APR23-B68.5",
            "count": 3,
            "created_time": "2024-04-22T21:59:47.310315Z",
            "yes_price": 32,
            "no_price": 68,
            "taker_side": "yes"
        },
        {
            "trade_id": "df68946f-e3a2-422f-9a42-e200d30d9e32",
            "ticker": "HIGHCHI-24APR23-B68.5",
            "count": 5,
            "created_time": "2024-04-22T21:54:22.651002Z",
            "yes_price": 31,
            "no_price": 69,
            "taker_side": "yes"
        },
        {
            "trade_id": "a1b86dd4-ce36-42de-9213-850fbe43c27f",
            "ticker": "HIGHCHI-24APR23-B68.5",
            "count": 150,
            "created_time": "2024-04-22T21:54:22.651002Z",
            "yes_price": 32,
            "no_price": 68,
            "taker_side": "yes"
        },
        {
            "trade_id": "766eac75-b907-4ada-8d40-793a0946f0b2",
            "ticker": "HIGHCHI-24APR23-B68.5",
            "count": 10,
            "created_time": "2024-04-22T21:54:22.651002Z",
            "yes_price": 32,
            "no_price": 68,
            "taker_side": "yes"
        },
        {
            "trade_id": "6218d7d0-ce6b-40b0-be47-34cab4b3060d",
            "ticker": "HIGHCHI-24APR23-B68.5",
            "count": 150,
            "created_time": "2024-04-22T21:54:22.651002Z",
            "yes_price": 30,
            "no_price": 70,
            "taker_side": "yes"
        },
        {
            "trade_id": "3ef94974-7567-4acc-9c07-1c97a66399c1",
            "ticker": "HIGHCHI-24APR23-B68.5",
            "count": 45,
            "created_time": "2024-04-22T21:54:22.651002Z",
            "yes_price": 28,
            "no_price": 72,
            "taker_side": "yes"
        },
        {
            "trade_id": "f6aa7fd2-3cc6-42e3-b35c-2aa39682b501",
            "ticker": "HIGHCHI-24APR23-B68.5",
            "count": 3,
            "created_time": "2024-04-22T19:18:12.416504Z",
            "yes_price": 24,
            "no_price": 76,
            "taker_side": "yes"
        },
        {
            "trade_id": "0cbeb8ef-3466-42ac-974f-b765cd31113f",
            "ticker": "HIGHCHI-24APR23-B68.5",
            "count": 10,
            "created_time": "2024-04-22T18:35:21.064819Z",
            "yes_price": 17,
            "no_price": 83,
            "taker_side": "no"
        },
        {
            "trade_id": "e242e796-a3db-4fc0-9d5e-1606d47a4c13",
            "ticker": "HIGHCHI-24APR23-B68.5",
            "count": 10,
            "created_time": "2024-04-22T17:30:24.967705Z",
            "yes_price": 11,
            "no_price": 89,
            "taker_side": "no"
        },
        {
            "trade_id": "841acd9b-64c3-4978-bd0e-fb5e1aa07f1c",
            "ticker": "HIGHCHI-24APR23-B68.5",
            "count": 10,
            "created_time": "2024-04-22T15:52:08.217408Z",
            "yes_price": 16,
            "no_price": 84,
            "taker_side": "yes"
        },
        {
            "trade_id": "70ade0bf-cfff-488c-aca9-1e507a4ee0f1",
            "ticker": "HIGHCHI-24APR23-B68.5",
            "count": 15,
            "created_time": "2024-04-22T15:51:43.979507Z",
            "yes_price": 15,
            "no_price": 85,
            "taker_side": "yes"
        }
    ],
    "HIGHCHI-24APR23-B70.5": [
        {
            "trade_id": "8e5ece16-bb5c-43e0-ae77-11f8fc09963f",
            "ticker": "HIGHCHI-24APR23-B70.5",
            "count": 300,
            "created_time": "2024-04-23T19:06:29.691828Z",
            "yes_price": 1,
            "no_price": 99,
            "taker_side": "no"
        },
        {
            "trade_id": "8d557c70-1e43-4b6d-bf1f-12bb5728bb15",
            "ticker": "HIGHCHI-24APR23-B70.5",
            "count": 300,
            "created_time": "2024-04-23T18:08:08.365691Z",
            "yes_price": 3,
            "no_price": 97,
            "taker_side": "no"
        },
        {
            "trade_id": "c79da184-e566-4fd4-9a30-abb563270970",
            "ticker": "HIGHCHI-24APR23-B70.5",
            "count": 300,
            "created_time": "2024-04-23T15:45:43.350319Z",
            "yes_price": 1,
            "no_price": 99,
            "taker_side": "no"
        },
        {
            "trade_id": "33a5f6b0-b9c3-4df4-b664-4525b0fa1a0e",
            "ticker": "HIGHCHI-24APR23-B70.5",
            "count": 312,
            "created_time": "2024-04-23T14:22:45.168131Z",
            "yes_price": 1,
            "no_price": 99,
            "taker_side": "no"
        },
        {
            "trade_id": "aa15b4f2-bd06-4db3-ae6a-300aa53cd0c8",
            "ticker": "HIGHCHI-24APR23-B70.5",
            "count": 15,
            "created_time": "2024-04-23T14:21:27.520483Z",
            "yes_price": 1,
            "no_price": 99,
            "taker_side": "no"
        },
        {
            "trade_id": "2a97b400-9bc4-4ec8-9441-f82ca316107f",
            "ticker": "HIGHCHI-24APR23-B70.5",
            "count": 1,
            "created_time": "2024-04-23T14:15:25.3144Z",
            "yes_price": 1,
            "no_price": 99,
            "taker_side": "no"
        },
        {
            "trade_id": "4dd9d07c-08fe-40b3-80ab-cf3640c2b7a7",
            "ticker": "HIGHCHI-24APR23-B70.5",
            "count": 1,
            "created_time": "2024-04-23T13:57:47.13725Z",
            "yes_price": 1,
            "no_price": 99,
            "taker_side": "no"
        },
        {
            "trade_id": "af728bd7-37ab-4a8e-9040-b04babf609ea",
            "ticker": "HIGHCHI-24APR23-B70.5",
            "count": 16,
            "created_time": "2024-04-23T13:56:27.99872Z",
            "yes_price": 1,
            "no_price": 99,
            "taker_side": "no"
        },
        {
            "trade_id": "a6989449-b0ea-4f03-a424-a9ce0584ef7f",
            "ticker": "HIGHCHI-24APR23-B70.5",
            "count": 4,
            "created_time": "2024-04-23T13:55:44.349949Z",
            "yes_price": 1,
            "no_price": 99,
            "taker_side": "no"
        },
        {
            "trade_id": "6f2bea18-dbe6-4404-8637-9605700f7afb",
            "ticker": "HIGHCHI-24APR23-B70.5",
            "count": 24,
            "created_time": "2024-04-23T13:40:40.678835Z",
            "yes_price": 1,
            "no_price": 99,
            "taker_side": "no"
        },
        {
            "trade_id": "ec209b6f-3824-47b6-a6bd-1a2007a6ebfb",
            "ticker": "HIGHCHI-24APR23-B70.5",
            "count": 18,
            "created_time": "2024-04-23T13:40:33.490905Z",
            "yes_price": 1,
            "no_price": 99,
            "taker_side": "no"
        },
        {
            "trade_id": "25ca3a11-ed2f-442e-98b6-f297419c52a6",
            "ticker": "HIGHCHI-24APR23-B70.5",
            "count": 18,
            "created_time": "2024-04-23T13:40:33.452041Z",
            "yes_price": 1,
            "no_price": 99,
            "taker_side": "no"
        },
        {
            "trade_id": "b423a669-be01-4910-80f1-226348a04d44",
            "ticker": "HIGHCHI-24APR23-B70.5",
            "count": 30,
            "created_time": "2024-04-23T13:36:39.567505Z",
            "yes_price": 1,
            "no_price": 99,
            "taker_side": "no"
        },
        {
            "trade_id": "fdb6b97b-e7fc-4556-a987-87637560d55c",
            "ticker": "HIGHCHI-24APR23-B70.5",
            "count": 24,
            "created_time": "2024-04-23T13:36:32.583688Z",
            "yes_price": 1,
            "no_price": 99,
            "taker_side": "no"
        },
        {
            "trade_id": "4d3f0134-2bb6-476f-a885-cdd025f02684",
            "ticker": "HIGHCHI-24APR23-B70.5",
            "count": 23,
            "created_time": "2024-04-23T13:32:32.203778Z",
            "yes_price": 1,
            "no_price": 99,
            "taker_side": "no"
        },
        {
            "trade_id": "1cbdec7d-a450-4e00-8125-cefe787bf8f3",
            "ticker": "HIGHCHI-24APR23-B70.5",
            "count": 13,
            "created_time": "2024-04-23T13:26:00.928221Z",
            "yes_price": 1,
            "no_price": 99,
            "taker_side": "no"
        },
        {
            "trade_id": "08510ae8-f525-4499-a0ec-45ae58014035",
            "ticker": "HIGHCHI-24APR23-B70.5",
            "count": 1,
            "created_time": "2024-04-23T12:41:46.902817Z",
            "yes_price": 1,
            "no_price": 99,
            "taker_side": "no"
        },
        {
            "trade_id": "b19387d9-1148-46a0-ac06-2a22849e66c4",
            "ticker": "HIGHCHI-24APR23-B70.5",
            "count": 12,
            "created_time": "2024-04-22T14:42:53.869716Z",
            "yes_price": 10,
            "no_price": 90,
            "taker_side": "no"
        },
        {
            "trade_id": "e3e8c720-b48c-42f1-a4cf-9dd8c6127378",
            "ticker": "HIGHCHI-24APR23-B70.5",
            "count": 5,
            "created_time": "2024-04-22T14:42:10.094655Z",
            "yes_price": 10,
            "no_price": 90,
            "taker_side": "no"
        }
    ],
    "HIGHCHI-24APR23-T71": [
        {
            "trade_id": "38664dff-8e70-4493-b802-85550e64ae6c",
            "ticker": "HIGHCHI-24APR23-T71",
            "count": 499,
            "created_time": "2024-04-23T17:52:45.163916Z",
            "yes_price": 3,
            "no_price": 97,
            "taker_side": "no"
        },
        {
            "trade_id": "f0d97f4d-d3ee-4c84-8491-b6387bcae59e",
            "ticker": "HIGHCHI-24APR23-T71",
            "count": 1,
            "created_time": "2024-04-23T17:50:05.153637Z",
            "yes_price": 3,
            "no_price": 97,
            "taker_side": "yes"
        },
        {
            "trade_id": "bb2bf3a6-bc64-4367-9a74-36fcef9904b9",
            "ticker": "HIGHCHI-24APR23-T71",
            "count": 10,
            "created_time": "2024-04-22T18:35:20.975393Z",
            "yes_price": 22,
            "no_price": 78,
            "taker_side": "yes"
        },
        {
            "trade_id": "8c5664c5-b38d-4c0e-bbee-393d89e2dd39",
            "ticker": "HIGHCHI-24APR23-T71",
            "count": 10,
            "created_time": "2024-04-22T17:30:24.911279Z",
            "yes_price": 22,
            "no_price": 78,
            "taker_side": "yes"
        },
        {
            "trade_id": "aa6ed2f4-fa05-457c-88a3-f0e6e90b20fb",
            "ticker": "HIGHCHI-24APR23-T71",
            "count": 5,
            "created_time": "2024-04-22T16:44:05.825818Z",
            "yes_price": 5,
            "no_price": 95,
            "taker_side": "no"
        },
        {
            "trade_id": "5ea5c077-28bc-4a99-aa5e-a58c16bda1b0",
            "ticker": "HIGHCHI-24APR23-T71",
            "count": 5,
            "created_time": "2024-04-22T16:43:18.629336Z",
            "yes_price": 5,
            "no_price": 95,
            "taker_side": "no"
        }
    ]
}