{
    "KXHIGHCHI-24NOV26-T34": [
        {
            "trade_id": "1292b615-4b09-442e-9fa5-1d152d8e2a09",
            "ticker": "KXHIGHCHI-24NOV26-T34",
            "count": 100,
            "created_time": "2024-11-25T22:35:16.280518Z",
            "yes_price": 1,
            "no_price": 99,
            "taker_side": "yes"
        },
        {
            "trade_id": "60ae7e55-4db8-4e38-87ef-92e9530dc305",
            "ticker": "KXHIGHCHI-24NOV26-T34",
            "count": 112,
            "created_time": "2024-11-25T15:05:46.18575Z",
            "yes_price": 1,
            "no_price": 99,
            "taker_side": "yes"
        }
    ],
    "KXHIGHCHI-24NOV26-B34.5": [
        {
            "trade_id": "ba056f0e-a7c2-43d1-8321-df419cdf6f8f",
            "ticker": "KXHIGHCHI-24NOV26-B34.5",
            "count": 200,
            "created_time": "2024-11-26T03:47:10.921709Z",
            "yes_price": 1,
            "no_price": 99,
            "taker_side": "no"
        },
        {
            "trade_id": "4be98962-0b9a-443a-9e71-0431479d47cc",
            "ticker": "KXHIGHCHI-24NOV26-B34.5",
            "count": 10,
            "created_time": "2024-11-26T03:08:57.515647Z",
            "yes_price": 5,
            "no_price": 95,
            "taker_side": "yes"
        },
        {
            "trade_id": "e26afda7-05d2-4f19-a6e7-b3b0b5f335f6",
            "ticker": "KXHIGHCHI-24NOV26-B34.5",
            "count": 5,
            "created_time": "2024-11-26T03:04:52.601662Z",
            "yes_price": 5,
            "no_price": 95,
            "taker_side": "yes"
        },
        {
            "trade_id": "d72bf749-c1ae-4362-aa35-53fa60b5892f",
            "ticker": "KXHIGHCHI-24NOV26-B34.5",
            "count": 100,
            "created_time": "2024-11-26T02:13:03.670487Z",
            "yes_price": 2,
            "no_price": 98,
            "taker_side": "yes"
        },
        {
            "trade_id": "70708c0e-a293-4ae3-9f18-4fe537661e0a",
            "ticker": "KXHIGHCHI-24NOV26-B34.5",
            "count": 13,
            "created_time": "2024-11-26T02:13:03.670487Z",
            "yes_price": 6,
            "no_price": 94,
            "taker_side": "yes"
        },
        {
            "trade_id": "b19c6efd-5e1c-4e0e-a10c-7eb7f4f2089c",
            "ticker": "KXHIGHCHI-24NOV26-B34.5",
            "count": 50,
            "created_time": "2024-11-26T01:31:42.689496Z",
            "yes_price": 1,
            "no_price": 99,
            "taker_side": "no"
        },
        {
            "trade_id": "6cb71a23-d906-4b64-8dc3-d321a71db822",
            "ticker": "KXHIGHCHI-24NOV26-B34.5",
            "count": 50,
            "created_time": "2024-11-26T01:22:17.929143Z",
            "yes_price": 1,
            "no_price": 99,
            "taker_side": "no"
        },
        {
            "trade_id": "d7fa4d4a-dc07-43f7-96b8-29681797c574",
            "ticker": "KXHIGHCHI-24NOV26-B34.5",
            "count": 102,
            "created_time": "2024-11-25T22:46:00.659662Z",
            "yes_price": 1,
            "no_price": 99,
            "taker_side": "no"
        },
        {
            "trade_id": "753a3e68-00f5-413e-871a-46458e06dd74",
            "ticker": "KXHIGHCHI-24NOV26-B34.5",
            "count": 100,
            "created_time": "2024-11-25T22:35:25.62044Z",
            "yes_price": 2,
            "no_price": 98,
            "taker_side": "yes"
        },
        {
            "trade_id": "faaf4149-1a54-49cd-a1bf-bfb038511e7e",
            "ticker": "KXHIGHCHI-24NOV26-B34.5",
            "count": 18,
            "created_time": "2024-11-25T16:30:46.365522Z",
            "yes_price": 1,
            "no_price": 99,
            "taker_side": "no"
        },
        {
            "trade_id": "70ee8cd0-1858-4f2e-b52d-48c49e9f8a6c",
            "ticker": "KXHIGHCHI-24NOV26-B34.5",
            "count": 100,
            "created_time": "2024-11-25T16:30:37.614459Z",
            "yes_price": 2,
            "no_price": 98,
            "taker_side": "no"
        },
        {
            "trade_id": "6082ebbf-359d-4c4a-be1c-99623b27dfc6",
            "ticker": "KXHIGHCHI-24NOV26-B34.5",
            "count": 100,
            "created_time": "2024-11-25T16:30:37.570122Z",
            "yes_price": 2,
            "no_price": 98,
            "taker_side": "no"
        }
    ],
    "KXHIGHCHI-24NOV26-B36.5": [
        {
            "trade_id": "1bcb36af-1aeb-4b8e-901c-9fb97df4a675",
            "ticker": "KXHIGHCHI-24NOV26-B36.5",
            "count": 100,
            "created_time": "2024-11-26T18:50:26.273123Z",
            "yes_price": 1,
            "no_price": 99,
            "taker_side": "yes"
        },
        {
            "trade_id": "2c70019e-85b0-4ede-8f89-4fbd5873b42e",
            "ticker": "KXHIGHCHI-24NOV26-B36.5",
            "count": 1,
            "created_time": "2024-11-26T18:39:22.360218Z",
            "yes_price": 1,
            "no_price": 99,
            "taker_side": "yes"
        },
        {
            "trade_id": "ca21d68d-444e-4f81-8d8b-efb636cb911a",
            "ticker": "KXHIGHCHI-24NOV26-B36.5",
            "count": 30,
            "created_time": "2024-11-26T18:39:10.939424Z",
            "yes_price": 1,
            "no_price": 99,
            "taker_side": "yes"
        },
        {
            "trade_id": "91f9925e-cb34-4652-8c9c-6baefc78f9ab",
            "ticker": "KXHIGHCHI-24NOV26-B36.5",
            "count": 69,
            "created_time": "2024-11-26T18:39:10.939424Z",
            "yes_price": 1,
            "no_price": 99,
            "taker_side": "yes"
        },
        {
            "trade_id": "8e477674-1957-4e4e-8e99-4d63bb22d9b8",
            "ticker": "KXHIGHCHI-24NOV26-B36.5",
            "count": 100,
            "created_time": "2024-11-26T17:57:18.491963Z",
            "yes_price": 1,
            "no_price": 99,
            "taker_side": "yes"
        },
        {
            "trade_id": "95f26456-86eb-43d2-8b7d-ea7e12ba933a",
            "ticker": "KXHIGHCHI-24NOV26-B36.5",
            "count": 89,
            "created_time": "2024-11-26T17:56:22.675989Z",
            "yes_price": 3,
            "no_price": 97,
            "taker_side": "yes"
        },
        {
            "trade_id": "7f59f4fa-238e-4f03-a5cd-6e3476780662",
            "ticker": "KXHIGHCHI-24NOV26-B36.5",
            "count": 1,
            "created_time": "2024-11-26T17:56:22.675989Z",
            "yes_price": 1,
            "no_price": 99,
            "taker_side": "yes"
        },
        {
            "trade_id": "69a4118c-acd2-411b-911e-a52e7be5f71e",
            "ticker": "KXHIGHCHI-24NOV26-B36.5",
            "count": 10,
            "created_time": "2024-11-26T17:56:22.675989Z",
            "yes_price": 1,
            "no_price": 99,
            "taker_side": "yes"
        },
        {
            "trade_id": "7fc3dabb-5dbd-4564-bae1-4c6fd774575c",
            "ticker": "KXHIGHCHI-24NOV26-B36.5",
            "count": 100,
            "created_time": "2024-11-26T17:47:29.933548Z",
            "yes_price": 1,
            "no_price": 99,
            "taker_side": "yes"
        },
        {
            "trade_id": "dd96ffa5-b3ea-47ab-8832-4effbfa1a4c6",
            "ticker": "KXHIGHCHI-24NOV26-B36.5",
            "count": 20,
            "created_time": "2024-11-26T16:11:25.362098Z",
            "yes_price": 1,
            "no_price": 99,
            "taker_side": "yes"
        },
        {
            "trade_id": "d4211a38-aec3-49f2-8974-e7d564ad8b7a",
            "ticker": "KXHIGHCHI-24NOV26-B36.5",
            "count": 60,
            "created_time": "2024-11-26T13:05:45.098157Z",
            "yes_price": 1,
            "no_price": 99,
            "taker_side": "no"
        },
        {
            "trade_id": "81410c10-6670-4189-9c52-d4ad426663f7",
            "ticker": "KXHIGHCHI-24NOV26-B36.5",
            "count": 57,
            "created_time": "2024-11-26T07:58:21.820458Z",
            "yes_price": 1,
            "no_price": 99,
            "taker_side": "no"
        },
        {
            "trade_id": "c645ff5b-cf3a-431c-91df-710d945cfd50",
            "ticker": "KXHIGHCHI-24NOV26-B36.5",
            "count": 200,
            "created_time": "2024-11-26T06:51:24.514555Z",
            "yes_price": 1,
            "no_price": 99,
            "taker_side": "no"
        },
        {
            "trade_id": "af6c1b75-d20a-4835-a800-e5e8c53b2743",
            "ticker": "KXHIGHCHI-24NOV26-B36.5",
            "count": 100,
            "created_time": "2024-11-26T06:51:24.477228Z",
            "yes_price": 1,
            "no_price": 99,
            "taker_side": "no"
        },
        {
            "trade_id": "b123422f-3a36-40a4-98f4-7e877ff646bf",
            "ticker": "KXHIGHCHI-24NOV26-B36.5",
            "count": 100,
            "created_time": "2024-11-26T06:51:24.413082Z",
            "yes_price": 1,
            "no_price": 99,
            "taker_side": "no"
        },
        {
            "trade_id": "96e8a409-ce90-4b33-abb2-3b1693b5f717",
            "ticker": "KXHIGHCHI-24NOV26-B36.5",
            "count": 13,
            "created_time": "2024-11-26T06:35:00.628938Z",
            "yes_price": 1,
            "no_price": 99,
            "taker_side": "no"
        },
        {
            "trade_id": "6f6c6bba-b1dc-4c8b-8594-0539c5c781d8",
            "ticker": "KXHIGHCHI-24NOV26-B36.5",
            "count": 10,
            "created_time": "2024-11-26T06:10:59.892255Z",
            "yes_price": 4,
            "no_price": 96,
            "taker_side": "yes"
        },
        {
            "trade_id": "328ed2d6-b2f3-4103-89b7-76987ad45dba",
            "ticker": "KXHIGHCHI-24NOV26-B36.5",
            "count": 100,
            "created_time": "2024-11-26T05:13:31.534496Z",
            "yes_price": 6,
            "no_price": 94,
            "taker_side": "yes"
        },
        {
            "trade_id": "c7ab10cc-11e1-4d3b-a9ae-cbf38500969f",
            "ticker": "KXHIGHCHI-24NOV26-B36.5",
            "count": 4,
            "created_time": "2024-11-26T05:06:26.891825Z",
            "yes_price": 1,
            "no_price": 99,
            "taker_side": "no"
        },
        {
            "trade_id": "f9ace35d-1344-4b0c-9840-659b792686aa",
            "ticker": "KXHIGHCHI-24NOV26-B36.5",
            "count": 4,
            "created_time": "2024-11-26T04:59:46.476292Z",
            "yes_price": 1,
            "no_price": 99,
            "taker_side": "no"
        },
        {
            "trade_id": "c25fc9b2-14f0-4874-b579-dec9aaf8f19b",
            "ticker": "KXHIGHCHI-24NOV26-B36.5",
            "count": 33,
            "created_time": "2024-11-26T04:42:32.211144Z",
            "yes_price": 1,
            "no_price": 99,
            "taker_side": "no"
        },
        {
            "trade_id": "1016845f-7adb-4c2b-ac28-e75026959b40",
            "ticker": "KXHIGHCHI-24NOV26-B36.5",
            "count": 63,
            "created_time": "2024-11-26T04:42:32.211144Z",
            "yes_price": 1,
            "no_price": 99,
            "taker_side": "no"
        },
        {
            "trade_id": "1f7d31de-5e94-4626-b381-c8c41f40dd0c",
            "ticker": "KXHIGHCHI-24NOV26-B36.5",
            "count": 2,
            "created_time": "2024-11-26T04:42:32.061028Z",
            "yes_price": 1,
            "no_price": 99,
            "taker_side": "no"
        },
        {
            "trade_id": "85b2b1da-039b-4e08-acf4-705e4a83669e",
            "ticker": "KXHIGHCHI-24NOV26-B36.5",
            "count": 2,
            "created_time": "2024-11-26T04:41:45.161826Z",
            "yes_price": 1,
            "no_price": 99,
            "taker_side": "no"
        },
        {
            "trade_id": "5af9ffcc-9773-4791-b535-6b446afb2797",
            "ticker": "KXHIGHCHI-24NOV26-B36.5",
            "count": 20,
            "created_time": "2024-11-26T04:35:58.061272Z",
            "yes_price": 1,
            "no_price": 99,
            "taker_side": "no"
        },
        {
            "trade_id": "aecee950-7bbf-4fac-ab36-761c8cbebbaf",
            "ticker": "KXHIGHCHI-24NOV26-B36.5",
            "count": 15,
            "created_time": "2024-11-26T04:35:48.815718Z",
            "yes_price": 1,
            "no_price": 99,
            "taker_side": "no"
        },
        {
            "trade_id": "8407304e-3bfe-45c0-b5e5-741e61fb8262",
            "ticker": "KXHIGHCHI-24NOV26-B36.5",
            "count": 29,
            "created_time": "2024-11-26T02:12:55.111356Z",
            "yes_price": 6,
            "no_price": 94,
            "taker_side": "yes"
        },
        {
            "trade_id": "5a4e4b0a-5374-4a5d-94b1-2c5ba6e2ab6d",
            "ticker": "KXHIGHCHI-24NOV26-B36.5",
            "count": 2,
            "created_time": "2024-11-26T02:12:55.111356Z",
            "yes_price": 5,
            "no_price": 95,
            "taker_side": "yes"
        },
        {
            "trade_id": "91b52a82-e1bb-42a9-bd42-142d6ee2ba8d",
            "ticker": "KXHIGHCHI-24NOV26-B36.5",
            "count": 50,
            "created_time": "2024-11-26T01:31:42.692668Z",
            "yes_price": 4,
            "no_price": 96,
            "taker_side": "no"
        },
        {
            "trade_id": "302c96ed-4850-4f27-91e1-e9f9507dc54d",
            "ticker": "KXHIGHCHI-24NOV26-B36.5",
            "count": 50,
            "created_time": "2024-11-26T01:22:17.926065Z",
            "yes_price": 4,
            "no_price": 96,
            "taker_side": "no"
        },
        {
            "trade_id": "a4fd0bf6-2620-4ce8-812a-1881e55fde6b",
            "ticker": "KXHIGHCHI-24NOV26-B36.5",
            "count": 73,
            "created_time": "2024-11-25T23:43:38.208795Z",
            "yes_price": 2,
            "no_price": 98,
            "taker_side": "yes"
        },
        {
            "trade_id": "5968fa68-60be-47df-889e-de4ebee0767c",
            "ticker": "KXHIGHCHI-24NOV26-B36.5",
            "count": 22,
            "created_time": "2024-11-25T23:43:38.208795Z",
            "yes_price": 6,
            "no_price": 94,
            "taker_side": "yes"
        },
        {
            "trade_id": "14d92225-181b-4fb3-9d90-49941f536e08",
            "ticker": "KXHIGHCHI-24NOV26-B36.5",
            "count": 73,
            "created_time": "2024-11-25T22:35:03.808204Z",
            "yes_price": 2,
            "no_price": 98,
            "taker_side": "yes"
        },
        {
            "trade_id": "0db0abb3-cd4a-4e88-8dc6-3bcc69d26710",
            "ticker": "KXHIGHCHI-24NOV26-B36.5",
            "count": 27,
            "created_time": "2024-11-25T22:35:03.808204Z",
            "yes_price": 2,
            "no_price": 98,
            "taker_side": "yes"
        },
        {
            "trade_id": "75192d73-b244-4497-b724-3f47f39a5034",
            "ticker": "KXHIGHCHI-24NOV26-B36.5",
            "count": 2,
            "created_time": "2024-11-25T22:11:35.369084Z",
            "yes_price": 2,
            "no_price": 98,
            "taker_side": "yes"
        },
        {
            "trade_id": "00936d60-6a30-4619-9959-696c9b8f86d9",
            "ticker": "KXHIGHCHI-24NOV26-B36.5",
            "count": 25,
            "created_time": "2024-11-25T16:33:58.454165Z",
            "yes_price": 2,
            "no_price": 98,
            "taker_side": "yes"
        },
        {
            "trade_id": "90f2984c-66d7-4a7d-bbcf-74b8bfa37587",
            "ticker": "KXHIGHCHI-24NOV26-B36.5",
            "count": 18,
            "created_time": "2024-11-25T16:30:46.410764Z",
            "yes_price": 1,
            "no_price": 99,
            "taker_side": "no"
        },
        {
            "trade_id": "a5264fe5-670e-4a6e-804d-242ee5299ee3",
            "ticker": "KXHIGHCHI-24NOV26-B36.5",
            "count": 100,
            "created_time": "2024-11-25T16:30:37.587225Z",
            "yes_price": 2,
            "no_price": 98,
            "taker_side": "no"
        },
        {
            "trade_id": "d40dae7d-f3ba-4b9b-ad74-4989fc99c033",
            "ticker": "KXHIGHCHI-24NOV26-B36.5",
            "count": 100,
            "created_time": "2024-11-25T16:30:37.573382Z",
            "yes_price": 2,
            "no_price": 98,
            "taker_side": "no"
        },
        {
            "trade_id": "f7ac7b4d-fc12-4a9e-921d-2972cf4d457c",
            "ticker": "KXHIGHCHI-24NOV26-B36.5",
            "count": 21,
            "created_time": "2024-11-25T15:18:18.129843Z",
            "yes_price": 9,
            "no_price": 91,
            "taker_side": "yes"
        },
        {
            "trade_id": "078c6ceb-fbfe-4ec0-ada2-f3aecdc9ff22",
            "ticker": "KXHIGHCHI-24NOV26-B36.5",
            "count": 104,
            "created_time": "2024-11-25T15:13:14.306257Z",
            "yes_price": 9,
            "no_price": 91,
            "taker_side": "yes"
        }
    ],
    "KXHIGHCHI-24NOV26-B38.5": [
        {
            "trade_id": "5d4c1a95-9fab-47bc-a0c4-1144910970d8",
            "ticker": "KXHIGHCHI-24NOV26-B38.5",
            "count": 280,
            "created_time": "2024-11-26T20:56:10.614625Z",
            "yes_price": 1,
            "no_price": 99,
            "taker_side": "yes"
        },
        {
            "trade_id": "c58eaaef-7edc-43f5-a066-d45cc4e57fb1",
            "ticker": "KXHIGHCHI-24NOV26-B38.5",
            "count": 1,
            "created_time": "2024-11-26T20:51:12.467012Z",
            "yes_price": 1,
            "no_price": 99,
            "taker_side": "yes"
        },
        {
            "trade_id": "7564090a-bee2-4587-a052-4b02d9e0f9a7",
            "ticker": "KXHIGHCHI-24NOV26-B38.5",
            "count": 283,
            "created_time": "2024-11-26T20:47:21.748043Z",
            "yes_price": 1,
            "no_price": 99,
            "taker_side": "yes"
        },
        {
            "trade_id": "64923136-0977-4465-8a13-94fcd248e5b4",
            "ticker": "KXHIGHCHI-24NOV26-B38.5",
            "count": 150,
            "created_time": "2024-11-26T20:38:13.422998Z",
            "yes_price": 1,
            "no_price": 99,
            "taker_side": "yes"
        },
        {
            "trade_id": "7fb68e87-5e41-4c0d-a2ee-90a24870c97b",
            "ticker": "KXHIGHCHI-24NOV26-B38.5",
            "count": 100,
            "created_time": "2024-11-26T20:06:41.502583Z",
            "yes_price": 1,
            "no_price": 99,
            "taker_side": "yes"
        },
        {
            "trade_id": "3060cf49-7df3-44c2-a22e-727f02f64588",
            "ticker": "KXHIGHCHI-24NOV26-B38.5",
            "count": 1,
            "created_time": "2024-11-26T20:04:48.523716Z",
            "yes_price": 1,
            "no_price": 99,
            "taker_side": "yes"
        },
        {
            "trade_id": "b14a2d4e-23c1-4b46-86c5-1b2783bf7afe",
            "ticker": "KXHIGHCHI-24NOV26-B38.5",
            "count": 233,
            "created_time": "2024-11-26T20:04:36.740662Z",
            "yes_price": 1,
            "no_price": 99,
            "taker_side": "yes"
        },
        {
            "trade_id": "83ccb52e-0cdc-4414-847e-1070d79ada9e",
            "ticker": "KXHIGHCHI-24NOV26-B38.5",
            "count": 166,
            "created_time": "2024-11-26T20:04:36.740662Z",
            "yes_price": 1,
            "no_price": 99,
            "taker_side": "yes"
        },
        {
            "trade_id": "49644dbf-7d3c-4217-8627-105e5978f688",
            "ticker": "KXHIGHCHI-24NOV26-B38.5",
            "count": 210,
            "created_time": "2024-11-26T19:58:41.287147Z",
            "yes_price": 1,
            "no_price": 99,
            "taker_side": "yes"
        },
        {
            "trade_id": "d8f314f5-2f5b-4d22-8d9e-c7a9428ee0c2",
            "ticker": "KXHIGHCHI-24NOV26-B38.5",
            "count": 11,
            "created_time": "2024-11-26T19:56:37.562662Z",
            "yes_price": 1,
            "no_price": 99,
            "taker_side": "yes"
        },
        {
            "trade_id": "e55e2c57-176c-4c8f-94f1-082edce157b1",
            "ticker": "KXHIGHCHI-24NOV26-B38.5",
            "count": 613,
            "created_time": "2024-11-26T19:55:28.998789Z",
            "yes_price": 1,
            "no_price": 99,
            "taker_side": "no"
        },
        {
            "trade_id": "d37967c9-f33c-4a09-bd74-2fd9f5179320",
            "ticker": "KXHIGHCHI-24NOV26-B38.5",
            "count": 151,
            "created_time": "2024-11-26T19:55:28.230818Z",
            "yes_price": 1,
            "no_price": 99,
            "taker_side": "no"
        },
        {
            "trade_id": "6dde2765-5a73-4952-9708-ab7ae03205d1",
            "ticker": "KXHIGHCHI-24NOV26-B38.5",
            "count": 96,
            "created_time": "2024-11-26T19:55:28.230818Z",
            "yes_price": 1,
            "no_price": 99,
            "taker_side": "no"
        },
        {
            "trade_id": "41bd24b6-5b7b-4c65-a5a1-5b7edfaa071c",
            "ticker": "KXHIGHCHI-24NOV26-B38.5",
            "count": 72,
            "created_time": "2024-11-26T19:55:28.230818Z",
            "yes_price": 1,
            "no_price": 99,
            "taker_side": "no"
        },
        {
            "trade_id": "3afca1ed-8854-4180-af8c-a7552e937fc0",
            "ticker": "KXHIGHCHI-24NOV26-B38.5",
            "count": 166,
            "created_time": "2024-11-26T19:55:28.230818Z",
            "yes_price": 1,
            "no_price": 99,
            "taker_side": "no"
        },
        {
            "trade_id": "f58f0131-e22c-448b-9533-1dc648bd8d0e",
            "ticker": "KXHIGHCHI-24NOV26-B38.5",
            "count": 51,
            "created_time": "2024-11-26T19:55:28.057035Z",
            "yes_price": 2,
            "no_price": 98,
            "taker_side": "no"
        },
        {
            "trade_id": "ad584598-0efb-4412-9545-253624dcf4fe",
            "ticker": "KXHIGHCHI-24NOV26-B38.5",
            "count": 44,
            "created_time": "2024-11-26T19:55:28.057035Z",
            "yes_price": 2,
            "no_price": 98,
            "taker_side": "no"
        },
        {
            "trade_id": "ab2f6b86-ac7f-4da2-ac88-d321865255fb",
            "ticker": "KXHIGHCHI-24NOV26-B38.5",
            "count": 47,
            "created_time": "2024-11-26T19:55:28.057035Z",
            "yes_price": 2,
            "no_price": 98,
            "taker_side": "no"
        },
        {
            "trade_id": "4654e9b4-d919-4a8a-83f9-1e3a6731e7e5",
            "ticker": "KXHIGHCHI-24NOV26-B38.5",
            "count": 50,
            "created_time": "2024-11-26T19:55:28.057035Z",
            "yes_price": 3,
            "no_price": 97,
            "taker_side": "no"
        },
        {
            "trade_id": "4470f207-b8ad-45e4-aea7-bcfc8f681818",
            "ticker": "KXHIGHCHI-24NOV26-B38.5",
            "count": 189,
            "created_time": "2024-11-26T19:55:28.057035Z",
            "yes_price": 1,
            "no_price": 99,
            "taker_side": "no"
        },
        {
            "trade_id": "26ad914f-6db9-46dd-87ad-e05c13dd9f80",
            "ticker": "KXHIGHCHI-24NOV26-B38.5",
            "count": 120,
            "created_time": "2024-11-26T19:55:28.057035Z",
            "yes_price": 1,
            "no_price": 99,
            "taker_side": "no"
        },
        {
            "trade_id": "8d44d8e9-fe34-4484-835b-1d76f89a42d3",
            "ticker": "KXHIGHCHI-24NOV26-B38.5",
            "count": 15,
            "created_time": "2024-11-26T19:45:51.31726Z",
            "yes_price": 3,
            "no_price": 97,
            "taker_side": "no"
        },
        {
            "trade_id": "45bf12c8-3a74-4fa1-a8d5-594985df4b33",
            "ticker": "KXHIGHCHI-24NOV26-B38.5",
            "count": 67,
            "created_time": "2024-11-26T19:29:10.566365Z",
            "yes_price": 7,
            "no_price": 93,
            "taker_side": "yes"
        },
        {
            "trade_id": "d5a21881-a4c9-40d7-8507-531951ff8014",
            "ticker": "KXHIGHCHI-24NOV26-B38.5",
            "count": 49,
            "created_time": "2024-11-26T19:26:59.502147Z",
            "yes_price": 3,
            "no_price": 97,
            "taker_side": "no"
        },
        {
            "trade_id": "95329668-9504-4720-9382-ce3effc48df3",
            "ticker": "KXHIGHCHI-24NOV26-B38.5",
            "count": 60,
            "created_time": "2024-11-26T19:21:58.415291Z",
            "yes_price": 2,
            "no_price": 98,
            "taker_side": "no"
        },
        {
            "trade_id": "0567e08c-9198-4952-84f7-475288681d06",
            "ticker": "KXHIGHCHI-24NOV26-B38.5",
            "count": 150,
            "created_time": "2024-11-26T19:21:58.415291Z",
            "yes_price": 3,
            "no_price": 97,
            "taker_side": "no"
        },
        {
            "trade_id": "76a031f2-7d17-4447-8482-ebab38135b12",
            "ticker": "KXHIGHCHI-24NOV26-B38.5",
            "count": 100,
            "created_time": "2024-11-26T19:21:29.499547Z",
            "yes_price": 6,
            "no_price": 94,
            "taker_side": "no"
        },
        {
            "trade_id": "277ef720-ab0d-4762-8791-d53e9faefde1",
            "ticker": "KXHIGHCHI-24NOV26-B38.5",
            "count": 32,
            "created_time": "2024-11-26T19:21:29.499547Z",
            "yes_price": 8,
            "no_price": 92,
            "taker_side": "no"
        },
        {
            "trade_id": "a607aa88-00d3-4fdb-9e8a-bbf0fa8781f6",
            "ticker": "KXHIGHCHI-24NOV26-B38.5",
            "count": 28,
            "created_time": "2024-11-26T19:20:00.46956Z",
            "yes_price": 8,
            "no_price": 92,
            "taker_side": "no"
        },
        {
            "trade_id": "c99fab36-9a27-41c8-9bad-9f6927dac273",
            "ticker": "KXHIGHCHI-24NOV26-B38.5",
            "count": 500,
            "created_time": "2024-11-26T19:14:08.251323Z",
            "yes_price": 15,
            "no_price": 85,
            "taker_side": "no"
        },
        {
            "trade_id": "94c24a47-498e-42e8-9f9c-2f6ba2998010",
            "ticker": "KXHIGHCHI-24NOV26-B38.5",
            "count": 121,
            "created_time": "2024-11-26T19:14:02.167218Z",
            "yes_price": 16,
            "no_price": 84,
            "taker_side": "no"
        },
        {
            "trade_id": "d5e5efd5-63f5-4cef-9def-8740af339710",
            "ticker": "KXHIGHCHI-24NOV26-B38.5",
            "count": 150,
            "created_time": "2024-11-26T19:13:58.624918Z",
            "yes_price": 17,
            "no_price": 83,
            "taker_side": "yes"
        },
        {
            "trade_id": "7c0599a7-0714-49d8-b37b-dcc1dadcdbd0",
            "ticker": "KXHIGHCHI-24NOV26-B38.5",
            "count": 100,
            "created_time": "2024-11-26T19:13:58.624918Z",
            "yes_price": 17,
            "no_price": 83,
            "taker_side": "yes"
        },
        {
            "trade_id": "654c5b24-bae4-4c25-a961-6eac3e7e26f7",
            "ticker": "KXHIGHCHI-24NOV26-B38.5",
            "count": 82,
            "created_time": "2024-11-26T19:13:49.764896Z",
            "yes_price": 16,
            "no_price": 84,
            "taker_side": "yes"
        },
        {
            "trade_id": "79028e16-2aae-4fc8-916c-93665e2e2b89",
            "ticker": "KXHIGHCHI-24NOV26-B38.5",
            "count": 100,
            "created_time": "2024-11-26T19:13:48.534778Z",
            "yes_price": 15,
            "no_price": 85,
            "taker_side": "no"
        },
        {
            "trade_id": "33777145-e948-4920-92b4-8a726ac08323",
            "ticker": "KXHIGHCHI-24NOV26-B38.5",
            "count": 100,
            "created_time": "2024-11-26T19:13:48.347672Z",
            "yes_price": 16,
            "no_price": 84,
            "taker_side": "yes"
        },
        {
            "trade_id": "16d170be-b57e-4377-9b28-bcc611af9845",
            "ticker": "KXHIGHCHI-24NOV26-B38.5",
            "count": 6,
            "created_time": "2024-11-26T19:11:34.405323Z",
            "yes_price": 15,
            "no_price": 85,
            "taker_side": "no"
        },
        {
            "trade_id": "d4d7a5c8-a2e2-472e-b127-0afbe83a7967",
            "ticker": "KXHIGHCHI-24NOV26-B38.5",
            "count": 29,
            "created_time": "2024-11-26T19:11:20.692933Z",
            "yes_price": 16,
            "no_price": 84,
            "taker_side": "yes"
        },
        {
            "trade_id": "cc33670e-21eb-4d54-9b27-5d4611baf0fe",
            "ticker": "KXHIGHCHI-24NOV26-B38.5",
            "count": 62,
            "created_time": "2024-11-26T19:10:46.740792Z",
            "yes_price": 15,
            "no_price": 85,
            "taker_side": "yes"
        },
        {
            "trade_id": "292b2b3e-d9ef-4f56-8f41-027b72289e65",
            "ticker": "KXHIGHCHI-24NOV26-B38.5",
            "count": 150,
            "created_time": "2024-11-26T19:07:49.860196Z",
            "yes_price": 11,
            "no_price": 89,
            "taker_side": "yes"
        },
        {
            "trade_id": "daf2bae0-1630-4fee-b370-e12adeb985c6",
            "ticker": "KXHIGHCHI-24NOV26-B38.5",
            "count": 551,
            "created_time": "2024-11-26T19:04:14.818458Z",
            "yes_price": 10,
            "no_price": 90,
            "taker_side": "yes"
        },
        {
            "trade_id": "42fcadd1-a841-4b81-be0e-ee43e688f0a9",
            "ticker": "KXHIGHCHI-24NOV26-B38.5",
            "count": 149,
            "created_time": "2024-11-26T19:03:41.231441Z",
            "yes_price": 10,
            "no_price": 90,
            "taker_side": "no"
        },
        {
            "trade_id": "4f8db7e2-f96c-43ac-9d81-dc68cb44a44d",
            "ticker": "KXHIGHCHI-24NOV26-B38.5",
            "count": 144,
            "created_time": "2024-11-26T18:56:49.324636Z",
            "yes_price": 8,
            "no_price": 92,
            "taker_side": "no"
        },
        {
            "trade_id": "08ad586b-ae84-4b4a-a8f0-136aeb8db94d",
            "ticker": "KXHIGHCHI-24NOV26-B38.5",
            "count": 64,
            "created_time": "2024-11-26T18:56:49.324636Z",
            "yes_price": 8,
            "no_price": 92,
            "taker_side": "no"
        },
        {
            "trade_id": "5c091049-a1a7-4d2e-b764-529c662524cd",
            "ticker": "KXHIGHCHI-24NOV26-B38.5",
            "count": 60,
            "created_time": "2024-11-26T18:55:04.539744Z",
            "yes_price": 14,
            "no_price": 86,
            "taker_side": "yes"
        },
        {
            "trade_id": "d1693909-ac66-407e-9820-50c951a2c177",
            "ticker": "KXHIGHCHI-24NOV26-B38.5",
            "count": 100,
            "created_time": "2024-11-26T18:50:22.500937Z",
            "yes_price": 11,
            "no_price": 89,
            "taker_side": "yes"
        },
        {
            "trade_id": "d070c81e-fcd2-4638-bca0-a4bd568e2e83",
            "ticker": "KXHIGHCHI-24NOV26-B38.5",
            "count": 63,
            "created_time": "2024-11-26T18:50:22.500937Z",
            "yes_price": 10,
            "no_price": 90,
            "taker_side": "yes"
        },
        {
            "trade_id": "a32a0565-c7f8-41d7-b3d6-f1783c3971f0",
            "ticker": "KXHIGHCHI-24NOV26-B38.5",
            "count": 21,
            "created_time": "2024-11-26T18:48:44.477199Z",
            "yes_price": 10,
            "no_price": 90,
            "taker_side": "yes"
        },
        {
            "trade_id": "6a894288-333a-4848-9e81-f02e9373f389",
            "ticker": "KXHIGHCHI-24NOV26-B38.5",
            "count": 37,
            "created_time": "2024-11-26T18:48:44.477199Z",
            "yes_price": 10,
            "no_price": 90,
            "taker_side": "yes"
        },
        {
            "trade_id": "7c63f3db-5b49-437f-9851-32dcfc424b2c",
            "ticker": "KXHIGHCHI-24NOV26-B38.5",
            "count": 71,
            "created_time": "2024-11-26T18:34:55.544036Z",
            "yes_price": 7,
            "no_price": 93,
            "taker_side": "no"
        },
        {
            "trade_id": "306d75c4-cad1-4482-9985-80ecaa339d6e",
            "ticker": "KXHIGHCHI-24NOV26-B38.5",
            "count": 9,
            "created_time": "2024-11-26T18:29:35.863756Z",
            "yes_price": 17,
            "no_price": 83,
            "taker_side": "yes"
        },
        {
            "trade_id": "4772fe8d-d4a1-4c22-8952-759d86222c95",
            "ticker": "KXHIGHCHI-24NOV26-B38.5",
            "count": 91,
            "created_time": "2024-11-26T18:25:01.78565Z",
            "yes_price": 13,
            "no_price": 87,
            "taker_side": "yes"
        },
        {
            "trade_id": "d15ca843-aab7-4191-b416-3e1d3d61242b",
            "ticker": "KXHIGHCHI-24NOV26-B38.5",
            "count": 52,
            "created_time": "2024-11-26T18:24:17.532272Z",
            "yes_price": 14,
            "no_price": 86,
            "taker_side": "yes"
        },
        {
            "trade_id": "84e95785-700e-470b-8f07-c5c12695963e",
            "ticker": "KXHIGHCHI-24NOV26-B38.5",
            "count": 98,
            "created_time": "2024-11-26T18:24:17.532272Z",
            "yes_price": 14,
            "no_price": 86,
            "taker_side": "yes"
        },
        {
            "trade_id": "bbc638df-6bb7-4079-9f03-775b3a6dd9c0",
            "ticker": "KXHIGHCHI-24NOV26-B38.5",
            "count": 21,
            "created_time": "2024-11-26T18:09:57.951711Z",
            "yes_price": 13,
            "no_price": 87,
            "taker_side": "yes"
        },
        {
            "trade_id": "03dcf772-dc00-403b-a177-38ea2edae198",
            "ticker": "KXHIGHCHI-24NOV26-B38.5",
            "count": 1,
            "created_time": "2024-11-26T18:08:12.829581Z",
            "yes_price": 4,
            "no_price": 96,
            "taker_side": "no"
        },
        {
            "trade_id": "cae71d5a-064e-4f57-a619-6d165f0e635c",
            "ticker": "KXHIGHCHI-24NOV26-B38.5",
            "count": 7,
            "created_time": "2024-11-26T17:52:15.536325Z",
            "yes_price": 23,
            "no_price": 77,
            "taker_side": "yes"
        },
        {
            "trade_id": "8daee066-27b2-45c3-90f8-ba5c5e021ef8",
            "ticker": "KXHIGHCHI-24NOV26-B38.5",
            "count": 10,
            "created_time": "2024-11-26T17:52:15.536325Z",
            "yes_price": 9,
            "no_price": 91,
            "taker_side": "yes"
        },
        {
            "trade_id": "68dd8727-1920-4c8e-8ec6-ac253956bf09",
            "ticker": "KXHIGHCHI-24NOV26-B38.5",
            "count": 3,
            "created_time": "2024-11-26T17:52:15.536325Z",
            "yes_price": 8,
            "no_price": 92,
            "taker_side": "yes"
        },
        {
            "trade_id": "6224483d-fafd-4637-9322-8ab5ac9efcb2",
            "ticker": "KXHIGHCHI-24NOV26-B38.5",
            "count": 12,
            "created_time": "2024-11-26T17:52:15.536325Z",
            "yes_price": 18,
            "no_price": 82,
            "taker_side": "yes"
        },
        {
            "trade_id": "30ee09d2-8e9e-4716-a0f9-2de8007b8a1c",
            "ticker": "KXHIGHCHI-24NOV26-B38.5",
            "count": 10,
            "created_time": "2024-11-26T17:52:15.536325Z",
            "yes_price": 11,
            "no_price": 89,
            "taker_side": "yes"
        },
        {
            "trade_id": "0b000758-9a6e-4d87-ad24-486ee09e0e28",
            "ticker": "KXHIGHCHI-24NOV26-B38.5",
            "count": 10,
            "created_time": "2024-11-26T17:52:15.536325Z",
            "yes_price": 10,
            "no_price": 90,
            "taker_side": "yes"
        },
        {
            "trade_id": "00460cb5-1d4b-4565-a72b-f9e51517b977",
            "ticker": "KXHIGHCHI-24NOV26-B38.5",
            "count": 19,
            "created_time": "2024-11-26T17:52:15.536325Z",
            "yes_price": 12,
            "no_price": 88,
            "taker_side": "yes"
        },
        {
            "trade_id": "6130ba19-3b17-4dd8-8860-ee1b063438b8",
            "ticker": "KXHIGHCHI-24NOV26-B38.5",
            "count": 7,
            "created_time": "2024-11-26T17:49:25.382468Z",
            "yes_price": 8,
            "no_price": 92,
            "taker_side": "yes"
        },
        {
            "trade_id": "38b1a262-2f80-48b5-9e05-036d9db161e3",
            "ticker": "KXHIGHCHI-24NOV26-B38.5",
            "count": 10,
            "created_time": "2024-11-26T17:49:25.382468Z",
            "yes_price": 7,
            "no_price": 93,
            "taker_side": "yes"
        },
        {
            "trade_id": "07337a0f-8eeb-40e7-aec9-ccd81f577cf3",
            "ticker": "KXHIGHCHI-24NOV26-B38.5",
            "count": 10,
            "created_time": "2024-11-26T17:49:25.382468Z",
            "yes_price": 6,
            "no_price": 94,
            "taker_side": "yes"
        },
        {
            "trade_id": "fbefce4e-1720-474b-ba2e-a48dcc7eeb32",
            "ticker": "KXHIGHCHI-24NOV26-B38.5",
            "count": 69,
            "created_time": "2024-11-26T17:45:14.68271Z",
            "yes_price": 3,
            "no_price": 97,
            "taker_side": "no"
        },
        {
            "trade_id": "d3ad125b-8fd2-4cf7-b609-0752fe24a5e4",
            "ticker": "KXHIGHCHI-24NOV26-B38.5",
            "count": 152,
            "created_time": "2024-11-26T17:45:14.68271Z",
            "yes_price": 3,
            "no_price": 97,
            "taker_side": "no"
        },
        {
            "trade_id": "ad13af21-835b-4df8-97b1-6ff9cf716ead",
            "ticker": "KXHIGHCHI-24NOV26-B38.5",
            "count": 100,
            "created_time": "2024-11-26T17:45:14.68271Z",
            "yes_price": 5,
            "no_price": 95,
            "taker_side": "no"
        },
        {
            "trade_id": "6bc791ba-8f86-4915-833e-6fe39deb2e7e",
            "ticker": "KXHIGHCHI-24NOV26-B38.5",
            "count": 15,
            "created_time": "2024-11-26T17:45:14.68271Z",
            "yes_price": 5,
            "no_price": 95,
            "taker_side": "no"
        },
        {
            "trade_id": "56a64721-d003-46fa-b9a9-48c5244fd39b",
            "ticker": "KXHIGHCHI-24NOV26-B38.5",
            "count": 15,
            "created_time": "2024-11-26T17:28:40.958066Z",
            "yes_price": 3,
            "no_price": 97,
            "taker_side": "no"
        },
        {
            "trade_id": "f529f837-56b3-49f0-8efb-95bde9c4bff0",
            "ticker": "KXHIGHCHI-24NOV26-B38.5",
            "count": 100,
            "created_time": "2024-11-26T17:25:45.869652Z",
            "yes_price": 20,
            "no_price": 80,
            "taker_side": "yes"
        },
        {
            "trade_id": "e4f18f1a-4da9-4192-a60f-db38eeca48bd",
            "ticker": "KXHIGHCHI-24NOV26-B38.5",
            "count": 17,
            "created_time": "2024-11-26T17:25:45.869652Z",
            "yes_price": 18,
            "no_price": 82,
            "taker_side": "yes"
        },
        {
            "trade_id": "bc62d0f9-ad6c-4c46-aaf5-6f9152a4764f",
            "ticker": "KXHIGHCHI-24NOV26-B38.5",
            "count": 500,
            "created_time": "2024-11-26T17:25:45.869652Z",
            "yes_price": 10,
            "no_price": 90,
            "taker_side": "yes"
        },
        {
            "trade_id": "bb1441e0-1ed8-4541-9550-007576446562",
            "ticker": "KXHIGHCHI-24NOV26-B38.5",
            "count": 10,
            "created_time": "2024-11-26T17:25:45.869652Z",
            "yes_price": 8,
            "no_price": 92,
            "taker_side": "yes"
        },
        {
            "trade_id": "b1b3e80a-4e1b-407f-8f4d-a4ec2930cac6",
            "ticker": "KXHIGHCHI-24NOV26-B38.5",
            "count": 10,
            "created_time": "2024-11-26T17:25:45.869652Z",
            "yes_price": 10,
            "no_price": 90,
            "taker_side": "yes"
        },
        {
            "trade_id": "a4f150a1-e667-44ab-87ea-bc998adb8276",
            "ticker": "KXHIGHCHI-24NOV26-B38.5",
            "count": 275,
            "created_time": "2024-11-26T17:25:45.869652Z",
            "yes_price": 21,
            "no_price": 79,
            "taker_side": "yes"
        },
        {
            "trade_id": "7a96e94b-9879-4e56-8b24-efc7cfb60732",
            "ticker": "KXHIGHCHI-24NOV26-B38.5",
            "count": 1,
            "created_time": "2024-11-26T17:25:45.869652Z",
            "yes_price": 15,
            "no_price": 85,
            "taker_side": "yes"
        },
        {
            "trade_id": "2af4c12c-93ce-4ee4-aed9-0128c3a7f7c0",
            "ticker": "KXHIGHCHI-24NOV26-B38.5",
            "count": 100,
            "created_time": "2024-11-26T17:25:45.869652Z",
            "yes_price": 16,
            "no_price": 84,
            "taker_side": "yes"
        },
        {
            "trade_id": "286566e9-214d-41c7-ae11-f7001e70f11a",
            "ticker": "KXHIGHCHI-24NOV26-B38.5",
            "count": 100,
            "created_time": "2024-11-26T17:25:45.869652Z",
            "yes_price": 20,
            "no_price": 80,
            "taker_side": "yes"
        },
        {
            "trade_id": "20a8a1dc-418f-463c-b94a-273af49e9fdf",
            "ticker": "KXHIGHCHI-24NOV26-B38.5",
            "count": 100,
            "created_time": "2024-11-26T17:25:45.869652Z",
            "yes_price": 17,
            "no_price": 83,
            "taker_side": "yes"
        },
        {
            "trade_id": "139fb581-9898-48b9-8384-0506ca05b28d",
            "ticker": "KXHIGHCHI-24NOV26-B38.5",
            "count": 10,
            "created_time": "2024-11-26T17:25:45.869652Z",
            "yes_price": 9,
            "no_price": 91,
            "taker_side": "yes"
        },
        {
            "trade_id": "0a7d8a4d-31df-42a5-890e-dadf93825be4",
            "ticker": "KXHIGHCHI-24NOV26-B38.5",
            "count": 19,
            "created_time": "2024-11-26T17:25:45.869652Z",
            "yes_price": 12,
            "no_price": 88,
            "taker_side": "yes"
        },
        {
            "trade_id": "ddc91e80-9c24-4b51-89ae-26e0ebba0ffd",
            "ticker": "KXHIGHCHI-24NOV26-B38.5",
            "count": 20,
            "created_time": "2024-11-26T16:51:25.301704Z",
            "yes_price": 13,
            "no_price": 87,
            "taker_side": "yes"
        },
        {
            "trade_id": "ae6fddde-6155-4e07-bba9-05a2395480cf",
            "ticker": "KXHIGHCHI-24NOV26-B38.5",
            "count": 239,
            "created_time": "2024-11-26T16:51:25.301704Z",
            "yes_price": 13,
            "no_price": 87,
            "taker_side": "yes"
        },
        {
            "trade_id": "97245403-4338-4fa9-8faa-e676fb611d4a",
            "ticker": "KXHIGHCHI-24NOV26-B38.5",
            "count": 240,
            "created_time": "2024-11-26T16:50:40.663207Z",
            "yes_price": 12,
            "no_price": 88,
            "taker_side": "yes"
        },
        {
            "trade_id": "602e9863-0c2b-4c90-be0d-f571be0871f9",
            "ticker": "KXHIGHCHI-24NOV26-B38.5",
            "count": 200,
            "created_time": "2024-11-26T16:50:40.663207Z",
            "yes_price": 11,
            "no_price": 89,
            "taker_side": "yes"
        },
        {
            "trade_id": "318c951a-41d5-4e12-bf38-5767a6a7b222",
            "ticker": "KXHIGHCHI-24NOV26-B38.5",
            "count": 40,
            "created_time": "2024-11-26T16:50:40.663207Z",
            "yes_price": 11,
            "no_price": 89,
            "taker_side": "yes"
        },
        {
            "trade_id": "73304afa-1f75-4dcc-88c1-2318f512716c",
            "ticker": "KXHIGHCHI-24NOV26-B38.5",
            "count": 18,
            "created_time": "2024-11-26T16:46:03.518991Z",
            "yes_price": 10,
            "no_price": 90,
            "taker_side": "yes"
        },
        {
            "trade_id": "ea3fda05-1993-48e6-823f-4271bc1b3fbf",
            "ticker": "KXHIGHCHI-24NOV26-B38.5",
            "count": 12,
            "created_time": "2024-11-26T16:41:47.852243Z",
            "yes_price": 8,
            "no_price": 92,
            "taker_side": "yes"
        },
        {
            "trade_id": "dedf844d-976e-4648-bd63-7c3619432c98",
            "ticker": "KXHIGHCHI-24NOV26-B38.5",
            "count": 91,
            "created_time": "2024-11-26T16:38:29.129156Z",
            "yes_price": 10,
            "no_price": 90,
            "taker_side": "yes"
        },
        {
            "trade_id": "95c13e2a-be5e-4889-aaf6-476922c65a54",
            "ticker": "KXHIGHCHI-24NOV26-B38.5",
            "count": 2,
            "created_time": "2024-11-26T16:38:29.129156Z",
            "yes_price": 6,
            "no_price": 94,
            "taker_side": "yes"
        },
        {
            "trade_id": "04d274df-564d-4d45-a848-e6975aa47305",
            "ticker": "KXHIGHCHI-24NOV26-B38.5",
            "count": 1,
            "created_time": "2024-11-26T16:38:29.129156Z",
            "yes_price": 10,
            "no_price": 90,
            "taker_side": "yes"
        },
        {
            "trade_id": "769059bd-fb4d-4f4b-b56e-9de024674c53",
            "ticker": "KXHIGHCHI-24NOV26-B38.5",
            "count": 98,
            "created_time": "2024-11-26T16:38:27.323856Z",
            "yes_price": 6,
            "no_price": 94,
            "taker_side": "no"
        },
        {
            "trade_id": "831f8888-0169-4af7-93cc-6db4ffc07613",
            "ticker": "KXHIGHCHI-24NOV26-B38.5",
            "count": 2,
            "created_time": "2024-11-26T16:36:49.582869Z",
            "yes_price": 6,
            "no_price": 94,
            "taker_side": "no"
        },
        {
            "trade_id": "2b41e252-0002-4ba4-a0a2-0f01eae83cc7",
            "ticker": "KXHIGHCHI-24NOV26-B38.5",
            "count": 9,
            "created_time": "2024-11-26T16:30:28.416696Z",
            "yes_price": 10,
            "no_price": 90,
            "taker_side": "yes"
        },
        {
            "trade_id": "d12ea0e9-51e5-4484-9ee5-48dfb8d66dec",
            "ticker": "KXHIGHCHI-24NOV26-B38.5",
            "count": 10,
            "created_time": "2024-11-26T16:16:03.295464Z",
            "yes_price": 10,
            "no_price": 90,
            "taker_side": "yes"
        },
        {
            "trade_id": "c6e0818e-566b-4344-8c65-3957d24f13dc",
            "ticker": "KXHIGHCHI-24NOV26-B38.5",
            "count": 9,
            "created_time": "2024-11-26T16:12:09.724591Z",
            "yes_price": 10,
            "no_price": 90,
            "taker_side": "yes"
        },
        {
            "trade_id": "b1782257-80c7-42e4-89a6-36b2867fc328",
            "ticker": "KXHIGHCHI-24NOV26-B38.5",
            "count": 9,
            "created_time": "2024-11-26T16:09:47.785562Z",
            "yes_price": 10,
            "no_price": 90,
            "taker_side": "yes"
        },
        {
            "trade_id": "75c20889-ed24-436c-b739-b1b18003626b",
            "ticker": "KXHIGHCHI-24NOV26-B38.5",
            "count": 1,
            "created_time": "2024-11-26T16:05:24.669283Z",
            "yes_price": 10,
            "no_price": 90,
            "taker_side": "no"
        },
        {
            "trade_id": "46d76205-8d7a-4dc7-a89a-62ecf33859f0",
            "ticker": "KXHIGHCHI-24NOV26-B38.5",
            "count": 5,
            "created_time": "2024-11-26T15:41:31.748895Z",
            "yes_price": 11,
            "no_price": 89,
            "taker_side": "no"
        },
        {
            "trade_id": "4693ab8b-ffa5-4560-9ad0-fbc419eef49e",
            "ticker": "KXHIGHCHI-24NOV26-B38.5",
            "count": 10,
            "created_time": "2024-11-26T15:41:31.748895Z",
            "yes_price": 12,
            "no_price": 88,
            "taker_side": "no"
        },
        {
            "trade_id": "5e738e8f-5a04-419e-94c0-e38f004d181d",
            "ticker": "KXHIGHCHI-24NOV26-B38.5",
            "count": 336,
            "created_time": "2024-11-26T15:30:32.362336Z",
            "yes_price": 14,
            "no_price": 86,
            "taker_side": "yes"
        },
        {
            "trade_id": "fd0eeda6-bcec-4517-905b-1347aba0781e",
            "ticker": "KXHIGHCHI-24NOV26-B38.5",
            "count": 5,
            "created_time": "2024-11-26T14:54:55.663498Z",
            "yes_price": 17,
            "no_price": 83,
            "taker_side": "yes"
        },
        {
            "trade_id": "6bba1a31-1b91-440c-9bc2-9cc44fa794cc",
            "ticker": "KXHIGHCHI-24NOV26-B38.5",
            "count": 41,
            "created_time": "2024-11-26T14:54:38.428617Z",
            "yes_price": 16,
            "no_price": 84,
            "taker_side": "yes"
        },
        {
            "trade_id": "35a8a65e-5731-46c6-87ec-661e8913ac48",
            "ticker": "KXHIGHCHI-24NOV26-B38.5",
            "count": 107,
            "created_time": "2024-11-26T14:29:46.333843Z",
            "yes_price": 16,
            "no_price": 84,
            "taker_side": "yes"
        },
        {
            "trade_id": "01148a2a-facb-4cd7-931d-2831748382c7",
            "ticker": "KXHIGHCHI-24NOV26-B38.5",
            "count": 200,
            "created_time": "2024-11-26T14:29:46.333843Z",
            "yes_price": 15,
            "no_price": 85,
            "taker_side": "yes"
        },
        {
            "trade_id": "8a680be5-9617-4533-afb2-49c65be23df6",
            "ticker": "KXHIGHCHI-24NOV26-B38.5",
            "count": 70,
            "created_time": "2024-11-26T14:26:18.512657Z",
            "yes_price": 11,
            "no_price": 89,
            "taker_side": "no"
        },
        {
            "trade_id": "b9dd1972-c4e6-469a-8174-d64109705bc1",
            "ticker": "KXHIGHCHI-24NOV26-B38.5",
            "count": 30,
            "created_time": "2024-11-26T14:19:00.940277Z",
            "yes_price": 16,
            "no_price": 84,
            "taker_side": "yes"
        },
        {
            "trade_id": "9e8235ff-a2e3-4040-88ea-e6a646609889",
            "ticker": "KXHIGHCHI-24NOV26-B38.5",
            "count": 104,
            "created_time": "2024-11-26T14:17:04.402048Z",
            "yes_price": 15,
            "no_price": 85,
            "taker_side": "yes"
        },
        {
            "trade_id": "62930976-7730-498d-94f4-dfbf55448df9",
            "ticker": "KXHIGHCHI-24NOV26-B38.5",
            "count": 46,
            "created_time": "2024-11-26T14:17:04.402048Z",
            "yes_price": 14,
            "no_price": 86,
            "taker_side": "yes"
        },
        {
            "trade_id": "44bc9965-5ccf-4464-9ace-b4ab80ce7eaa",
            "ticker": "KXHIGHCHI-24NOV26-B38.5",
            "count": 96,
            "created_time": "2024-11-26T14:17:04.402048Z",
            "yes_price": 15,
            "no_price": 85,
            "taker_side": "yes"
        },
        {
            "trade_id": "26563365-e946-44f9-a247-f217396cf330",
            "ticker": "KXHIGHCHI-24NOV26-B38.5",
            "count": 11,
            "created_time": "2024-11-26T14:17:04.402048Z",
            "yes_price": 16,
            "no_price": 84,
            "taker_side": "yes"
        },
        {
            "trade_id": "19cb9c62-a29a-4b95-900a-75a0d173aa86",
            "ticker": "KXHIGHCHI-24NOV26-B38.5",
            "count": 10,
            "created_time": "2024-11-26T14:17:04.402048Z",
            "yes_price": 14,
            "no_price": 86,
            "taker_side": "yes"
        },
        {
            "trade_id": "0d98bd08-7ba0-415f-a5d2-9923d5606213",
            "ticker": "KXHIGHCHI-24NOV26-B38.5",
            "count": 54,
            "created_time": "2024-11-26T14:17:04.402048Z",
            "yes_price": 14,
            "no_price": 86,
            "taker_side": "yes"
        },
        {
            "trade_id": "3749e862-1326-4d34-a2d1-da2f9279eebe",
            "ticker": "KXHIGHCHI-24NOV26-B38.5",
            "count": 13,
            "created_time": "2024-11-26T14:01:47.696978Z",
            "yes_price": 14,
            "no_price": 86,
            "taker_side": "yes"
        },
        {
            "trade_id": "11d274fd-4f4c-4a09-a015-cdf7f56c0950",
            "ticker": "KXHIGHCHI-24NOV26-B38.5",
            "count": 1,
            "created_time": "2024-11-26T14:01:47.696978Z",
            "yes_price": 13,
            "no_price": 87,
            "taker_side": "yes"
        },
        {
            "trade_id": "b1f7d718-f40d-4838-bd59-69ae081a713b",
            "ticker": "KXHIGHCHI-24NOV26-B38.5",
            "count": 100,
            "created_time": "2024-11-26T13:54:30.642324Z",
            "yes_price": 12,
            "no_price": 88,
            "taker_side": "no"
        },
        {
            "trade_id": "52dc0f86-c29d-45de-b146-683f671754d8",
            "ticker": "KXHIGHCHI-24NOV26-B38.5",
            "count": 40,
            "created_time": "2024-11-26T13:54:30.642324Z",
            "yes_price": 11,
            "no_price": 89,
            "taker_side": "no"
        },
        {
            "trade_id": "dd21b03e-199d-49fa-a32c-645a6db745be",
            "ticker": "KXHIGHCHI-24NOV26-B38.5",
            "count": 33,
            "created_time": "2024-11-26T13:48:08.150539Z",
            "yes_price": 14,
            "no_price": 86,
            "taker_side": "yes"
        },
        {
            "trade_id": "db0cc8c7-04c0-4692-a87a-ce55f760d90c",
            "ticker": "KXHIGHCHI-24NOV26-B38.5",
            "count": 6,
            "created_time": "2024-11-26T13:36:18.523994Z",
            "yes_price": 14,
            "no_price": 86,
            "taker_side": "yes"
        },
        {
            "trade_id": "df20a77f-a532-4d3b-af71-846525bf842b",
            "ticker": "KXHIGHCHI-24NOV26-B38.5",
            "count": 2,
            "created_time": "2024-11-26T13:34:48.330349Z",
            "yes_price": 14,
            "no_price": 86,
            "taker_side": "yes"
        },
        {
            "trade_id": "76d087cb-7b35-49b5-8f6f-2f886a35c04f",
            "ticker": "KXHIGHCHI-24NOV26-B38.5",
            "count": 57,
            "created_time": "2024-11-26T13:25:28.053088Z",
            "yes_price": 14,
            "no_price": 86,
            "taker_side": "yes"
        },
        {
            "trade_id": "5e8dbd01-3b8d-425f-ba34-61b232dff85e",
            "ticker": "KXHIGHCHI-24NOV26-B38.5",
            "count": 10,
            "created_time": "2024-11-26T13:25:28.053088Z",
            "yes_price": 14,
            "no_price": 86,
            "taker_side": "yes"
        },
        {
            "trade_id": "1ece6223-0f55-41cc-9648-0cc8d8d6cd03",
            "ticker": "KXHIGHCHI-24NOV26-B38.5",
            "count": 25,
            "created_time": "2024-11-26T13:21:28.276569Z",
            "yes_price": 14,
            "no_price": 86,
            "taker_side": "yes"
        },
        {
            "trade_id": "930455cb-e5be-4dbb-bc68-2cff5ade724d",
            "ticker": "KXHIGHCHI-24NOV26-B38.5",
            "count": 18,
            "created_time": "2024-11-26T13:21:00.965571Z",
            "yes_price": 14,
            "no_price": 86,
            "taker_side": "yes"
        },
        {
            "trade_id": "5b08cb92-9cdc-42f8-b534-d0e8fe4c79a7",
            "ticker": "KXHIGHCHI-24NOV26-B38.5",
            "count": 100,
            "created_time": "2024-11-26T13:10:09.084533Z",
            "yes_price": 14,
            "no_price": 86,
            "taker_side": "yes"
        },
        {
            "trade_id": "e3e93ce2-c94e-48e8-af59-7006ecec96c7",
            "ticker": "KXHIGHCHI-24NOV26-B38.5",
            "count": 104,
            "created_time": "2024-11-26T13:05:51.33675Z",
            "yes_price": 15,
            "no_price": 85,
            "taker_side": "yes"
        },
        {
            "trade_id": "04e33ed4-175b-4e69-9d2e-f5f3f9881442",
            "ticker": "KXHIGHCHI-24NOV26-B38.5",
            "count": 57,
            "created_time": "2024-11-26T13:05:51.33675Z",
            "yes_price": 14,
            "no_price": 86,
            "taker_side": "yes"
        },
        {
            "trade_id": "29c8cf88-45b6-457c-9ec2-4dce34068034",
            "ticker": "KXHIGHCHI-24NOV26-B38.5",
            "count": 60,
            "created_time": "2024-11-26T13:05:44.970826Z",
            "yes_price": 11,
            "no_price": 89,
            "taker_side": "no"
        },
        {
            "trade_id": "54fbedb2-4f9a-4569-a15d-c2184dcec016",
            "ticker": "KXHIGHCHI-24NOV26-B38.5",
            "count": 57,
            "created_time": "2024-11-26T07:58:21.813626Z",
            "yes_price": 14,
            "no_price": 86,
            "taker_side": "no"
        },
        {
            "trade_id": "0392cc47-0609-40ac-a9ff-0459380cad7a",
            "ticker": "KXHIGHCHI-24NOV26-B38.5",
            "count": 49,
            "created_time": "2024-11-26T06:56:17.924846Z",
            "yes_price": 19,
            "no_price": 81,
            "taker_side": "yes"
        },
        {
            "trade_id": "f3a7826f-c934-4f44-8c2a-26a4cdeba01a",
            "ticker": "KXHIGHCHI-24NOV26-B38.5",
            "count": 200,
            "created_time": "2024-11-26T06:51:24.529387Z",
            "yes_price": 19,
            "no_price": 81,
            "taker_side": "no"
        },
        {
            "trade_id": "1e0f3c40-d2de-4f90-84c0-4d8bfe69f815",
            "ticker": "KXHIGHCHI-24NOV26-B38.5",
            "count": 100,
            "created_time": "2024-11-26T06:51:24.418235Z",
            "yes_price": 20,
            "no_price": 80,
            "taker_side": "no"
        },
        {
            "trade_id": "f644e2c5-950a-4204-b8a5-5d89725d37ff",
            "ticker": "KXHIGHCHI-24NOV26-B38.5",
            "count": 20,
            "created_time": "2024-11-26T06:47:03.363129Z",
            "yes_price": 16,
            "no_price": 84,
            "taker_side": "no"
        },
        {
            "trade_id": "647da27a-061b-4405-b08d-86af830bab1b",
            "ticker": "KXHIGHCHI-24NOV26-B38.5",
            "count": 34,
            "created_time": "2024-11-26T06:35:00.467157Z",
            "yes_price": 20,
            "no_price": 80,
            "taker_side": "yes"
        },
        {
            "trade_id": "2b21dd28-d736-460b-8291-e855ffda0742",
            "ticker": "KXHIGHCHI-24NOV26-B38.5",
            "count": 13,
            "created_time": "2024-11-26T06:35:00.467157Z",
            "yes_price": 20,
            "no_price": 80,
            "taker_side": "yes"
        },
        {
            "trade_id": "59ae9511-a93d-42bf-a514-9ebf6b9c3bd9",
            "ticker": "KXHIGHCHI-24NOV26-B38.5",
            "count": 95,
            "created_time": "2024-11-26T06:28:55.840692Z",
            "yes_price": 19,
            "no_price": 81,
            "taker_side": "yes"
        },
        {
            "trade_id": "443f4d23-44ba-4a83-a59b-f21f7bd58dbe",
            "ticker": "KXHIGHCHI-24NOV26-B38.5",
            "count": 205,
            "created_time": "2024-11-26T06:28:40.885232Z",
            "yes_price": 18,
            "no_price": 82,
            "taker_side": "yes"
        },
        {
            "trade_id": "98ecb25e-3b53-4fd8-a2aa-7c84df42eab7",
            "ticker": "KXHIGHCHI-24NOV26-B38.5",
            "count": 1,
            "created_time": "2024-11-26T06:13:06.609719Z",
            "yes_price": 18,
            "no_price": 82,
            "taker_side": "yes"
        },
        {
            "trade_id": "4554de42-f90d-43cd-bf6c-a1a2532d2fde",
            "ticker": "KXHIGHCHI-24NOV26-B38.5",
            "count": 4,
            "created_time": "2024-11-26T06:13:06.609719Z",
            "yes_price": 18,
            "no_price": 82,
            "taker_side": "yes"
        },
        {
            "trade_id": "cddc8ab0-22df-4d6a-af6d-3b31f88f9232",
            "ticker": "KXHIGHCHI-24NOV26-B38.5",
            "count": 59,
            "created_time": "2024-11-26T06:02:26.869741Z",
            "yes_price": 16,
            "no_price": 84,
            "taker_side": "yes"
        },
        {
            "trade_id": "f53f8e4a-3e5d-4bbe-83ce-761d079160ec",
            "ticker": "KXHIGHCHI-24NOV26-B38.5",
            "count": 17,
            "created_time": "2024-11-26T06:01:02.781918Z",
            "yes_price": 16,
            "no_price": 84,
            "taker_side": "yes"
        },
        {
            "trade_id": "6566cdf6-4dce-486a-8471-e9b98da30c09",
            "ticker": "KXHIGHCHI-24NOV26-B38.5",
            "count": 1000,
            "created_time": "2024-11-26T05:59:40.115707Z",
            "yes_price": 14,
            "no_price": 86,
            "taker_side": "yes"
        },
        {
            "trade_id": "b58eb0ab-245b-49b7-a605-e3f1833ffb72",
            "ticker": "KXHIGHCHI-24NOV26-B38.5",
            "count": 200,
            "created_time": "2024-11-26T05:57:48.099902Z",
            "yes_price": 13,
            "no_price": 87,
            "taker_side": "yes"
        },
        {
            "trade_id": "8cc45641-9c52-4f0a-b5a0-3fb6d1fe3d2a",
            "ticker": "KXHIGHCHI-24NOV26-B38.5",
            "count": 214,
            "created_time": "2024-11-26T05:54:15.613577Z",
            "yes_price": 13,
            "no_price": 87,
            "taker_side": "yes"
        },
        {
            "trade_id": "33fae5ac-bd11-4e2a-8707-fdefdf0052ba",
            "ticker": "KXHIGHCHI-24NOV26-B38.5",
            "count": 100,
            "created_time": "2024-11-26T05:47:41.70913Z",
            "yes_price": 10,
            "no_price": 90,
            "taker_side": "no"
        },
        {
            "trade_id": "4f77b6e6-76cf-43ae-8282-d07e73035b57",
            "ticker": "KXHIGHCHI-24NOV26-B38.5",
            "count": 40,
            "created_time": "2024-11-26T05:24:39.540152Z",
            "yes_price": 14,
            "no_price": 86,
            "taker_side": "yes"
        },
        {
            "trade_id": "964ef353-e081-40f0-90d4-0d6076f8bfd3",
            "ticker": "KXHIGHCHI-24NOV26-B38.5",
            "count": 30,
            "created_time": "2024-11-26T05:21:51.861145Z",
            "yes_price": 8,
            "no_price": 92,
            "taker_side": "no"
        },
        {
            "trade_id": "d1fffe65-256f-4a3f-98c1-e6a756a84e85",
            "ticker": "KXHIGHCHI-24NOV26-B38.5",
            "count": 70,
            "created_time": "2024-11-26T05:09:39.794639Z",
            "yes_price": 16,
            "no_price": 84,
            "taker_side": "yes"
        },
        {
            "trade_id": "c684d191-35c4-4c6e-80a4-03dbe7de6686",
            "ticker": "KXHIGHCHI-24NOV26-B38.5",
            "count": 50,
            "created_time": "2024-11-26T05:08:38.147321Z",
            "yes_price": 14,
            "no_price": 86,
            "taker_side": "yes"
        },
        {
            "trade_id": "6fa65912-e4e5-46b6-958f-e3319f2a0b2e",
            "ticker": "KXHIGHCHI-24NOV26-B38.5",
            "count": 37,
            "created_time": "2024-11-26T05:08:38.147321Z",
            "yes_price": 16,
            "no_price": 84,
            "taker_side": "yes"
        },
        {
            "trade_id": "005af3a0-1e83-4c3d-a2ea-84000e211f69",
            "ticker": "KXHIGHCHI-24NOV26-B38.5",
            "count": 13,
            "created_time": "2024-11-26T05:08:38.147321Z",
            "yes_price": 15,
            "no_price": 85,
            "taker_side": "yes"
        },
        {
            "trade_id": "1fc08726-8f84-43c9-a975-002cbc79bbd2",
            "ticker": "KXHIGHCHI-24NOV26-B38.5",
            "count": 11,
            "created_time": "2024-11-26T05:07:11.861931Z",
            "yes_price": 11,
            "no_price": 89,
            "taker_side": "no"
        },
        {
            "trade_id": "701c8c4b-c041-40cf-8caf-de2186856ee0",
            "ticker": "KXHIGHCHI-24NOV26-B38.5",
            "count": 111,
            "created_time": "2024-11-26T05:06:30.47821Z",
            "yes_price": 16,
            "no_price": 84,
            "taker_side": "yes"
        },
        {
            "trade_id": "360983ec-b061-4c3c-a828-a0c2e214b261",
            "ticker": "KXHIGHCHI-24NOV26-B38.5",
            "count": 4,
            "created_time": "2024-11-26T05:06:26.894693Z",
            "yes_price": 15,
            "no_price": 85,
            "taker_side": "no"
        },
        {
            "trade_id": "52be2b51-1742-48da-a29e-365ff7f69b7b",
            "ticker": "KXHIGHCHI-24NOV26-B38.5",
            "count": 4,
            "created_time": "2024-11-26T04:59:46.424563Z",
            "yes_price": 15,
            "no_price": 85,
            "taker_side": "no"
        },
        {
            "trade_id": "dca711e1-53a8-4bd9-9a14-3ba17c04280f",
            "ticker": "KXHIGHCHI-24NOV26-B38.5",
            "count": 150,
            "created_time": "2024-11-26T04:59:37.117099Z",
            "yes_price": 15,
            "no_price": 85,
            "taker_side": "yes"
        },
        {
            "trade_id": "eb629f8a-78d6-4f4a-aac1-ab41dd9500ef",
            "ticker": "KXHIGHCHI-24NOV26-B38.5",
            "count": 50,
            "created_time": "2024-11-26T04:59:29.230843Z",
            "yes_price": 15,
            "no_price": 85,
            "taker_side": "yes"
        },
        {
            "trade_id": "978aa280-9f4b-4112-a2ca-fcdf95411cb6",
            "ticker": "KXHIGHCHI-24NOV26-B38.5",
            "count": 100,
            "created_time": "2024-11-26T04:51:27.487886Z",
            "yes_price": 14,
            "no_price": 86,
            "taker_side": "yes"
        },
        {
            "trade_id": "24876a16-d65e-4249-bfec-4f70d39761ca",
            "ticker": "KXHIGHCHI-24NOV26-B38.5",
            "count": 100,
            "created_time": "2024-11-26T04:51:27.421777Z",
            "yes_price": 14,
            "no_price": 86,
            "taker_side": "yes"
        },
        {
            "trade_id": "765c9c66-fe4f-40ea-83fe-a19ff83dc8fe",
            "ticker": "KXHIGHCHI-24NOV26-B38.5",
            "count": 4,
            "created_time": "2024-11-26T04:49:23.920237Z",
            "yes_price": 13,
            "no_price": 87,
            "taker_side": "no"
        },
        {
            "trade_id": "c93e04ac-b26f-4328-b60d-370d67e41902",
            "ticker": "KXHIGHCHI-24NOV26-B38.5",
            "count": 30,
            "created_time": "2024-11-26T04:46:12.818744Z",
            "yes_price": 14,
            "no_price": 86,
            "taker_side": "no"
        },
        {
            "trade_id": "63501fb7-3883-4359-936a-d4e7d7ce2665",
            "ticker": "KXHIGHCHI-24NOV26-B38.5",
            "count": 96,
            "created_time": "2024-11-26T04:42:32.247331Z",
            "yes_price": 14,
            "no_price": 86,
            "taker_side": "no"
        },
        {
            "trade_id": "42df475a-fbe5-4aee-9c5c-d5d950871628",
            "ticker": "KXHIGHCHI-24NOV26-B38.5",
            "count": 2,
            "created_time": "2024-11-26T04:42:32.134724Z",
            "yes_price": 14,
            "no_price": 86,
            "taker_side": "no"
        },
        {
            "trade_id": "1ba834d9-d27c-4154-9411-d65a09befc2c",
            "ticker": "KXHIGHCHI-24NOV26-B38.5",
            "count": 100,
            "created_time": "2024-11-26T04:42:31.782257Z",
            "yes_price": 14,
            "no_price": 86,
            "taker_side": "no"
        },
        {
            "trade_id": "e3d5a1d0-93b0-481a-85ef-946bf451b650",
            "ticker": "KXHIGHCHI-24NOV26-B38.5",
            "count": 200,
            "created_time": "2024-11-26T04:42:31.722113Z",
            "yes_price": 14,
            "no_price": 86,
            "taker_side": "no"
        },
        {
            "trade_id": "d498e9dc-e257-41bc-bf04-bb9a86fc4afc",
            "ticker": "KXHIGHCHI-24NOV26-B38.5",
            "count": 37,
            "created_time": "2024-11-26T04:41:59.002804Z",
            "yes_price": 15,
            "no_price": 85,
            "taker_side": "yes"
        },
        {
            "trade_id": "e02a36a9-100a-42df-8e36-4e58bf54bfa9",
            "ticker": "KXHIGHCHI-24NOV26-B38.5",
            "count": 2,
            "created_time": "2024-11-26T04:41:45.208118Z",
            "yes_price": 14,
            "no_price": 86,
            "taker_side": "no"
        },
        {
            "trade_id": "0ea2c984-24e6-4dab-91dc-d5a15eaf9d74",
            "ticker": "KXHIGHCHI-24NOV26-B38.5",
            "count": 20,
            "created_time": "2024-11-26T04:35:58.000715Z",
            "yes_price": 15,
            "no_price": 85,
            "taker_side": "yes"
        },
        {
            "trade_id": "997a8661-339f-4834-95fe-6ec88de6d8eb",
            "ticker": "KXHIGHCHI-24NOV26-B38.5",
            "count": 15,
            "created_time": "2024-11-26T04:35:48.74119Z",
            "yes_price": 15,
            "no_price": 85,
            "taker_side": "yes"
        },
        {
            "trade_id": "b9af0f0f-8c86-42d2-9740-0137c154620d",
            "ticker": "KXHIGHCHI-24NOV26-B38.5",
            "count": 46,
            "created_time": "2024-11-26T04:18:38.822716Z",
            "yes_price": 15,
            "no_price": 85,
            "taker_side": "yes"
        },
        {
            "trade_id": "5cbeaa95-ac82-40fb-88d3-130711586e92",
            "ticker": "KXHIGHCHI-24NOV26-B38.5",
            "count": 54,
            "created_time": "2024-11-26T04:18:38.822716Z",
            "yes_price": 15,
            "no_price": 85,
            "taker_side": "yes"
        },
        {
            "trade_id": "7fa35b64-119e-4c8f-97aa-32642d5d7f2f",
            "ticker": "KXHIGHCHI-24NOV26-B38.5",
            "count": 72,
            "created_time": "2024-11-26T03:48:57.914211Z",
            "yes_price": 13,
            "no_price": 87,
            "taker_side": "yes"
        },
        {
            "trade_id": "51d4f8cc-5b42-49ed-994e-87d3ff38b4fb",
            "ticker": "KXHIGHCHI-24NOV26-B38.5",
            "count": 12,
            "created_time": "2024-11-26T03:34:49.90484Z",
            "yes_price": 8,
            "no_price": 92,
            "taker_side": "no"
        },
        {
            "trade_id": "68358428-ab6b-428b-a244-4f0537da1a5e",
            "ticker": "KXHIGHCHI-24NOV26-B38.5",
            "count": 2,
            "created_time": "2024-11-26T03:33:04.671831Z",
            "yes_price": 8,
            "no_price": 92,
            "taker_side": "no"
        },
        {
            "trade_id": "1179ee65-cc24-4331-8ee6-89278286f9a4",
            "ticker": "KXHIGHCHI-24NOV26-B38.5",
            "count": 100,
            "created_time": "2024-11-26T03:27:26.574718Z",
            "yes_price": 13,
            "no_price": 87,
            "taker_side": "no"
        },
        {
            "trade_id": "4106b595-87e5-4253-8c6c-c70b8bd66b20",
            "ticker": "KXHIGHCHI-24NOV26-B38.5",
            "count": 5,
            "created_time": "2024-11-26T03:08:26.382127Z",
            "yes_price": 17,
            "no_price": 83,
            "taker_side": "yes"
        },
        {
            "trade_id": "2974bcdb-fc00-4917-b392-a5aaec3ac289",
            "ticker": "KXHIGHCHI-24NOV26-B38.5",
            "count": 23,
            "created_time": "2024-11-26T03:04:12.101435Z",
            "yes_price": 13,
            "no_price": 87,
            "taker_side": "no"
        },
        {
            "trade_id": "e04edab8-5829-4bd5-b5da-08e123b8919f",
            "ticker": "KXHIGHCHI-24NOV26-B38.5",
            "count": 200,
            "created_time": "2024-11-26T02:39:29.345798Z",
            "yes_price": 14,
            "no_price": 86,
            "taker_side": "no"
        },
        {
            "trade_id": "405ad797-020c-42b7-a97a-1a520fd05437",
            "ticker": "KXHIGHCHI-24NOV26-B38.5",
            "count": 40,
            "created_time": "2024-11-26T02:39:29.345798Z",
            "yes_price": 14,
            "no_price": 86,
            "taker_side": "no"
        },
        {
            "trade_id": "013deac1-bd4d-42f4-8a7e-d098227e82b5",
            "ticker": "KXHIGHCHI-24NOV26-B38.5",
            "count": 50,
            "created_time": "2024-11-26T01:31:42.73074Z",
            "yes_price": 18,
            "no_price": 82,
            "taker_side": "no"
        },
        {
            "trade_id": "b3de942d-5b26-4fc8-9702-271b43ff6cb8",
            "ticker": "KXHIGHCHI-24NOV26-B38.5",
            "count": 10,
            "created_time": "2024-11-26T01:26:55.102775Z",
            "yes_price": 19,
            "no_price": 81,
            "taker_side": "yes"
        },
        {
            "trade_id": "6e412985-4fdf-48d6-9d21-acb76259bb85",
            "ticker": "KXHIGHCHI-24NOV26-B38.5",
            "count": 85,
            "created_time": "2024-11-26T01:26:55.102775Z",
            "yes_price": 20,
            "no_price": 80,
            "taker_side": "yes"
        },
        {
            "trade_id": "095ca8dd-d8c1-4326-9528-3b187c58111a",
            "ticker": "KXHIGHCHI-24NOV26-B38.5",
            "count": 50,
            "created_time": "2024-11-26T01:22:17.93189Z",
            "yes_price": 16,
            "no_price": 84,
            "taker_side": "no"
        },
        {
            "trade_id": "bf06c5bf-3c45-4dbd-addf-15e6d8bc59a9",
            "ticker": "KXHIGHCHI-24NOV26-B38.5",
            "count": 85,
            "created_time": "2024-11-26T01:13:15.662915Z",
            "yes_price": 20,
            "no_price": 80,
            "taker_side": "yes"
        },
        {
            "trade_id": "4674737a-b255-4fb1-9913-347d8f223f05",
            "ticker": "KXHIGHCHI-24NOV26-B38.5",
            "count": 9,
            "created_time": "2024-11-26T01:13:15.662915Z",
            "yes_price": 20,
            "no_price": 80,
            "taker_side": "yes"
        },
        {
            "trade_id": "e78060df-fa93-4b86-9b3b-1eb704290729",
            "ticker": "KXHIGHCHI-24NOV26-B38.5",
            "count": 23,
            "created_time": "2024-11-26T00:20:34.134664Z",
            "yes_price": 20,
            "no_price": 80,
            "taker_side": "yes"
        },
        {
            "trade_id": "0e6f0ce7-e680-459d-8242-75a3350feae4",
            "ticker": "KXHIGHCHI-24NOV26-B38.5",
            "count": 10,
            "created_time": "2024-11-25T23:44:07.546774Z",
            "yes_price": 20,
            "no_price": 80,
            "taker_side": "yes"
        },
        {
            "trade_id": "65f9b8e7-07f5-4d79-94c1-74b32e51671e",
            "ticker": "KXHIGHCHI-24NOV26-B38.5",
            "count": 94,
            "created_time": "2024-11-25T23:06:28.312199Z",
            "yes_price": 17,
            "no_price": 83,
            "taker_side": "yes"
        },
        {
            "trade_id": "597683f7-18f8-4e7e-ba29-9ef22350f2e2",
            "ticker": "KXHIGHCHI-24NOV26-B38.5",
            "count": 115,
            "created_time": "2024-11-25T22:42:37.427539Z",
            "yes_price": 14,
            "no_price": 86,
            "taker_side": "no"
        },
        {
            "trade_id": "139527ca-42d9-467c-86d1-effd98704676",
            "ticker": "KXHIGHCHI-24NOV26-B38.5",
            "count": 10,
            "created_time": "2024-11-25T22:34:41.208533Z",
            "yes_price": 19,
            "no_price": 81,
            "taker_side": "yes"
        },
        {
            "trade_id": "dccf3301-c043-41e0-b156-2644d4306da9",
            "ticker": "KXHIGHCHI-24NOV26-B38.5",
            "count": 4,
            "created_time": "2024-11-25T21:55:35.376413Z",
            "yes_price": 23,
            "no_price": 77,
            "taker_side": "no"
        },
        {
            "trade_id": "cc1aef03-7b7d-4e75-9e40-759d11de65f5",
            "ticker": "KXHIGHCHI-24NOV26-B38.5",
            "count": 15,
            "created_time": "2024-11-25T21:44:06.40709Z",
            "yes_price": 18,
            "no_price": 82,
            "taker_side": "yes"
        },
        {
            "trade_id": "03df889d-7d48-430c-9e0e-e7a42ff88f3d",
            "ticker": "KXHIGHCHI-24NOV26-B38.5",
            "count": 200,
            "created_time": "2024-11-25T21:42:44.745038Z",
            "yes_price": 17,
            "no_price": 83,
            "taker_side": "yes"
        },
        {
            "trade_id": "44e7854c-4af1-4223-bb97-78dc826a0465",
            "ticker": "KXHIGHCHI-24NOV26-B38.5",
            "count": 100,
            "created_time": "2024-11-25T21:42:23.634198Z",
            "yes_price": 16,
            "no_price": 84,
            "taker_side": "yes"
        },
        {
            "trade_id": "89f0eac2-9058-4a0a-af73-2122f0552640",
            "ticker": "KXHIGHCHI-24NOV26-B38.5",
            "count": 100,
            "created_time": "2024-11-25T21:39:25.202295Z",
            "yes_price": 16,
            "no_price": 84,
            "taker_side": "no"
        },
        {
            "trade_id": "62ee4b7f-531b-49c6-a7ad-6159e5536c3a",
            "ticker": "KXHIGHCHI-24NOV26-B38.5",
            "count": 85,
            "created_time": "2024-11-25T21:36:26.811912Z",
            "yes_price": 19,
            "no_price": 81,
            "taker_side": "no"
        },
        {
            "trade_id": "cdf532d5-8c5a-4509-8552-354ecec3a6cd",
            "ticker": "KXHIGHCHI-24NOV26-B38.5",
            "count": 20,
            "created_time": "2024-11-25T21:33:16.875474Z",
            "yes_price": 23,
            "no_price": 77,
            "taker_side": "yes"
        },
        {
            "trade_id": "bd64fde9-7895-4a0c-a261-a2826b6feb36",
            "ticker": "KXHIGHCHI-24NOV26-B38.5",
            "count": 100,
            "created_time": "2024-11-25T20:47:32.328949Z",
            "yes_price": 25,
            "no_price": 75,
            "taker_side": "yes"
        },
        {
            "trade_id": "022bda1b-0fb1-4ab5-a5e5-8b28bb3d7815",
            "ticker": "KXHIGHCHI-24NOV26-B38.5",
            "count": 50,
            "created_time": "2024-11-25T20:47:32.328949Z",
            "yes_price": 26,
            "no_price": 74,
            "taker_side": "yes"
        },
        {
            "trade_id": "d993ca7e-56b2-461a-940a-98f8a3a7cc15",
            "ticker": "KXHIGHCHI-24NOV26-B38.5",
            "count": 35,
            "created_time": "2024-11-25T20:18:42.480724Z",
            "yes_price": 27,
            "no_price": 73,
            "taker_side": "no"
        },
        {
            "trade_id": "0f80f83a-4cd2-4248-ab00-5febd74cd1f4",
            "ticker": "KXHIGHCHI-24NOV26-B38.5",
            "count": 6,
            "created_time": "2024-11-25T18:34:29.809278Z",
            "yes_price": 28,
            "no_price": 72,
            "taker_side": "yes"
        },
        {
            "trade_id": "d720896e-eb3f-429d-bbe4-4ae65828dba6",
            "ticker": "KXHIGHCHI-24NOV26-B38.5",
            "count": 100,
            "created_time": "2024-11-25T17:51:27.090858Z",
            "yes_price": 27,
            "no_price": 73,
            "taker_side": "no"
        },
        {
            "trade_id": "d322760d-d3fa-4767-a0b8-9f41b02469e6",
            "ticker": "KXHIGHCHI-24NOV26-B38.5",
            "count": 65,
            "created_time": "2024-11-25T17:50:51.018087Z",
            "yes_price": 27,
            "no_price": 73,
            "taker_side": "yes"
        },
        {
            "trade_id": "a1dd634f-1a31-4b67-a2df-5ac2adbb0ec6",
            "ticker": "KXHIGHCHI-24NOV26-B38.5",
            "count": 100,
            "created_time": "2024-11-25T17:50:51.018087Z",
            "yes_price": 27,
            "no_price": 73,
            "taker_side": "yes"
        },
        {
            "trade_id": "9d9c1997-2d0e-47f4-8997-3d6f59a3f61f",
            "ticker": "KXHIGHCHI-24NOV26-B38.5",
            "count": 35,
            "created_time": "2024-11-25T17:06:39.921296Z",
            "yes_price": 27,
            "no_price": 73,
            "taker_side": "yes"
        },
        {
            "trade_id": "d06dba23-a68c-4646-8316-d9d75f333658",
            "ticker": "KXHIGHCHI-24NOV26-B38.5",
            "count": 18,
            "created_time": "2024-11-25T16:30:46.361926Z",
            "yes_price": 26,
            "no_price": 74,
            "taker_side": "no"
        },
        {
            "trade_id": "17b3e2df-f4a4-43c8-ba33-1abeccdecdf0",
            "ticker": "KXHIGHCHI-24NOV26-B38.5",
            "count": 100,
            "created_time": "2024-11-25T16:30:37.593663Z",
            "yes_price": 27,
            "no_price": 73,
            "taker_side": "no"
        },
        {
            "trade_id": "685ffd77-2d39-413c-8da3-1e8ca23190c7",
            "ticker": "KXHIGHCHI-24NOV26-B38.5",
            "count": 100,
            "created_time": "2024-11-25T16:30:37.590482Z",
            "yes_price": 27,
            "no_price": 73,
            "taker_side": "no"
        },
        {
            "trade_id": "0b3af451-5399-4c25-adfb-d624c00da3ec",
            "ticker": "KXHIGHCHI-24NOV26-B38.5",
            "count": 30,
            "created_time": "2024-11-25T15:23:05.693851Z",
            "yes_price": 31,
            "no_price": 69,
            "taker_side": "yes"
        }
    ],
    "KXHIGHCHI-24NOV26-B40.5": [
        {
            "trade_id": "96a2eb8a-2d50-4c4f-977d-4092c6daac10",
            "ticker": "KXHIGHCHI-24NOV26-B40.5",
            "count": 21,
            "created_time": "2024-11-27T04:10:05.348415Z",
            "yes_price": 99,
            "no_price": 1,
            "taker_side": "no"
        },
        {
            "trade_id": "da436c5f-7abb-4531-993c-662a0304b38d",
            "ticker": "KXHIGHCHI-24NOV26-B40.5",
            "count": 8,
            "created_time": "2024-11-27T04:09:53.438886Z",
            "yes_price": 99,
            "no_price": 1,
            "taker_side": "no"
        },
        {
            "trade_id": "04b4e9ba-f271-4b5e-ac8b-408964368a36",
            "ticker": "KXHIGHCHI-24NOV26-B40.5",
            "count": 46,
            "created_time": "2024-11-27T03:35:26.561774Z",
            "yes_price": 99,
            "no_price": 1,
            "taker_side": "no"
        },
        {
            "trade_id": "f3dd1b66-b772-44b7-bbd2-49d75155c1c5",
            "ticker": "KXHIGHCHI-24NOV26-B40.5",
            "count": 100,
            "created_time": "2024-11-27T01:41:17.847168Z",
            "yes_price": 99,
            "no_price": 1,
            "taker_side": "no"
        },
        {
            "trade_id": "a6045a86-c2a5-4209-b33a-9fcf232605b5",
            "ticker": "KXHIGHCHI-24NOV26-B40.5",
            "count": 13,
            "created_time": "2024-11-27T00:52:00.02732Z",
            "yes_price": 99,
            "no_price": 1,
            "taker_side": "no"
        },
        {
            "trade_id": "ae5c420a-7bec-4240-ab35-bf23e108e138",
            "ticker": "KXHIGHCHI-24NOV26-B40.5",
            "count": 32,
            "created_time": "2024-11-26T23:54:32.346995Z",
            "yes_price": 99,
            "no_price": 1,
            "taker_side": "no"
        },
        {
            "trade_id": "04e4d83d-adad-4c3d-b473-b22d5662592a",
            "ticker": "KXHIGHCHI-24NOV26-B40.5",
            "count": 21,
            "created_time": "2024-11-26T23:51:46.70762Z",
            "yes_price": 99,
            "no_price": 1,
            "taker_side": "no"
        },
        {
            "trade_id": "ff45de71-c518-46c6-aea9-135b9159f662",
            "ticker": "KXHIGHCHI-24NOV26-B40.5",
            "count": 130,
            "created_time": "2024-11-26T23:08:31.399523Z",
            "yes_price": 99,
            "no_price": 1,
            "taker_side": "no"
        },
        {
            "trade_id": "b02c076b-0390-4b2a-ae34-387004e7c54f",
            "ticker": "KXHIGHCHI-24NOV26-B40.5",
            "count": 33,
            "created_time": "2024-11-26T22:47:50.869585Z",
            "yes_price": 99,
            "no_price": 1,
            "taker_side": "no"
        },
        {
            "trade_id": "40379a95-ffdd-4a6e-8583-eb72d0d73f63",
            "ticker": "KXHIGHCHI-24NOV26-B40.5",
            "count": 42,
            "created_time": "2024-11-26T22:16:25.652123Z",
            "yes_price": 99,
            "no_price": 1,
            "taker_side": "no"
        },
        {
            "trade_id": "c3819822-2803-42d9-89ef-e995a54ace0c",
            "ticker": "KXHIGHCHI-24NOV26-B40.5",
            "count": 51,
            "created_time": "2024-11-26T22:15:24.655693Z",
            "yes_price": 99,
            "no_price": 1,
            "taker_side": "no"
        },
        {
            "trade_id": "40888d4c-1c77-4332-9004-7e22ff7c1209",
            "ticker": "KXHIGHCHI-24NOV26-B40.5",
            "count": 10,
            "created_time": "2024-11-26T22:14:02.987737Z",
            "yes_price": 99,
            "no_price": 1,
            "taker_side": "no"
        },
        {
            "trade_id": "6b83a937-ad62-415d-8bdd-7c016347cf8e",
            "ticker": "KXHIGHCHI-24NOV26-B40.5",
            "count": 980,
            "created_time": "2024-11-26T22:10:19.858395Z",
            "yes_price": 99,
            "no_price": 1,
            "taker_side": "no"
        },
        {
            "trade_id": "567ee712-f719-4a5c-abc1-e57baa3975ea",
            "ticker": "KXHIGHCHI-24NOV26-B40.5",
            "count": 109,
            "created_time": "2024-11-26T22:00:28.471659Z",
            "yes_price": 99,
            "no_price": 1,
            "taker_side": "no"
        },
        {
            "trade_id": "e25ad632-05e7-4783-97b3-02429b0f1190",
            "ticker": "KXHIGHCHI-24NOV26-B40.5",
            "count": 4,
            "created_time": "2024-11-26T21:53:13.533162Z",
            "yes_price": 99,
            "no_price": 1,
            "taker_side": "no"
        },
        {
            "trade_id": "269b1c0c-ce55-4041-97dd-3311cbe93fd4",
            "ticker": "KXHIGHCHI-24NOV26-B40.5",
            "count": 75,
            "created_time": "2024-11-26T21:51:17.795357Z",
            "yes_price": 99,
            "no_price": 1,
            "taker_side": "no"
        },
        {
            "trade_id": "93e5fd49-7dea-4b89-8468-114ce421945f",
            "ticker": "KXHIGHCHI-24NOV26-B40.5",
            "count": 72,
            "created_time": "2024-11-26T21:49:39.740308Z",
            "yes_price": 99,
            "no_price": 1,
            "taker_side": "yes"
        },
        {
            "trade_id": "6b762644-f2ed-464d-9b41-d2b4b62dc1fa",
            "ticker": "KXHIGHCHI-24NOV26-B40.5",
            "count": 27,
            "created_time": "2024-11-26T21:49:39.740308Z",
            "yes_price": 99,
            "no_price": 1,
            "taker_side": "yes"
        },
        {
            "trade_id": "4c61888c-086c-4ce9-b4ab-f22e43554b9d",
            "ticker": "KXHIGHCHI-24NOV26-B40.5",
            "count": 254,
            "created_time": "2024-11-26T21:49:39.740308Z",
            "yes_price": 99,
            "no_price": 1,
            "taker_side": "yes"
        },
        {
            "trade_id": "31d3797b-e701-4f36-a572-160d97450766",
            "ticker": "KXHIGHCHI-24NOV26-B40.5",
            "count": 54,
            "created_time": "2024-11-26T21:49:39.740308Z",
            "yes_price": 99,
            "no_price": 1,
            "taker_side": "yes"
        },
        {
            "trade_id": "af6eb928-b49a-4936-9dd3-d6fc1b8c51e2",
            "ticker": "KXHIGHCHI-24NOV26-B40.5",
            "count": 25,
            "created_time": "2024-11-26T21:48:20.097713Z",
            "yes_price": 98,
            "no_price": 2,
            "taker_side": "no"
        },
        {
            "trade_id": "a85ebbec-12f9-4275-8465-8ae518396982",
            "ticker": "KXHIGHCHI-24NOV26-B40.5",
            "count": 24,
            "created_time": "2024-11-26T21:46:40.986444Z",
            "yes_price": 98,
            "no_price": 2,
            "taker_side": "yes"
        },
        {
            "trade_id": "bbbdc483-e75a-4ad5-98f5-3a9d352c9251",
            "ticker": "KXHIGHCHI-24NOV26-B40.5",
            "count": 56,
            "created_time": "2024-11-26T21:46:39.26009Z",
            "yes_price": 97,
            "no_price": 3,
            "taker_side": "no"
        },
        {
            "trade_id": "046e959d-c004-4d02-a251-ec731c10c164",
            "ticker": "KXHIGHCHI-24NOV26-B40.5",
            "count": 49,
            "created_time": "2024-11-26T21:46:39.26009Z",
            "yes_price": 97,
            "no_price": 3,
            "taker_side": "no"
        },
        {
            "trade_id": "053b922c-c2c4-4acf-8b0d-dcc0319e8da4",
            "ticker": "KXHIGHCHI-24NOV26-B40.5",
            "count": 34,
            "created_time": "2024-11-26T21:45:50.150473Z",
            "yes_price": 97,
            "no_price": 3,
            "taker_side": "yes"
        },
        {
            "trade_id": "c53cc11d-aab1-498c-8ab0-adb0ed7dcf06",
            "ticker": "KXHIGHCHI-24NOV26-B40.5",
            "count": 1,
            "created_time": "2024-11-26T21:35:05.276724Z",
            "yes_price": 96,
            "no_price": 4,
            "taker_side": "no"
        },
        {
            "trade_id": "2096be9d-e4f1-4c2e-90fd-7a3dddf2541c",
            "ticker": "KXHIGHCHI-24NOV26-B40.5",
            "count": 1,
            "created_time": "2024-11-26T21:30:24.674508Z",
            "yes_price": 96,
            "no_price": 4,
            "taker_side": "yes"
        },
        {
            "trade_id": "d45000b1-4b1a-4786-ade5-884612a3ab58",
            "ticker": "KXHIGHCHI-24NOV26-B40.5",
            "count": 1,
            "created_time": "2024-11-26T21:29:09.532476Z",
            "yes_price": 92,
            "no_price": 8,
            "taker_side": "no"
        },
        {
            "trade_id": "7a6f4137-f501-4de5-b743-e5d83bf936a0",
            "ticker": "KXHIGHCHI-24NOV26-B40.5",
            "count": 45,
            "created_time": "2024-11-26T21:27:16.118917Z",
            "yes_price": 97,
            "no_price": 3,
            "taker_side": "yes"
        },
        {
            "trade_id": "65c551f2-37cf-45a6-a80f-98306ded14ba",
            "ticker": "KXHIGHCHI-24NOV26-B40.5",
            "count": 100,
            "created_time": "2024-11-26T21:27:16.118917Z",
            "yes_price": 98,
            "no_price": 2,
            "taker_side": "yes"
        },
        {
            "trade_id": "5450a979-24f4-41a6-a204-01d61183172f",
            "ticker": "KXHIGHCHI-24NOV26-B40.5",
            "count": 500,
            "created_time": "2024-11-26T21:27:16.118917Z",
            "yes_price": 99,
            "no_price": 1,
            "taker_side": "yes"
        },
        {
            "trade_id": "28fe1df8-1f04-4f16-abd7-7fc555cae027",
            "ticker": "KXHIGHCHI-24NOV26-B40.5",
            "count": 246,
            "created_time": "2024-11-26T21:27:16.118917Z",
            "yes_price": 99,
            "no_price": 1,
            "taker_side": "yes"
        },
        {
            "trade_id": "1fd58e6d-fd69-479c-899c-ccffe7da1269",
            "ticker": "KXHIGHCHI-24NOV26-B40.5",
            "count": 120,
            "created_time": "2024-11-26T21:27:16.118917Z",
            "yes_price": 99,
            "no_price": 1,
            "taker_side": "yes"
        },
        {
            "trade_id": "878cfbe2-cb4f-49e0-9b74-73f6cf2174c4",
            "ticker": "KXHIGHCHI-24NOV26-B40.5",
            "count": 29,
            "created_time": "2024-11-26T21:15:16.644205Z",
            "yes_price": 96,
            "no_price": 4,
            "taker_side": "yes"
        },
        {
            "trade_id": "7be4397f-6323-4800-9a71-04ecab3713b1",
            "ticker": "KXHIGHCHI-24NOV26-B40.5",
            "count": 16,
            "created_time": "2024-11-26T21:15:15.582595Z",
            "yes_price": 89,
            "no_price": 11,
            "taker_side": "no"
        },
        {
            "trade_id": "fb022b15-f5ef-45e3-977d-89702fde71b7",
            "ticker": "KXHIGHCHI-24NOV26-B40.5",
            "count": 19,
            "created_time": "2024-11-26T21:14:55.378501Z",
            "yes_price": 95,
            "no_price": 5,
            "taker_side": "yes"
        },
        {
            "trade_id": "ec75c468-651f-42c6-8a41-4638eef8e342",
            "ticker": "KXHIGHCHI-24NOV26-B40.5",
            "count": 5,
            "created_time": "2024-11-26T21:14:55.378501Z",
            "yes_price": 95,
            "no_price": 5,
            "taker_side": "yes"
        },
        {
            "trade_id": "6ab5ba42-aa43-4255-840c-e14742d3af59",
            "ticker": "KXHIGHCHI-24NOV26-B40.5",
            "count": 6,
            "created_time": "2024-11-26T21:14:55.378501Z",
            "yes_price": 96,
            "no_price": 4,
            "taker_side": "yes"
        },
        {
            "trade_id": "59808ac9-fb3d-4c09-aa61-6f8d295d3173",
            "ticker": "KXHIGHCHI-24NOV26-B40.5",
            "count": 10,
            "created_time": "2024-11-26T21:14:55.378501Z",
            "yes_price": 95,
            "no_price": 5,
            "taker_side": "yes"
        },
        {
            "trade_id": "4b089b40-752f-4103-8d9d-5682eacc47d4",
            "ticker": "KXHIGHCHI-24NOV26-B40.5",
            "count": 50,
            "created_time": "2024-11-26T21:14:55.378501Z",
            "yes_price": 95,
            "no_price": 5,
            "taker_side": "yes"
        },
        {
            "trade_id": "34e3e2d2-7c7e-4966-8ee5-6b5870803bb2",
            "ticker": "KXHIGHCHI-24NOV26-B40.5",
            "count": 14,
            "created_time": "2024-11-26T21:14:55.378501Z",
            "yes_price": 94,
            "no_price": 6,
            "taker_side": "yes"
        },
        {
            "trade_id": "4db1bb98-54e2-4c83-98ab-b99d83a8e08d",
            "ticker": "KXHIGHCHI-24NOV26-B40.5",
            "count": 52,
            "created_time": "2024-11-26T21:10:42.867436Z",
            "yes_price": 92,
            "no_price": 8,
            "taker_side": "yes"
        },
        {
            "trade_id": "4862b182-ce52-4d0c-8876-6d7b3c32995a",
            "ticker": "KXHIGHCHI-24NOV26-B40.5",
            "count": 49,
            "created_time": "2024-11-26T21:10:35.493382Z",
            "yes_price": 92,
            "no_price": 8,
            "taker_side": "yes"
        },
        {
            "trade_id": "06411b6b-95d6-4918-a190-13123e15cacc",
            "ticker": "KXHIGHCHI-24NOV26-B40.5",
            "count": 106,
            "created_time": "2024-11-26T21:10:22.54011Z",
            "yes_price": 92,
            "no_price": 8,
            "taker_side": "yes"
        },
        {
            "trade_id": "062c7cd2-3e9e-4130-a593-e7f03b536713",
            "ticker": "KXHIGHCHI-24NOV26-B40.5",
            "count": 47,
            "created_time": "2024-11-26T21:09:59.443879Z",
            "yes_price": 93,
            "no_price": 7,
            "taker_side": "no"
        },
        {
            "trade_id": "25a84f11-675e-4253-a1df-6ef8865c3258",
            "ticker": "KXHIGHCHI-24NOV26-B40.5",
            "count": 45,
            "created_time": "2024-11-26T21:08:07.538909Z",
            "yes_price": 87,
            "no_price": 13,
            "taker_side": "no"
        },
        {
            "trade_id": "c20c198a-5e88-4076-bb12-0ae314e3056d",
            "ticker": "KXHIGHCHI-24NOV26-B40.5",
            "count": 4,
            "created_time": "2024-11-26T20:58:00.669559Z",
            "yes_price": 95,
            "no_price": 5,
            "taker_side": "yes"
        },
        {
            "trade_id": "2d65bfe0-39bb-48fe-980c-653d3ebdb051",
            "ticker": "KXHIGHCHI-24NOV26-B40.5",
            "count": 16,
            "created_time": "2024-11-26T20:44:53.880422Z",
            "yes_price": 95,
            "no_price": 5,
            "taker_side": "yes"
        },
        {
            "trade_id": "cdb00504-291d-461d-8a28-4599ec570f4a",
            "ticker": "KXHIGHCHI-24NOV26-B40.5",
            "count": 1,
            "created_time": "2024-11-26T20:38:04.444016Z",
            "yes_price": 94,
            "no_price": 6,
            "taker_side": "yes"
        },
        {
            "trade_id": "2bc8e3e2-9e82-47c4-ae89-8b735e34156b",
            "ticker": "KXHIGHCHI-24NOV26-B40.5",
            "count": 8,
            "created_time": "2024-11-26T20:37:58.060128Z",
            "yes_price": 87,
            "no_price": 13,
            "taker_side": "no"
        },
        {
            "trade_id": "d903c52f-63ae-44f2-a2ab-552a8c38036e",
            "ticker": "KXHIGHCHI-24NOV26-B40.5",
            "count": 1,
            "created_time": "2024-11-26T20:37:47.678829Z",
            "yes_price": 94,
            "no_price": 6,
            "taker_side": "yes"
        },
        {
            "trade_id": "fdf0c652-1269-44d7-82ec-d86711eced63",
            "ticker": "KXHIGHCHI-24NOV26-B40.5",
            "count": 7,
            "created_time": "2024-11-26T20:30:39.898832Z",
            "yes_price": 87,
            "no_price": 13,
            "taker_side": "no"
        },
        {
            "trade_id": "e8064db3-629d-4489-bbfc-ec8325f7b098",
            "ticker": "KXHIGHCHI-24NOV26-B40.5",
            "count": 118,
            "created_time": "2024-11-26T20:28:05.425962Z",
            "yes_price": 86,
            "no_price": 14,
            "taker_side": "no"
        },
        {
            "trade_id": "09666363-6550-4662-a3fd-3ea8448e836f",
            "ticker": "KXHIGHCHI-24NOV26-B40.5",
            "count": 60,
            "created_time": "2024-11-26T20:27:07.322572Z",
            "yes_price": 86,
            "no_price": 14,
            "taker_side": "no"
        },
        {
            "trade_id": "79d5c919-005a-480c-a4ee-3a33b2aad17f",
            "ticker": "KXHIGHCHI-24NOV26-B40.5",
            "count": 14,
            "created_time": "2024-11-26T20:26:33.608859Z",
            "yes_price": 86,
            "no_price": 14,
            "taker_side": "no"
        },
        {
            "trade_id": "8400485f-b890-4398-9f5c-77ce219f38ed",
            "ticker": "KXHIGHCHI-24NOV26-B40.5",
            "count": 8,
            "created_time": "2024-11-26T20:25:43.281685Z",
            "yes_price": 90,
            "no_price": 10,
            "taker_side": "yes"
        },
        {
            "trade_id": "6162d8bf-68ea-456d-8cef-00695b232518",
            "ticker": "KXHIGHCHI-24NOV26-B40.5",
            "count": 1,
            "created_time": "2024-11-26T20:25:43.281685Z",
            "yes_price": 95,
            "no_price": 5,
            "taker_side": "yes"
        },
        {
            "trade_id": "67d67808-e380-478d-98b8-93d23a61dc7e",
            "ticker": "KXHIGHCHI-24NOV26-B40.5",
            "count": 99,
            "created_time": "2024-11-26T20:18:34.373025Z",
            "yes_price": 85,
            "no_price": 15,
            "taker_side": "yes"
        },
        {
            "trade_id": "61a54267-fa6a-4d6e-8cac-9bc98f926915",
            "ticker": "KXHIGHCHI-24NOV26-B40.5",
            "count": 12,
            "created_time": "2024-11-26T20:18:34.373025Z",
            "yes_price": 89,
            "no_price": 11,
            "taker_side": "yes"
        },
        {
            "trade_id": "4eabe1c1-636a-4ff8-82a5-d1c4288e865d",
            "ticker": "KXHIGHCHI-24NOV26-B40.5",
            "count": 118,
            "created_time": "2024-11-26T20:17:41.61238Z",
            "yes_price": 82,
            "no_price": 18,
            "taker_side": "yes"
        },
