{
    "HIGHCHI-24JUN20-T90": [
        {
            "trade_id": "1c6373a5-6c4c-4f39-a5c2-be061ee7fa70",
            "ticker": "HIGHCHI-24JUN20-T90",
            "count": 10,
            "created_time": "2024-06-20T19:20:56.786081Z",
            "yes_price": 98,
            "no_price": 2,
            "taker_side": "yes"
        },
        {
            "trade_id": "21d6ed23-7730-4bfc-b4f1-6ddd2d268ab8",
            "ticker": "HIGHCHI-24JUN20-T90",
            "count": 50,
            "created_time": "2024-06-20T19:15:04.929067Z",
            "yes_price": 98,
            "no_price": 2,
            "taker_side": "yes"
        },
        {
            "trade_id": "853f8b54-b395-42a0-b96a-7064e12a29d9",
            "ticker": "HIGHCHI-24JUN20-T90",
            "count": 35,
            "created_time": "2024-06-20T18:46:03.040249Z",
            "yes_price": 97,
            "no_price": 3,
            "taker_side": "yes"
        },
        {
            "trade_id": "bae6cc93-70b1-4f87-a387-f288865ae071",
            "ticker": "HIGHCHI-24JUN20-T90",
            "count": 50,
            "created_time": "2024-06-20T18:01:51.641849Z",
            "yes_price": 96,
            "no_price": 4,
            "taker_side": "yes"
        },
        {
            "trade_id": "99c6de15-09c8-4bdb-a9fa-1a94793371c0",
            "ticker": "HIGHCHI-24JUN20-T90",
            "count": 50,
            "created_time": "2024-06-20T18:01:51.641849Z",
            "yes_price": 97,
            "no_price": 3,
            "taker_side": "yes"
        },
        {
            "trade_id": "33cf6608-cde3-48d8-9e8a-c1f9264c2b8d",
            "ticker": "HIGHCHI-24JUN20-T90",
            "count": 10,
            "created_time": "2024-06-20T18:01:51.641849Z",
            "yes_price": 95,
            "no_price": 5,
            "taker_side": "yes"
        },
        {
            "trade_id": "befd4ff4-4e01-4d4c-9246-352bcc4dd974",
            "ticker": "HIGHCHI-24JUN20-T90",
            "count": 15,
            "created_time": "2024-06-20T17:56:59.463714Z",
            "yes_price": 93,
            "no_price": 7,
            "taker_side": "yes"
        },
        {
            "trade_id": "15daac03-2809-47ac-a900-03f8f1369d2d",
            "ticker": "HIGHCHI-24JUN20-T90",
            "count": 118,
            "created_time": "2024-06-20T17:46:15.42856Z",
            "yes_price": 91,
            "no_price": 9,
            "taker_side": "yes"
        },
        {
            "trade_id": "b1704d67-6e17-4921-a7dc-8cd243d660b2",
            "ticker": "HIGHCHI-24JUN20-T90",
            "count": 120,
            "created_time": "2024-06-20T17:17:07.687658Z",
            "yes_price": 90,
            "no_price": 10,
            "taker_side": "yes"
        },
        {
            "trade_id": "2ec9a848-aad5-4260-aec8-60582df87e64",
            "ticker": "HIGHCHI-24JUN20-T90",
            "count": 10,
            "created_time": "2024-06-20T17:17:07.687658Z",
            "yes_price": 91,
            "no_price": 9,
            "taker_side": "yes"
        },
        {
            "trade_id": "59dcf9a8-e6bc-4204-9747-038061c05deb",
            "ticker": "HIGHCHI-24JUN20-T90",
            "count": 1,
            "created_time": "2024-06-20T17:15:35.320395Z",
            "yes_price": 90,
            "no_price": 10,
            "taker_side": "yes"
        },
        {
            "trade_id": "15c7d6a9-8949-4ec1-a298-30efdb921c2d",
            "ticker": "HIGHCHI-24JUN20-T90",
            "count": 135,
            "created_time": "2024-06-20T16:59:02.093603Z",
            "yes_price": 89,
            "no_price": 11,
            "taker_side": "yes"
        },
        {
            "trade_id": "865f9dca-8ab0-41ad-b2d2-db1fd545ecec",
            "ticker": "HIGHCHI-24JUN20-T90",
            "count": 30,
            "created_time": "2024-06-20T16:17:32.70002Z",
            "yes_price": 81,
            "no_price": 19,
            "taker_side": "no"
        },
        {
            "trade_id": "e45fd2d3-be9a-4f30-8571-de1c001813fd",
            "ticker": "HIGHCHI-24JUN20-T90",
            "count": 150,
            "created_time": "2024-06-20T15:57:39.838807Z",
            "yes_price": 89,
            "no_price": 11,
            "taker_side": "yes"
        },
        {
            "trade_id": "b534a1e0-8cf3-4fb8-bc6b-802c0f6fdfa4",
            "ticker": "HIGHCHI-24JUN20-T90",
            "count": 135,
            "created_time": "2024-06-20T15:57:39.838807Z",
            "yes_price": 87,
            "no_price": 13,
            "taker_side": "yes"
        },
        {
            "trade_id": "ea05a248-2745-41b5-88af-b29f58d38fa5",
            "ticker": "HIGHCHI-24JUN20-T90",
            "count": 2,
            "created_time": "2024-06-20T15:10:35.225612Z",
            "yes_price": 79,
            "no_price": 21,
            "taker_side": "no"
        },
        {
            "trade_id": "85f63616-bbd4-4710-a9c7-a97c3baf3c90",
            "ticker": "HIGHCHI-24JUN20-T90",
            "count": 48,
            "created_time": "2024-06-20T15:10:35.225612Z",
            "yes_price": 80,
            "no_price": 20,
            "taker_side": "no"
        },
        {
            "trade_id": "73f4e397-a925-4743-8198-a44ff24785c8",
            "ticker": "HIGHCHI-24JUN20-T90",
            "count": 50,
            "created_time": "2024-06-20T15:01:54.394231Z",
            "yes_price": 80,
            "no_price": 20,
            "taker_side": "no"
        },
        {
            "trade_id": "5a691914-16d7-4da9-8063-56051466e606",
            "ticker": "HIGHCHI-24JUN20-T90",
            "count": 150,
            "created_time": "2024-06-20T14:53:56.998812Z",
            "yes_price": 83,
            "no_price": 17,
            "taker_side": "yes"
        },
        {
            "trade_id": "f49f8af0-5219-4c54-961a-c6a812693a36",
            "ticker": "HIGHCHI-24JUN20-T90",
            "count": 49,
            "created_time": "2024-06-20T14:49:13.57596Z",
            "yes_price": 79,
            "no_price": 21,
            "taker_side": "no"
        },
        {
            "trade_id": "7f658987-6d39-4d48-bd6e-71f8b0900fb0",
            "ticker": "HIGHCHI-24JUN20-T90",
            "count": 100,
            "created_time": "2024-06-20T14:05:54.466122Z",
            "yes_price": 80,
            "no_price": 20,
            "taker_side": "no"
        },
        {
            "trade_id": "cb379c4b-c9b5-4b3c-a4f0-089b28b5a6c0",
            "ticker": "HIGHCHI-24JUN20-T90",
            "count": 1,
            "created_time": "2024-06-20T14:01:01.949421Z",
            "yes_price": 80,
            "no_price": 20,
            "taker_side": "yes"
        },
        {
            "trade_id": "8e5e8df7-d431-482f-92b5-1eb3eab85311",
            "ticker": "HIGHCHI-24JUN20-T90",
            "count": 100,
            "created_time": "2024-06-20T14:01:01.949421Z",
            "yes_price": 81,
            "no_price": 19,
            "taker_side": "yes"
        },
        {
            "trade_id": "814fa238-d1d0-49b5-ac39-0f15312ed92a",
            "ticker": "HIGHCHI-24JUN20-T90",
            "count": 19,
            "created_time": "2024-06-20T14:01:01.949421Z",
            "yes_price": 79,
            "no_price": 21,
            "taker_side": "yes"
        },
        {
            "trade_id": "4b07bd8d-6f9f-4047-85b3-c092185d1318",
            "ticker": "HIGHCHI-24JUN20-T90",
            "count": 15,
            "created_time": "2024-06-20T13:56:42.187785Z",
            "yes_price": 79,
            "no_price": 21,
            "taker_side": "yes"
        },
        {
            "trade_id": "d7e22688-aea1-442d-8c64-861fc0968de5",
            "ticker": "HIGHCHI-24JUN20-T90",
            "count": 1,
            "created_time": "2024-06-20T13:39:10.67973Z",
            "yes_price": 79,
            "no_price": 21,
            "taker_side": "yes"
        },
        {
            "trade_id": "dc39fb84-c820-43e2-b093-2664224db99e",
            "ticker": "HIGHCHI-24JUN20-T90",
            "count": 30,
            "created_time": "2024-06-20T13:31:40.229354Z",
            "yes_price": 76,
            "no_price": 24,
            "taker_side": "no"
        },
        {
            "trade_id": "862722ab-c74c-456f-842f-c13570c97760",
            "ticker": "HIGHCHI-24JUN20-T90",
            "count": 89,
            "created_time": "2024-06-20T13:18:34.0026Z",
            "yes_price": 75,
            "no_price": 25,
            "taker_side": "yes"
        },
        {
            "trade_id": "540e690d-0134-4c36-8b0e-b9ede2e5df10",
            "ticker": "HIGHCHI-24JUN20-T90",
            "count": 45,
            "created_time": "2024-06-20T12:22:03.090016Z",
            "yes_price": 71,
            "no_price": 29,
            "taker_side": "no"
        },
        {
            "trade_id": "59642a29-294f-43d6-8836-01294991aa02",
            "ticker": "HIGHCHI-24JUN20-T90",
            "count": 30,
            "created_time": "2024-06-20T12:21:46.402385Z",
            "yes_price": 72,
            "no_price": 28,
            "taker_side": "no"
        },
        {
            "trade_id": "b6d23094-2c42-4b38-ba8a-df3e54d1eb85",
            "ticker": "HIGHCHI-24JUN20-T90",
            "count": 90,
            "created_time": "2024-06-20T12:01:25.796592Z",
            "yes_price": 72,
            "no_price": 28,
            "taker_side": "no"
        },
        {
            "trade_id": "3954b8ea-7dd0-49c7-8052-5eb2789cdffa",
            "ticker": "HIGHCHI-24JUN20-T90",
            "count": 150,
            "created_time": "2024-06-20T12:01:25.796592Z",
            "yes_price": 70,
            "no_price": 30,
            "taker_side": "no"
        },
        {
            "trade_id": "2eace02f-51e1-4ab0-b792-30d5ccbce8c9",
            "ticker": "HIGHCHI-24JUN20-T90",
            "count": 150,
            "created_time": "2024-06-20T12:01:25.796592Z",
            "yes_price": 68,
            "no_price": 32,
            "taker_side": "no"
        },
        {
            "trade_id": "90813418-a1bf-467e-a1c7-8d71b5a5b8e4",
            "ticker": "HIGHCHI-24JUN20-T90",
            "count": 89,
            "created_time": "2024-06-20T12:00:50.263152Z",
            "yes_price": 75,
            "no_price": 25,
            "taker_side": "no"
        },
        {
            "trade_id": "9f2aee93-2d67-4cbc-882a-2b9e62017f94",
            "ticker": "HIGHCHI-24JUN20-T90",
            "count": 1,
            "created_time": "2024-06-20T12:00:50.177172Z",
            "yes_price": 70,
            "no_price": 30,
            "taker_side": "yes"
        },
        {
            "trade_id": "18678b1e-0003-4714-97e7-d9f7f735bf75",
            "ticker": "HIGHCHI-24JUN20-T90",
            "count": 60,
            "created_time": "2024-06-20T12:00:50.177172Z",
            "yes_price": 69,
            "no_price": 31,
            "taker_side": "yes"
        },
        {
            "trade_id": "b9498abc-5cc0-40de-a32f-4906c49fc3b2",
            "ticker": "HIGHCHI-24JUN20-T90",
            "count": 150,
            "created_time": "2024-06-20T12:00:50.162666Z",
            "yes_price": 69,
            "no_price": 31,
            "taker_side": "yes"
        },
        {
            "trade_id": "c7dfe17b-01ed-49b3-89d5-f8303254467a",
            "ticker": "HIGHCHI-24JUN20-T90",
            "count": 90,
            "created_time": "2024-06-20T12:00:50.147763Z",
            "yes_price": 69,
            "no_price": 31,
            "taker_side": "yes"
        },
        {
            "trade_id": "8ca394b4-5735-4ce3-8e6e-e262d5c82382",
            "ticker": "HIGHCHI-24JUN20-T90",
            "count": 75,
            "created_time": "2024-06-20T03:56:55.5275Z",
            "yes_price": 38,
            "no_price": 62,
            "taker_side": "no"
        },
        {
            "trade_id": "64716bd4-c546-4e8d-bee5-dcf302cab419",
            "ticker": "HIGHCHI-24JUN20-T90",
            "count": 150,
            "created_time": "2024-06-20T03:56:55.5275Z",
            "yes_price": 35,
            "no_price": 65,
            "taker_side": "no"
        },
        {
            "trade_id": "52513f6b-8eef-44a3-802a-d68465f3d928",
            "ticker": "HIGHCHI-24JUN20-T90",
            "count": 150,
            "created_time": "2024-06-20T03:56:55.5275Z",
            "yes_price": 33,
            "no_price": 67,
            "taker_side": "no"
        },
        {
            "trade_id": "6662b20e-ab31-431d-b640-734f0b9b520c",
            "ticker": "HIGHCHI-24JUN20-T90",
            "count": 45,
            "created_time": "2024-06-20T02:28:53.981449Z",
            "yes_price": 46,
            "no_price": 54,
            "taker_side": "yes"
        },
        {
            "trade_id": "8e264661-1683-45e5-8caf-396e97fcf419",
            "ticker": "HIGHCHI-24JUN20-T90",
            "count": 75,
            "created_time": "2024-06-20T02:28:26.025886Z",
            "yes_price": 46,
            "no_price": 54,
            "taker_side": "yes"
        },
        {
            "trade_id": "88383ae5-ae6f-4cb4-9ec9-345d8e958fc2",
            "ticker": "HIGHCHI-24JUN20-T90",
            "count": 60,
            "created_time": "2024-06-20T02:28:04.539096Z",
            "yes_price": 45,
            "no_price": 55,
            "taker_side": "yes"
        },
        {
            "trade_id": "b18245fd-c677-4624-9d21-a0221f1f290e",
            "ticker": "HIGHCHI-24JUN20-T90",
            "count": 75,
            "created_time": "2024-06-20T02:27:51.410101Z",
            "yes_price": 44,
            "no_price": 56,
            "taker_side": "yes"
        },
        {
            "trade_id": "33af8639-1203-4c4a-b775-4a3ad2012450",
            "ticker": "HIGHCHI-24JUN20-T90",
            "count": 75,
            "created_time": "2024-06-20T02:27:37.299702Z",
            "yes_price": 44,
            "no_price": 56,
            "taker_side": "yes"
        },
        {
            "trade_id": "cd21dad4-3e27-45e7-8c7e-3068dd19ea2b",
            "ticker": "HIGHCHI-24JUN20-T90",
            "count": 15,
            "created_time": "2024-06-20T01:13:22.784758Z",
            "yes_price": 38,
            "no_price": 62,
            "taker_side": "no"
        },
        {
            "trade_id": "6aaeeeef-1739-4f09-ab00-b18ad7b547e2",
            "ticker": "HIGHCHI-24JUN20-T90",
            "count": 21,
            "created_time": "2024-06-20T01:13:22.784758Z",
            "yes_price": 36,
            "no_price": 64,
            "taker_side": "no"
        },
        {
            "trade_id": "6a13cb9a-3c42-4354-b70a-3b001e09589c",
            "ticker": "HIGHCHI-24JUN20-T90",
            "count": 60,
            "created_time": "2024-06-20T00:22:48.802651Z",
            "yes_price": 39,
            "no_price": 61,
            "taker_side": "no"
        },
        {
            "trade_id": "1f995f69-598e-46ce-8099-335b48490f03",
            "ticker": "HIGHCHI-24JUN20-T90",
            "count": 90,
            "created_time": "2024-06-20T00:22:48.802651Z",
            "yes_price": 37,
            "no_price": 63,
            "taker_side": "no"
        },
        {
            "trade_id": "7b323f08-32be-4fa2-a4ad-7f5bc617280a",
            "ticker": "HIGHCHI-24JUN20-T90",
            "count": 31,
            "created_time": "2024-06-19T23:10:30.962279Z",
            "yes_price": 58,
            "no_price": 42,
            "taker_side": "yes"
        },
        {
            "trade_id": "d2d318fa-b998-464b-bd9e-7e027e0ca829",
            "ticker": "HIGHCHI-24JUN20-T90",
            "count": 18,
            "created_time": "2024-06-19T21:38:59.643767Z",
            "yes_price": 52,
            "no_price": 48,
            "taker_side": "yes"
        },
        {
            "trade_id": "960a520f-7672-49b8-a1f5-c5595fe57dad",
            "ticker": "HIGHCHI-24JUN20-T90",
            "count": 66,
            "created_time": "2024-06-19T20:29:12.80893Z",
            "yes_price": 56,
            "no_price": 44,
            "taker_side": "yes"
        },
        {
            "trade_id": "47566fd0-6c66-463e-adc7-9672ec4347b0",
            "ticker": "HIGHCHI-24JUN20-T90",
            "count": 2,
            "created_time": "2024-06-19T20:29:12.80893Z",
            "yes_price": 56,
            "no_price": 44,
            "taker_side": "yes"
        },
        {
            "trade_id": "e7d87e45-8c44-4b67-b504-6f6dacc1a1e7",
            "ticker": "HIGHCHI-24JUN20-T90",
            "count": 26,
            "created_time": "2024-06-19T20:29:01.544125Z",
            "yes_price": 55,
            "no_price": 45,
            "taker_side": "yes"
        },
        {
            "trade_id": "8ed5aa22-277b-46dd-9876-397ca2270a0a",
            "ticker": "HIGHCHI-24JUN20-T90",
            "count": 9,
            "created_time": "2024-06-19T19:49:28.420288Z",
            "yes_price": 52,
            "no_price": 48,
            "taker_side": "yes"
        },
        {
            "trade_id": "807176af-7992-4d64-b5f3-bfc36bc7feb8",
            "ticker": "HIGHCHI-24JUN20-T90",
            "count": 75,
            "created_time": "2024-06-19T18:50:12.690199Z",
            "yes_price": 43,
            "no_price": 57,
            "taker_side": "yes"
        },
        {
            "trade_id": "ff10a4bd-7570-47b1-929c-e8c4b2464736",
            "ticker": "HIGHCHI-24JUN20-T90",
            "count": 15,
            "created_time": "2024-06-19T18:49:54.859849Z",
            "yes_price": 41,
            "no_price": 59,
            "taker_side": "yes"
        },
        {
            "trade_id": "c8fc5f4a-bf8d-4ec7-bfc8-c2f6a44e647a",
            "ticker": "HIGHCHI-24JUN20-T90",
            "count": 45,
            "created_time": "2024-06-19T18:19:25.033763Z",
            "yes_price": 41,
            "no_price": 59,
            "taker_side": "yes"
        },
        {
            "trade_id": "997c8873-c010-4aed-8ef3-c759d0754213",
            "ticker": "HIGHCHI-24JUN20-T90",
            "count": 40,
            "created_time": "2024-06-19T18:18:15.734969Z",
            "yes_price": 41,
            "no_price": 59,
            "taker_side": "yes"
        },
        {
            "trade_id": "aa806162-3cd5-45e8-b719-86f03b80d4a0",
            "ticker": "HIGHCHI-24JUN20-T90",
            "count": 5,
            "created_time": "2024-06-19T18:18:01.775441Z",
            "yes_price": 41,
            "no_price": 59,
            "taker_side": "yes"
        },
        {
            "trade_id": "1a6f0dc5-ab1b-4e6f-9c09-81872cadc3a2",
            "ticker": "HIGHCHI-24JUN20-T90",
            "count": 5,
            "created_time": "2024-06-19T18:16:36.320611Z",
            "yes_price": 43,
            "no_price": 57,
            "taker_side": "no"
        },
        {
            "trade_id": "562e2bd8-238d-4299-acd0-e27fb1840e91",
            "ticker": "HIGHCHI-24JUN20-T90",
            "count": 45,
            "created_time": "2024-06-19T18:16:15.017411Z",
            "yes_price": 43,
            "no_price": 57,
            "taker_side": "yes"
        },
        {
            "trade_id": "10c1bf94-699b-4115-b4a4-9cea7ab11d13",
            "ticker": "HIGHCHI-24JUN20-T90",
            "count": 60,
            "created_time": "2024-06-19T18:15:07.282205Z",
            "yes_price": 43,
            "no_price": 57,
            "taker_side": "yes"
        },
        {
            "trade_id": "ae5834df-2ffe-4a7f-b2c2-8832dd41af28",
            "ticker": "HIGHCHI-24JUN20-T90",
            "count": 50,
            "created_time": "2024-06-19T18:14:44.870378Z",
            "yes_price": 43,
            "no_price": 57,
            "taker_side": "yes"
        },
        {
            "trade_id": "ebeea220-4c93-4c12-8f44-cb088d5549a6",
            "ticker": "HIGHCHI-24JUN20-T90",
            "count": 40,
            "created_time": "2024-06-19T18:13:27.406903Z",
            "yes_price": 43,
            "no_price": 57,
            "taker_side": "yes"
        },
        {
            "trade_id": "057e916a-05c0-4ee6-917a-5a36db47f665",
            "ticker": "HIGHCHI-24JUN20-T90",
            "count": 15,
            "created_time": "2024-06-19T18:12:40.744584Z",
            "yes_price": 41,
            "no_price": 59,
            "taker_side": "yes"
        },
        {
            "trade_id": "27d700dd-adba-47f8-bd20-b66abfa02a49",
            "ticker": "HIGHCHI-24JUN20-T90",
            "count": 30,
            "created_time": "2024-06-19T18:11:37.908678Z",
            "yes_price": 41,
            "no_price": 59,
            "taker_side": "yes"
        },
        {
            "trade_id": "b751fa8b-1dd2-463e-862d-4b487508abd8",
            "ticker": "HIGHCHI-24JUN20-T90",
            "count": 60,
            "created_time": "2024-06-19T16:14:31.940134Z",
            "yes_price": 41,
            "no_price": 59,
            "taker_side": "yes"
        },
        {
            "trade_id": "ab01dad3-4995-4ddf-aea9-97894363e779",
            "ticker": "HIGHCHI-24JUN20-T90",
            "count": 75,
            "created_time": "2024-06-19T16:05:44.14637Z",
            "yes_price": 41,
            "no_price": 59,
            "taker_side": "yes"
        },
        {
            "trade_id": "734be514-61bd-425a-b4b6-54504f3b0e70",
            "ticker": "HIGHCHI-24JUN20-T90",
            "count": 75,
            "created_time": "2024-06-19T16:05:28.32011Z",
            "yes_price": 40,
            "no_price": 60,
            "taker_side": "yes"
        },
        {
            "trade_id": "a0c360b7-f66e-49bf-86db-908a5eb8e7fa",
            "ticker": "HIGHCHI-24JUN20-T90",
            "count": 9,
            "created_time": "2024-06-19T15:39:41.400462Z",
            "yes_price": 40,
            "no_price": 60,
            "taker_side": "yes"
        },
        {
            "trade_id": "0cee94eb-e08d-4a8d-9cd8-a8551d65975c",
            "ticker": "HIGHCHI-24JUN20-T90",
            "count": 60,
            "created_time": "2024-06-19T15:30:11.865033Z",
            "yes_price": 41,
            "no_price": 59,
            "taker_side": "yes"
        },
        {
            "trade_id": "37d14ff6-a7b1-4ea6-b931-cdc4bfcf7e74",
            "ticker": "HIGHCHI-24JUN20-T90",
            "count": 75,
            "created_time": "2024-06-19T15:30:01.154218Z",
            "yes_price": 40,
            "no_price": 60,
            "taker_side": "yes"
        },
        {
            "trade_id": "7e92ec82-c143-4e55-ab5d-fd2ec99d77dd",
            "ticker": "HIGHCHI-24JUN20-T90",
            "count": 75,
            "created_time": "2024-06-19T15:29:51.607546Z",
            "yes_price": 39,
            "no_price": 61,
            "taker_side": "yes"
        },
        {
            "trade_id": "2daf9d25-b76b-42f9-bee3-d53fdd068a57",
            "ticker": "HIGHCHI-24JUN20-T90",
            "count": 75,
            "created_time": "2024-06-19T15:29:41.381131Z",
            "yes_price": 38,
            "no_price": 62,
            "taker_side": "yes"
        },
        {
            "trade_id": "c54f150f-1527-4734-a672-481778150959",
            "ticker": "HIGHCHI-24JUN20-T90",
            "count": 75,
            "created_time": "2024-06-19T15:29:31.520508Z",
            "yes_price": 37,
            "no_price": 63,
            "taker_side": "yes"
        },
        {
            "trade_id": "120c1751-883e-45a8-88d0-0360aeebe7e1",
            "ticker": "HIGHCHI-24JUN20-T90",
            "count": 36,
            "created_time": "2024-06-19T15:29:16.464629Z",
            "yes_price": 36,
            "no_price": 64,
            "taker_side": "yes"
        },
        {
            "trade_id": "39863be8-3367-426b-b8c3-0f9ca52e3184",
            "ticker": "HIGHCHI-24JUN20-T90",
            "count": 10,
            "created_time": "2024-06-19T14:34:57.669298Z",
            "yes_price": 30,
            "no_price": 70,
            "taker_side": "no"
        },
        {
            "trade_id": "4b59fcfe-b018-4b93-83c2-1e3df41981ee",
            "ticker": "HIGHCHI-24JUN20-T90",
            "count": 5,
            "created_time": "2024-06-19T14:22:04.18Z",
            "yes_price": 30,
            "no_price": 70,
            "taker_side": "no"
        },
        {
            "trade_id": "005d7d39-c7fb-45a4-aa5b-cf3ca358a58c",
            "ticker": "HIGHCHI-24JUN20-T90",
            "count": 7,
            "created_time": "2024-06-19T14:22:04.18Z",
            "yes_price": 30,
            "no_price": 70,
            "taker_side": "no"
        },
        {
            "trade_id": "28c8ce29-3da7-4294-9b58-2a6f5665bbb2",
            "ticker": "HIGHCHI-24JUN20-T90",
            "count": 11,
            "created_time": "2024-06-19T14:20:27.962632Z",
            "yes_price": 30,
            "no_price": 70,
            "taker_side": "yes"
        }
    ],
    "HIGHCHI-24JUN20-B90.5": [
        {
            "trade_id": "959bdbe8-9a7b-416b-91bc-16cb943aefc5",
            "ticker": "HIGHCHI-24JUN20-B90.5",
            "count": 25,
            "created_time": "2024-06-20T19:14:58.083549Z",
            "yes_price": 2,
            "no_price": 98,
            "taker_side": "no"
        },
        {
            "trade_id": "93806412-3655-4997-803c-4972ac1142ee",
            "ticker": "HIGHCHI-24JUN20-B90.5",
            "count": 50,
            "created_time": "2024-06-20T18:01:38.553935Z",
            "yes_price": 4,
            "no_price": 96,
            "taker_side": "no"
        },
        {
            "trade_id": "8cae601b-028d-4f57-a1e4-7a6d532132e1",
            "ticker": "HIGHCHI-24JUN20-B90.5",
            "count": 50,
            "created_time": "2024-06-20T18:01:38.553935Z",
            "yes_price": 5,
            "no_price": 95,
            "taker_side": "no"
        },
        {
            "trade_id": "8289af4c-5674-4a6d-83b6-ce54033f4a0f",
            "ticker": "HIGHCHI-24JUN20-B90.5",
            "count": 50,
            "created_time": "2024-06-20T18:01:38.553935Z",
            "yes_price": 3,
            "no_price": 97,
            "taker_side": "no"
        },
        {
            "trade_id": "9fa9d039-5d45-4796-aec5-877c3d9b118e",
            "ticker": "HIGHCHI-24JUN20-B90.5",
            "count": 150,
            "created_time": "2024-06-20T17:51:35.699048Z",
            "yes_price": 6,
            "no_price": 94,
            "taker_side": "no"
        },
        {
            "trade_id": "21551cb9-41f6-48fe-b4d5-875c9a77afc4",
            "ticker": "HIGHCHI-24JUN20-B90.5",
            "count": 150,
            "created_time": "2024-06-20T17:51:35.699048Z",
            "yes_price": 7,
            "no_price": 93,
            "taker_side": "no"
        },
        {
            "trade_id": "18cf022a-0cb2-47bc-8b4d-fbc2b33d7c21",
            "ticker": "HIGHCHI-24JUN20-B90.5",
            "count": 45,
            "created_time": "2024-06-20T17:51:35.699048Z",
            "yes_price": 8,
            "no_price": 92,
            "taker_side": "no"
        },
        {
            "trade_id": "bc6f16d9-263f-4584-b2c0-d42f29b3c2b6",
            "ticker": "HIGHCHI-24JUN20-B90.5",
            "count": 5,
            "created_time": "2024-06-20T16:39:19.657396Z",
            "yes_price": 17,
            "no_price": 83,
            "taker_side": "yes"
        },
        {
            "trade_id": "3ec0fa40-9ab3-4e75-8bc4-54d29559746c",
            "ticker": "HIGHCHI-24JUN20-B90.5",
            "count": 50,
            "created_time": "2024-06-20T15:01:32.430681Z",
            "yes_price": 15,
            "no_price": 85,
            "taker_side": "no"
        },
        {
            "trade_id": "f28b4758-0456-495f-adb8-70c92b822dc8",
            "ticker": "HIGHCHI-24JUN20-B90.5",
            "count": 49,
            "created_time": "2024-06-20T14:49:13.49929Z",
            "yes_price": 18,
            "no_price": 82,
            "taker_side": "yes"
        },
        {
            "trade_id": "46e75d60-bbf6-45cb-adc4-71dbc6cd7ef2",
            "ticker": "HIGHCHI-24JUN20-B90.5",
            "count": 1,
            "created_time": "2024-06-20T14:49:13.49929Z",
            "yes_price": 19,
            "no_price": 81,
            "taker_side": "yes"
        },
        {
            "trade_id": "8bb6b741-c48e-430d-a0d8-88486c20ec5f",
            "ticker": "HIGHCHI-24JUN20-B90.5",
            "count": 100,
            "created_time": "2024-06-20T14:05:54.530336Z",
            "yes_price": 17,
            "no_price": 83,
            "taker_side": "no"
        },
        {
            "trade_id": "ebed4261-f227-4778-95b4-01daf753c940",
            "ticker": "HIGHCHI-24JUN20-B90.5",
            "count": 88,
            "created_time": "2024-06-20T13:18:26.402316Z",
            "yes_price": 16,
            "no_price": 84,
            "taker_side": "no"
        },
        {
            "trade_id": "ac8fab7f-c2c0-4706-a6c9-3fbe850878ac",
            "ticker": "HIGHCHI-24JUN20-B90.5",
            "count": 30,
            "created_time": "2024-06-20T13:18:26.402316Z",
            "yes_price": 18,
            "no_price": 82,
            "taker_side": "no"
        },
        {
            "trade_id": "37e98e5e-9077-4a56-a4b9-da232ba48bcb",
            "ticker": "HIGHCHI-24JUN20-B90.5",
            "count": 90,
            "created_time": "2024-06-20T12:22:05.832659Z",
            "yes_price": 28,
            "no_price": 72,
            "taker_side": "yes"
        },
        {
            "trade_id": "6d05e9f7-3cbf-4479-9764-3af1bb316068",
            "ticker": "HIGHCHI-24JUN20-B90.5",
            "count": 90,
            "created_time": "2024-06-20T12:21:46.321845Z",
            "yes_price": 27,
            "no_price": 73,
            "taker_side": "yes"
        },
        {
            "trade_id": "059d76f6-8cda-47a3-98f3-ce3cc365e9bc",
            "ticker": "HIGHCHI-24JUN20-B90.5",
            "count": 30,
            "created_time": "2024-06-20T12:21:46.321845Z",
            "yes_price": 27,
            "no_price": 73,
            "taker_side": "yes"
        },
        {
            "trade_id": "e9843664-985e-4a51-897e-a0cea9609d78",
            "ticker": "HIGHCHI-24JUN20-B90.5",
            "count": 17,
            "created_time": "2024-06-20T12:01:29.358979Z",
            "yes_price": 25,
            "no_price": 75,
            "taker_side": "yes"
        },
        {
            "trade_id": "e075613f-72be-42b8-9b64-40dd5e4233d3",
            "ticker": "HIGHCHI-24JUN20-B90.5",
            "count": 53,
            "created_time": "2024-06-20T12:01:29.358979Z",
            "yes_price": 24,
            "no_price": 76,
            "taker_side": "yes"
        },
        {
            "trade_id": "8d1f808b-d61a-4ea7-bef8-dca8070e4cad",
            "ticker": "HIGHCHI-24JUN20-B90.5",
            "count": 150,
            "created_time": "2024-06-20T12:01:29.358979Z",
            "yes_price": 28,
            "no_price": 72,
            "taker_side": "yes"
        },
        {
            "trade_id": "7ce1973d-c76c-411c-a228-47c639515638",
            "ticker": "HIGHCHI-24JUN20-B90.5",
            "count": 150,
            "created_time": "2024-06-20T12:01:29.358979Z",
            "yes_price": 26,
            "no_price": 74,
            "taker_side": "yes"
        },
        {
            "trade_id": "1e3c8ff7-e86d-4773-aa62-4c8e2209f946",
            "ticker": "HIGHCHI-24JUN20-B90.5",
            "count": 89,
            "created_time": "2024-06-20T12:01:29.358979Z",
            "yes_price": 27,
            "no_price": 73,
            "taker_side": "yes"
        },
        {
            "trade_id": "d32e7ca5-e65e-434c-b318-7b9c6152c523",
            "ticker": "HIGHCHI-24JUN20-B90.5",
            "count": 7,
            "created_time": "2024-06-20T12:01:24.144463Z",
            "yes_price": 24,
            "no_price": 76,
            "taker_side": "yes"
        },
        {
            "trade_id": "865308d5-8df2-4110-9f60-55d19b66d6a5",
            "ticker": "HIGHCHI-24JUN20-B90.5",
            "count": 72,
            "created_time": "2024-06-20T12:00:50.270394Z",
            "yes_price": 26,
            "no_price": 74,
            "taker_side": "no"
        },
        {
            "trade_id": "af47678f-bc47-483a-ac47-afb2a58cea9c",
            "ticker": "HIGHCHI-24JUN20-B90.5",
            "count": 150,
            "created_time": "2024-06-20T12:00:50.253884Z",
            "yes_price": 26,
            "no_price": 74,
            "taker_side": "no"
        },
        {
            "trade_id": "6c07193b-ba40-4e70-ac28-2d5127322192",
            "ticker": "HIGHCHI-24JUN20-B90.5",
            "count": 60,
            "created_time": "2024-06-20T12:00:50.243839Z",
            "yes_price": 27,
            "no_price": 73,
            "taker_side": "no"
        },
        {
            "trade_id": "cd278778-f789-49db-9661-2ebe5011cbdb",
            "ticker": "HIGHCHI-24JUN20-B90.5",
            "count": 150,
            "created_time": "2024-06-20T12:00:50.236305Z",
            "yes_price": 27,
            "no_price": 73,
            "taker_side": "no"
        },
        {
            "trade_id": "d51b291b-faab-4ea5-bf0a-6bb75baeb162",
            "ticker": "HIGHCHI-24JUN20-B90.5",
            "count": 90,
            "created_time": "2024-06-20T12:00:50.225072Z",
            "yes_price": 27,
            "no_price": 73,
            "taker_side": "no"
        },
        {
            "trade_id": "849ba855-2b47-4505-b91c-1c73b79728bb",
            "ticker": "HIGHCHI-24JUN20-B90.5",
            "count": 15,
            "created_time": "2024-06-20T02:29:18.507657Z",
            "yes_price": 36,
            "no_price": 64,
            "taker_side": "yes"
        },
        {
            "trade_id": "134c30fe-de6f-4e1c-829a-1bb944c1528b",
            "ticker": "HIGHCHI-24JUN20-B90.5",
            "count": 45,
            "created_time": "2024-06-20T02:28:58.478073Z",
            "yes_price": 36,
            "no_price": 64,
            "taker_side": "yes"
        },
        {
            "trade_id": "5e5541e7-c7b8-4caa-9d41-5f10deb563e8",
            "ticker": "HIGHCHI-24JUN20-B90.5",
            "count": 75,
            "created_time": "2024-06-20T02:27:24.29586Z",
            "yes_price": 37,
            "no_price": 63,
            "taker_side": "yes"
        },
        {
            "trade_id": "d79d6d5d-ef78-40df-97d6-3c23f88bab8d",
            "ticker": "HIGHCHI-24JUN20-B90.5",
            "count": 90,
            "created_time": "2024-06-20T02:27:12.199598Z",
            "yes_price": 36,
            "no_price": 64,
            "taker_side": "yes"
        },
        {
            "trade_id": "c9ee1c73-8736-422b-bacf-e15389fb4d4a",
            "ticker": "HIGHCHI-24JUN20-B90.5",
            "count": 75,
            "created_time": "2024-06-20T00:23:35.470222Z",
            "yes_price": 34,
            "no_price": 66,
            "taker_side": "yes"
        },
        {
            "trade_id": "630256e4-2107-4188-9dce-bcb0a2be0c72",
            "ticker": "HIGHCHI-24JUN20-B90.5",
            "count": 2,
            "created_time": "2024-06-20T00:23:35.470222Z",
            "yes_price": 34,
            "no_price": 66,
            "taker_side": "yes"
        },
        {
            "trade_id": "5c0a50db-a275-4347-9973-bceb5d7fdc97",
            "ticker": "HIGHCHI-24JUN20-B90.5",
            "count": 60,
            "created_time": "2024-06-20T00:23:24.287153Z",
            "yes_price": 33,
            "no_price": 67,
            "taker_side": "yes"
        },
        {
            "trade_id": "5ea17ae3-a477-470a-9bbe-40583ea14709",
            "ticker": "HIGHCHI-24JUN20-B90.5",
            "count": 13,
            "created_time": "2024-06-19T21:31:11.468166Z",
            "yes_price": 30,
            "no_price": 70,
            "taker_side": "yes"
        },
        {
            "trade_id": "65b58a74-8d84-4552-947d-999d61942212",
            "ticker": "HIGHCHI-24JUN20-B90.5",
            "count": 11,
            "created_time": "2024-06-19T19:09:25.632509Z",
            "yes_price": 32,
            "no_price": 68,
            "taker_side": "yes"
        },
        {
            "trade_id": "bbf0c5c9-2b56-4cac-bbe2-38842901b3c9",
            "ticker": "HIGHCHI-24JUN20-B90.5",
            "count": 30,
            "created_time": "2024-06-19T18:19:43.444509Z",
            "yes_price": 32,
            "no_price": 68,
            "taker_side": "yes"
        },
        {
            "trade_id": "ac233d65-f3d0-4ad0-9f88-16eff461e3ca",
            "ticker": "HIGHCHI-24JUN20-B90.5",
            "count": 45,
            "created_time": "2024-06-19T18:18:48.406649Z",
            "yes_price": 32,
            "no_price": 68,
            "taker_side": "yes"
        },
        {
            "trade_id": "3829897e-3cfe-4450-a37b-f83f2da4cf33",
            "ticker": "HIGHCHI-24JUN20-B90.5",
            "count": 5,
            "created_time": "2024-06-19T18:16:57.77122Z",
            "yes_price": 32,
            "no_price": 68,
            "taker_side": "no"
        },
        {
            "trade_id": "9f530145-df4c-4884-a046-e499a54bf19d",
            "ticker": "HIGHCHI-24JUN20-B90.5",
            "count": 45,
            "created_time": "2024-06-19T18:16:37.635447Z",
            "yes_price": 32,
            "no_price": 68,
            "taker_side": "yes"
        },
        {
            "trade_id": "e6817328-a346-4202-9fd5-9403dbed0269",
            "ticker": "HIGHCHI-24JUN20-B90.5",
            "count": 90,
            "created_time": "2024-06-19T18:14:53.796659Z",
            "yes_price": 32,
            "no_price": 68,
            "taker_side": "yes"
        },
        {
            "trade_id": "e0369db6-e59c-4d24-aa36-4c5b717945eb",
            "ticker": "HIGHCHI-24JUN20-B90.5",
            "count": 30,
            "created_time": "2024-06-19T18:14:25.061684Z",
            "yes_price": 32,
            "no_price": 68,
            "taker_side": "yes"
        },
        {
            "trade_id": "cd2bf227-d802-4377-b87f-c9734731454a",
            "ticker": "HIGHCHI-24JUN20-B90.5",
            "count": 15,
            "created_time": "2024-06-19T18:14:08.530073Z",
            "yes_price": 31,
            "no_price": 69,
            "taker_side": "yes"
        },
        {
            "trade_id": "2d1ae1ee-5cc4-4ed9-9cae-330914884679",
            "ticker": "HIGHCHI-24JUN20-B90.5",
            "count": 15,
            "created_time": "2024-06-19T18:13:34.354633Z",
            "yes_price": 31,
            "no_price": 69,
            "taker_side": "yes"
        },
        {
            "trade_id": "90eacbfb-f57f-44d0-b8a5-47250026978b",
            "ticker": "HIGHCHI-24JUN20-B90.5",
            "count": 50,
            "created_time": "2024-06-19T18:12:09.841369Z",
            "yes_price": 32,
            "no_price": 68,
            "taker_side": "yes"
        },
        {
            "trade_id": "28c50974-c18a-45d0-8c77-2b4f959e4396",
            "ticker": "HIGHCHI-24JUN20-B90.5",
            "count": 1,
            "created_time": "2024-06-19T18:11:46.199849Z",
            "yes_price": 31,
            "no_price": 69,
            "taker_side": "yes"
        },
        {
            "trade_id": "f801f464-dafe-4b48-90ff-e6c86a13b438",
            "ticker": "HIGHCHI-24JUN20-B90.5",
            "count": 10,
            "created_time": "2024-06-19T18:10:05.599061Z",
            "yes_price": 31,
            "no_price": 69,
            "taker_side": "yes"
        },
        {
            "trade_id": "5e062374-4408-4fde-8f77-c150f726a842",
            "ticker": "HIGHCHI-24JUN20-B90.5",
            "count": 25,
            "created_time": "2024-06-19T14:30:04.93093Z",
            "yes_price": 28,
            "no_price": 72,
            "taker_side": "no"
        },
        {
            "trade_id": "9a88d6b1-44b9-40dc-8515-6b918f2f0381",
            "ticker": "HIGHCHI-24JUN20-B90.5",
            "count": 10,
            "created_time": "2024-06-19T14:22:04.432449Z",
            "yes_price": 28,
            "no_price": 72,
            "taker_side": "no"
        }
    ],
    "HIGHCHI-24JUN20-B92.5": [
        {
            "trade_id": "dc8682db-e6db-4ad9-b4b1-a245e8e6eb6e",
            "ticker": "HIGHCHI-24JUN20-B92.5",
            "count": 20,
            "created_time": "2024-06-20T14:55:09.556051Z",
            "yes_price": 3,
            "no_price": 97,
            "taker_side": "no"
        },
        {
            "trade_id": "23a560ae-6b33-4613-ab86-326110fcb702",
            "ticker": "HIGHCHI-24JUN20-B92.5",
            "count": 49,
            "created_time": "2024-06-20T14:49:13.574243Z",
            "yes_price": 4,
            "no_price": 96,
            "taker_side": "no"
        },
        {
            "trade_id": "3ab2e055-250c-4f9d-a54b-cf15ab71a54f",
            "ticker": "HIGHCHI-24JUN20-B92.5",
            "count": 100,
            "created_time": "2024-06-20T14:05:54.519522Z",
            "yes_price": 4,
            "no_price": 96,
            "taker_side": "no"
        },
        {
            "trade_id": "d2f9f4a4-0fd2-45fe-8179-5312de19288e",
            "ticker": "HIGHCHI-24JUN20-B92.5",
            "count": 1,
            "created_time": "2024-06-20T14:03:00.084783Z",
            "yes_price": 4,
            "no_price": 96,
            "taker_side": "no"
        },
        {
            "trade_id": "f7f06e54-4d97-4d96-bedd-b9466cb14211",
            "ticker": "HIGHCHI-24JUN20-B92.5",
            "count": 150,
            "created_time": "2024-06-20T12:22:17.091859Z",
            "yes_price": 6,
            "no_price": 94,
            "taker_side": "yes"
        },
        {
            "trade_id": "8a13da4b-7184-4d9e-b104-114e7bdb38a8",
            "ticker": "HIGHCHI-24JUN20-B92.5",
            "count": 30,
            "created_time": "2024-06-20T12:21:46.413211Z",
            "yes_price": 3,
            "no_price": 97,
            "taker_side": "no"
        },
        {
            "trade_id": "b6a407bf-ae58-4d0e-aa5b-59f9ea0c47b9",
            "ticker": "HIGHCHI-24JUN20-B92.5",
            "count": 150,
            "created_time": "2024-06-20T12:01:32.732646Z",
            "yes_price": 8,
            "no_price": 92,
            "taker_side": "yes"
        },
        {
            "trade_id": "b177cbf8-fd7a-4bba-a5f9-9ffa19c32f63",
            "ticker": "HIGHCHI-24JUN20-B92.5",
            "count": 150,
            "created_time": "2024-06-20T12:01:32.732646Z",
            "yes_price": 9,
            "no_price": 91,
            "taker_side": "yes"
        },
        {
            "trade_id": "633313fe-a94d-41cf-80fc-2102f1285c72",
            "ticker": "HIGHCHI-24JUN20-B92.5",
            "count": 150,
            "created_time": "2024-06-20T12:01:32.732646Z",
            "yes_price": 7,
            "no_price": 93,
            "taker_side": "yes"
        },
        {
            "trade_id": "ff99cf54-cf1e-4098-811f-d2dbf190c49d",
            "ticker": "HIGHCHI-24JUN20-B92.5",
            "count": 22,
            "created_time": "2024-06-20T12:00:50.296695Z",
            "yes_price": 7,
            "no_price": 93,
            "taker_side": "no"
        },
        {
            "trade_id": "51764945-1dec-4d6b-a7e7-53bad72891de",
            "ticker": "HIGHCHI-24JUN20-B92.5",
            "count": 89,
            "created_time": "2024-06-20T12:00:50.274553Z",
            "yes_price": 7,
            "no_price": 93,
            "taker_side": "no"
        },
        {
            "trade_id": "b40116d6-f457-4dd1-b000-5a4822d4e462",
            "ticker": "HIGHCHI-24JUN20-B92.5",
            "count": 89,
            "created_time": "2024-06-20T12:00:50.269849Z",
            "yes_price": 7,
            "no_price": 93,
            "taker_side": "no"
        },
        {
            "trade_id": "ddba9a08-650e-4148-b35e-ba30184f1605",
            "ticker": "HIGHCHI-24JUN20-B92.5",
            "count": 60,
            "created_time": "2024-06-20T12:00:50.262446Z",
            "yes_price": 7,
            "no_price": 93,
            "taker_side": "no"
        },
        {
            "trade_id": "8b9be378-f638-4603-813d-60ee1f402673",
            "ticker": "HIGHCHI-24JUN20-B92.5",
            "count": 150,
            "created_time": "2024-06-20T12:00:50.23164Z",
            "yes_price": 7,
            "no_price": 93,
            "taker_side": "no"
        },
        {
            "trade_id": "c89ed210-d103-41c3-a47b-c7729385474b",
            "ticker": "HIGHCHI-24JUN20-B92.5",
            "count": 90,
            "created_time": "2024-06-20T12:00:50.223666Z",
            "yes_price": 7,
            "no_price": 93,
            "taker_side": "no"
        },
        {
            "trade_id": "00df5cc4-0828-4ce1-ac45-b253f8a8bbeb",
            "ticker": "HIGHCHI-24JUN20-B92.5",
            "count": 16,
            "created_time": "2024-06-20T02:57:08.664439Z",
            "yes_price": 15,
            "no_price": 85,
            "taker_side": "no"
        },
        {
            "trade_id": "48ad4226-9a59-4a73-811e-39dd5283aad0",
            "ticker": "HIGHCHI-24JUN20-B92.5",
            "count": 86,
            "created_time": "2024-06-20T02:56:27.661709Z",
            "yes_price": 15,
            "no_price": 85,
            "taker_side": "no"
        },
        {
            "trade_id": "28c4d87f-db42-453f-b893-04fd53418c47",
            "ticker": "HIGHCHI-24JUN20-B92.5",
            "count": 120,
            "created_time": "2024-06-20T02:28:37.250622Z",
            "yes_price": 16,
            "no_price": 84,
            "taker_side": "no"
        },
        {
            "trade_id": "22c47ffc-9d3e-4818-a284-579752b28675",
            "ticker": "HIGHCHI-24JUN20-B92.5",
            "count": 45,
            "created_time": "2024-06-20T02:28:15.218046Z",
            "yes_price": 16,
            "no_price": 84,
            "taker_side": "no"
        },
        {
            "trade_id": "129ebb8b-cb2e-41bb-89e6-0fdf8be0c777",
            "ticker": "HIGHCHI-24JUN20-B92.5",
            "count": 75,
            "created_time": "2024-06-20T02:26:29.663927Z",
            "yes_price": 18,
            "no_price": 82,
            "taker_side": "no"
        },
        {
            "trade_id": "fea8fad0-6faa-4d0c-bbac-9ee9c01dcae7",
            "ticker": "HIGHCHI-24JUN20-B92.5",
            "count": 60,
            "created_time": "2024-06-20T02:21:27.462388Z",
            "yes_price": 18,
            "no_price": 82,
            "taker_side": "no"
        },
        {
            "trade_id": "9e601bca-fa74-41d1-8b47-8c6657bc472d",
            "ticker": "HIGHCHI-24JUN20-B92.5",
            "count": 6,
            "created_time": "2024-06-20T01:57:39.136324Z",
            "yes_price": 19,
            "no_price": 81,
            "taker_side": "no"
        },
        {
            "trade_id": "f921090e-17f0-46b5-8fbf-e8f370207cb3",
            "ticker": "HIGHCHI-24JUN20-B92.5",
            "count": 120,
            "created_time": "2024-06-20T00:23:16.162274Z",
            "yes_price": 18,
            "no_price": 82,
            "taker_side": "no"
        },
        {
            "trade_id": "a907b6fb-ee80-40ea-9c5a-dd2381decfb7",
            "ticker": "HIGHCHI-24JUN20-B92.5",
            "count": 30,
            "created_time": "2024-06-20T00:23:16.162274Z",
            "yes_price": 20,
            "no_price": 80,
            "taker_side": "no"
        },
        {
            "trade_id": "c861868d-c7a1-4eb7-a5e7-b6e204977d9d",
            "ticker": "HIGHCHI-24JUN20-B92.5",
            "count": 91,
            "created_time": "2024-06-19T21:35:44.876335Z",
            "yes_price": 20,
            "no_price": 80,
            "taker_side": "yes"
        },
        {
            "trade_id": "a06e3b0b-86ad-4015-bbb5-aaa493416af5",
            "ticker": "HIGHCHI-24JUN20-B92.5",
            "count": 57,
            "created_time": "2024-06-19T21:35:24.756762Z",
            "yes_price": 19,
            "no_price": 81,
            "taker_side": "yes"
        },
        {
            "trade_id": "cf98643f-ff10-4892-8f10-33eff54e545c",
            "ticker": "HIGHCHI-24JUN20-B92.5",
            "count": 34,
            "created_time": "2024-06-19T21:32:29.306384Z",
            "yes_price": 19,
            "no_price": 81,
            "taker_side": "no"
        },
        {
            "trade_id": "577cd498-70cf-46aa-826d-9ffff368c3fe",
            "ticker": "HIGHCHI-24JUN20-B92.5",
            "count": 75,
            "created_time": "2024-06-19T21:32:08.861112Z",
            "yes_price": 19,
            "no_price": 81,
            "taker_side": "yes"
        },
        {
            "trade_id": "04c6a781-6d78-455d-956b-eb4a177de469",
            "ticker": "HIGHCHI-24JUN20-B92.5",
            "count": 60,
            "created_time": "2024-06-19T18:18:56.393631Z",
            "yes_price": 26,
            "no_price": 74,
            "taker_side": "yes"
        },
        {
            "trade_id": "fa213631-b8d1-40e2-9971-994a067dc7d9",
            "ticker": "HIGHCHI-24JUN20-B92.5",
            "count": 40,
            "created_time": "2024-06-19T18:17:07.861486Z",
            "yes_price": 26,
            "no_price": 74,
            "taker_side": "yes"
        },
        {
            "trade_id": "2573e0c2-8c45-42ce-b56c-93d541cdec48",
            "ticker": "HIGHCHI-24JUN20-B92.5",
            "count": 5,
            "created_time": "2024-06-19T18:16:57.806765Z",
            "yes_price": 26,
            "no_price": 74,
            "taker_side": "no"
        },
        {
            "trade_id": "c33547c1-4408-4a2e-b5a9-acc907b28508",
            "ticker": "HIGHCHI-24JUN20-B92.5",
            "count": 45,
            "created_time": "2024-06-19T18:16:49.185049Z",
            "yes_price": 25,
            "no_price": 75,
            "taker_side": "yes"
        },
        {
            "trade_id": "a08541be-3371-41de-9f6f-3b422387656a",
            "ticker": "HIGHCHI-24JUN20-B92.5",
            "count": 105,
            "created_time": "2024-06-19T18:15:51.633289Z",
            "yes_price": 25,
            "no_price": 75,
            "taker_side": "yes"
        },
        {
            "trade_id": "7883d9b3-3544-4de2-9686-147dc8d2b8d8",
            "ticker": "HIGHCHI-24JUN20-B92.5",
            "count": 45,
            "created_time": "2024-06-19T18:13:52.387142Z",
            "yes_price": 25,
            "no_price": 75,
            "taker_side": "yes"
        },
        {
            "trade_id": "69763dad-7ae3-49e2-b4da-8c9b2d2b795d",
            "ticker": "HIGHCHI-24JUN20-B92.5",
            "count": 15,
            "created_time": "2024-06-19T18:13:01.319071Z",
            "yes_price": 25,
            "no_price": 75,
            "taker_side": "yes"
        },
        {
            "trade_id": "03b03078-3d35-468d-ad74-a10d7e312c86",
            "ticker": "HIGHCHI-24JUN20-B92.5",
            "count": 36,
            "created_time": "2024-06-19T18:12:19.108863Z",
            "yes_price": 25,
            "no_price": 75,
            "taker_side": "yes"
        },
        {
            "trade_id": "92e38fda-8ab7-46ad-9123-be80ce470086",
            "ticker": "HIGHCHI-24JUN20-B92.5",
            "count": 1,
            "created_time": "2024-06-19T18:10:50.611444Z",
            "yes_price": 25,
            "no_price": 75,
            "taker_side": "yes"
        },
        {
            "trade_id": "6fbbaafd-9978-4d25-8ba0-9158a5111d44",
            "ticker": "HIGHCHI-24JUN20-B92.5",
            "count": 8,
            "created_time": "2024-06-19T18:10:32.301812Z",
            "yes_price": 25,
            "no_price": 75,
            "taker_side": "yes"
        },
        {
            "trade_id": "8efd9787-8634-4620-a470-cdad85cb431d",
            "ticker": "HIGHCHI-24JUN20-B92.5",
            "count": 2,
            "created_time": "2024-06-19T15:39:54.856312Z",
            "yes_price": 19,
            "no_price": 81,
            "taker_side": "no"
        },
        {
            "trade_id": "eda0c1a2-e805-40fd-846a-aaa6f5331054",
            "ticker": "HIGHCHI-24JUN20-B92.5",
            "count": 1,
            "created_time": "2024-06-19T14:24:22.342451Z",
            "yes_price": 21,
            "no_price": 79,
            "taker_side": "yes"
        },
        {
            "trade_id": "75eb3701-6759-4fbd-b3c9-98033a2f7960",
            "ticker": "HIGHCHI-24JUN20-B92.5",
            "count": 9,
            "created_time": "2024-06-19T14:22:04.68061Z",
            "yes_price": 21,
            "no_price": 79,
            "taker_side": "no"
        }
    ],
    "HIGHCHI-24JUN20-B94.5": [
        {
            "trade_id": "e97ed00d-62d7-4c5b-a3a1-ccc6dd3960b1",
            "ticker": "HIGHCHI-24JUN20-B94.5",
            "count": 1,
            "created_time": "2024-06-20T20:58:30.916037Z",
            "yes_price": 2,
            "no_price": 98,
            "taker_side": "yes"
        },
        {
            "trade_id": "681b33ad-de87-4615-9720-c6f6f4d72a86",
            "ticker": "HIGHCHI-24JUN20-B94.5",
            "count": 3,
            "created_time": "2024-06-20T20:58:30.916037Z",
            "yes_price": 3,
            "no_price": 97,
            "taker_side": "yes"
        },
        {
            "trade_id": "6530118e-8312-44f8-82e8-f40e0026621f",
            "ticker": "HIGHCHI-24JUN20-B94.5",
            "count": 400,
            "created_time": "2024-06-20T14:57:54.688729Z",
            "yes_price": 1,
            "no_price": 99,
            "taker_side": "no"
        },
        {
            "trade_id": "a944b735-080a-44ef-8c86-84b924383451",
            "ticker": "HIGHCHI-24JUN20-B94.5",
            "count": 49,
            "created_time": "2024-06-20T14:49:13.575395Z",
            "yes_price": 1,
            "no_price": 99,
            "taker_side": "no"
        },
        {
            "trade_id": "cbfd4638-c0de-4e62-af36-b3034c3fd3c2",
            "ticker": "HIGHCHI-24JUN20-B94.5",
            "count": 100,
            "created_time": "2024-06-20T14:05:54.536074Z",
            "yes_price": 1,
            "no_price": 99,
            "taker_side": "no"
        },
        {
            "trade_id": "f2967ba1-cbd5-46c6-86b7-fc6fc015225e",
            "ticker": "HIGHCHI-24JUN20-B94.5",
            "count": 67,
            "created_time": "2024-06-19T23:09:04.31391Z",
            "yes_price": 4,
            "no_price": 96,
            "taker_side": "no"
        },
        {
            "trade_id": "74f3bfe3-f292-4862-b42a-de481f1a89b5",
            "ticker": "HIGHCHI-24JUN20-B94.5",
            "count": 249,
            "created_time": "2024-06-19T23:09:04.31391Z",
            "yes_price": 6,
            "no_price": 94,
            "taker_side": "no"
        },
        {
            "trade_id": "180293d4-87c4-4d7c-b9f8-3f3087c714b4",
            "ticker": "HIGHCHI-24JUN20-B94.5",
            "count": 1,
            "created_time": "2024-06-19T20:19:26.709248Z",
            "yes_price": 10,
            "no_price": 90,
            "taker_side": "no"
        },
        {
            "trade_id": "01fa21fd-dd1c-41f5-8b05-1a277c828cd1",
            "ticker": "HIGHCHI-24JUN20-B94.5",
            "count": 10,
            "created_time": "2024-06-19T14:30:38.378923Z",
            "yes_price": 31,
            "no_price": 69,
            "taker_side": "yes"
        }
    ],
    "HIGHCHI-24JUN20-B96.5": [],
    "HIGHCHI-24JUN20-T97": [
        {
            "trade_id": "cc35c8c2-473c-4e76-bcd1-e383f5b7f14b",
            "ticker": "HIGHCHI-24JUN20-T97",
            "count": 50,
            "created_time": "2024-06-19T15:42:42.970986Z",
            "yes_price": 4,
            "no_price": 96,
            "taker_side": "no"
        }
    ]
}