{
    "HIGHCHI-24JUL14-T88": [
        {
            "trade_id": "91c8f6c5-bc65-4170-913a-d338d82ed5d3",
            "ticker": "HIGHCHI-24JUL14-T88",
            "count": 3,
            "created_time": "2024-07-14T17:05:30.247393Z",
            "yes_price": 26,
            "no_price": 74,
            "taker_side": "yes"
        },
        {
            "trade_id": "e49ca29c-eb7a-4379-92f0-9743d21ab5b8",
            "ticker": "HIGHCHI-24JUL14-T88",
            "count": 2,
            "created_time": "2024-07-14T16:19:41.162206Z",
            "yes_price": 3,
            "no_price": 97,
            "taker_side": "yes"
        },
        {
            "trade_id": "c6b4e95d-fb82-4fe5-a248-f27b6402aa47",
            "ticker": "HIGHCHI-24JUL14-T88",
            "count": 27,
            "created_time": "2024-07-14T16:19:41.162206Z",
            "yes_price": 5,
            "no_price": 95,
            "taker_side": "yes"
        },
        {
            "trade_id": "985d97ef-2f4f-4cbf-86de-53939bae6b5e",
            "ticker": "HIGHCHI-24JUL14-T88",
            "count": 2,
            "created_time": "2024-07-14T16:19:41.162206Z",
            "yes_price": 3,
            "no_price": 97,
            "taker_side": "yes"
        },
        {
            "trade_id": "8a7053f6-a707-437a-a499-a4fa3376b9bf",
            "ticker": "HIGHCHI-24JUL14-T88",
            "count": 2,
            "created_time": "2024-07-14T16:19:41.162206Z",
            "yes_price": 3,
            "no_price": 97,
            "taker_side": "yes"
        },
        {
            "trade_id": "4dca6869-5e9a-4677-b3ec-75c6d7ada51b",
            "ticker": "HIGHCHI-24JUL14-T88",
            "count": 1,
            "created_time": "2024-07-14T16:19:41.162206Z",
            "yes_price": 3,
            "no_price": 97,
            "taker_side": "yes"
        },
        {
            "trade_id": "213f9c5d-05b3-4c4e-96b7-8ec2614120ec",
            "ticker": "HIGHCHI-24JUL14-T88",
            "count": 1,
            "created_time": "2024-07-14T16:19:41.162206Z",
            "yes_price": 3,
            "no_price": 97,
            "taker_side": "yes"
        },
        {
            "trade_id": "a826953e-dee5-42b6-9d12-6664752818c5",
            "ticker": "HIGHCHI-24JUL14-T88",
            "count": 7,
            "created_time": "2024-07-14T15:24:38.054882Z",
            "yes_price": 1,
            "no_price": 99,
            "taker_side": "yes"
        },
        {
            "trade_id": "f58ace84-a2ac-4a8c-b2a4-b916c19b6b03",
            "ticker": "HIGHCHI-24JUL14-T88",
            "count": 5,
            "created_time": "2024-07-14T12:46:22.854406Z",
            "yes_price": 1,
            "no_price": 99,
            "taker_side": "no"
        }
    ],
    "HIGHCHI-24JUL14-B88.5": [
        {
            "trade_id": "aa3946ae-d08a-4e69-ba46-55e232e228be",
            "ticker": "HIGHCHI-24JUL14-B88.5",
            "count": 10,
            "created_time": "2024-07-15T03:17:08.609796Z",
            "yes_price": 99,
            "no_price": 1,
            "taker_side": "no"
        },
        {
            "trade_id": "d8aea86b-0df5-4b80-a4fc-d8ebeeffd779",
            "ticker": "HIGHCHI-24JUL14-B88.5",
            "count": 5,
            "created_time": "2024-07-15T02:47:06.571565Z",
            "yes_price": 97,
            "no_price": 3,
            "taker_side": "yes"
        },
        {
            "trade_id": "b8aac76e-6eb2-4130-9190-dc12fb0b7130",
            "ticker": "HIGHCHI-24JUL14-B88.5",
            "count": 5,
            "created_time": "2024-07-15T02:47:06.571565Z",
            "yes_price": 96,
            "no_price": 4,
            "taker_side": "yes"
        },
        {
            "trade_id": "18b16b6b-00cb-49aa-9a6a-c36ac46ddcf0",
            "ticker": "HIGHCHI-24JUL14-B88.5",
            "count": 5,
            "created_time": "2024-07-15T02:47:06.571565Z",
            "yes_price": 99,
            "no_price": 1,
            "taker_side": "yes"
        },
        {
            "trade_id": "f4b34a18-c020-451c-9748-e33528c1fbc0",
            "ticker": "HIGHCHI-24JUL14-B88.5",
            "count": 20,
            "created_time": "2024-07-14T17:41:11.896571Z",
            "yes_price": 31,
            "no_price": 69,
            "taker_side": "yes"
        },
        {
            "trade_id": "c9ac1c05-94bf-4031-bfcb-331cf1e5f211",
            "ticker": "HIGHCHI-24JUL14-B88.5",
            "count": 24,
            "created_time": "2024-07-14T17:41:11.896571Z",
            "yes_price": 33,
            "no_price": 67,
            "taker_side": "yes"
        },
        {
            "trade_id": "41351d0a-bf71-4a60-9928-3dc7bd35f110",
            "ticker": "HIGHCHI-24JUL14-B88.5",
            "count": 3,
            "created_time": "2024-07-14T17:05:30.31052Z",
            "yes_price": 22,
            "no_price": 78,
            "taker_side": "no"
        },
        {
            "trade_id": "d0145e78-aa30-4ccf-a523-bd4b3e780046",
            "ticker": "HIGHCHI-24JUL14-B88.5",
            "count": 65,
            "created_time": "2024-07-14T17:04:14.600672Z",
            "yes_price": 33,
            "no_price": 67,
            "taker_side": "yes"
        },
        {
            "trade_id": "9ac39d8b-aaa8-432b-90db-019c848b0ac9",
            "ticker": "HIGHCHI-24JUL14-B88.5",
            "count": 30,
            "created_time": "2024-07-14T17:04:14.600672Z",
            "yes_price": 29,
            "no_price": 71,
            "taker_side": "yes"
        },
        {
            "trade_id": "31efe8ff-9eda-461c-b4d8-f3d60379be54",
            "ticker": "HIGHCHI-24JUL14-B88.5",
            "count": 150,
            "created_time": "2024-07-14T17:04:14.600672Z",
            "yes_price": 31,
            "no_price": 69,
            "taker_side": "yes"
        },
        {
            "trade_id": "132318ae-ec8c-40ca-941b-b6384779ecbc",
            "ticker": "HIGHCHI-24JUL14-B88.5",
            "count": 23,
            "created_time": "2024-07-14T16:08:48.493445Z",
            "yes_price": 19,
            "no_price": 81,
            "taker_side": "yes"
        },
        {
            "trade_id": "abaa6b85-dea4-4530-8023-49982425a465",
            "ticker": "HIGHCHI-24JUL14-B88.5",
            "count": 10,
            "created_time": "2024-07-14T16:08:48.475074Z",
            "yes_price": 17,
            "no_price": 83,
            "taker_side": "yes"
        },
        {
            "trade_id": "acdfa94f-a6fd-4404-8aea-66f113e8e143",
            "ticker": "HIGHCHI-24JUL14-B88.5",
            "count": 17,
            "created_time": "2024-07-14T16:03:09.774873Z",
            "yes_price": 12,
            "no_price": 88,
            "taker_side": "no"
        },
        {
            "trade_id": "b10924fc-680d-4128-b6ca-894584dbf024",
            "ticker": "HIGHCHI-24JUL14-B88.5",
            "count": 15,
            "created_time": "2024-07-14T15:52:45.784087Z",
            "yes_price": 10,
            "no_price": 90,
            "taker_side": "no"
        },
        {
            "trade_id": "2090f324-9045-4f64-ad9b-4635b30fca8c",
            "ticker": "HIGHCHI-24JUL14-B88.5",
            "count": 75,
            "created_time": "2024-07-14T15:52:45.784087Z",
            "yes_price": 12,
            "no_price": 88,
            "taker_side": "no"
        },
        {
            "trade_id": "8ef5e635-a12d-4f6b-bfe7-f7577491b51d",
            "ticker": "HIGHCHI-24JUL14-B88.5",
            "count": 5,
            "created_time": "2024-07-14T15:42:15.879121Z",
            "yes_price": 12,
            "no_price": 88,
            "taker_side": "no"
        },
        {
            "trade_id": "f4c33acf-97cf-4e60-81f3-56a91d33a655",
            "ticker": "HIGHCHI-24JUL14-B88.5",
            "count": 10,
            "created_time": "2024-07-14T15:20:01.63073Z",
            "yes_price": 17,
            "no_price": 83,
            "taker_side": "no"
        },
        {
            "trade_id": "dc47fa68-70c8-4906-b5ce-95b1ef27ef8e",
            "ticker": "HIGHCHI-24JUL14-B88.5",
            "count": 105,
            "created_time": "2024-07-14T15:19:45.149964Z",
            "yes_price": 11,
            "no_price": 89,
            "taker_side": "no"
        },
        {
            "trade_id": "9063a1d4-8aa6-4cb1-9688-4ed13e351676",
            "ticker": "HIGHCHI-24JUL14-B88.5",
            "count": 50,
            "created_time": "2024-07-14T15:19:45.149964Z",
            "yes_price": 10,
            "no_price": 90,
            "taker_side": "no"
        },
        {
            "trade_id": "d14d85df-7fd0-4d65-8006-1594cbf9722e",
            "ticker": "HIGHCHI-24JUL14-B88.5",
            "count": 17,
            "created_time": "2024-07-14T15:17:26.549405Z",
            "yes_price": 11,
            "no_price": 89,
            "taker_side": "no"
        },
        {
            "trade_id": "c8906147-cb6c-47a1-8346-ab58260ad7da",
            "ticker": "HIGHCHI-24JUL14-B88.5",
            "count": 17,
            "created_time": "2024-07-14T15:17:26.523324Z",
            "yes_price": 11,
            "no_price": 89,
            "taker_side": "no"
        },
        {
            "trade_id": "0f9081cf-7fe9-4fd3-8641-ab0e594abc81",
            "ticker": "HIGHCHI-24JUL14-B88.5",
            "count": 3,
            "created_time": "2024-07-14T15:17:02.170675Z",
            "yes_price": 12,
            "no_price": 88,
            "taker_side": "no"
        },
        {
            "trade_id": "0e7e7dcd-0055-4c1e-b9df-24e6e07c62f2",
            "ticker": "HIGHCHI-24JUL14-B88.5",
            "count": 17,
            "created_time": "2024-07-14T15:16:42.816339Z",
            "yes_price": 12,
            "no_price": 88,
            "taker_side": "yes"
        },
        {
            "trade_id": "62b34019-b152-4942-9e72-c87d79c1897b",
            "ticker": "HIGHCHI-24JUL14-B88.5",
            "count": 15,
            "created_time": "2024-07-14T15:16:26.70125Z",
            "yes_price": 12,
            "no_price": 88,
            "taker_side": "yes"
        },
        {
            "trade_id": "bd9d9989-033e-4ae4-8e7e-5fc1b2ffe3ad",
            "ticker": "HIGHCHI-24JUL14-B88.5",
            "count": 45,
            "created_time": "2024-07-14T15:12:34.556855Z",
            "yes_price": 12,
            "no_price": 88,
            "taker_side": "yes"
        },
        {
            "trade_id": "8b5d4009-f0ce-4cb9-b4fd-130df7a48f6d",
            "ticker": "HIGHCHI-24JUL14-B88.5",
            "count": 120,
            "created_time": "2024-07-14T15:08:42.701434Z",
            "yes_price": 12,
            "no_price": 88,
            "taker_side": "yes"
        },
        {
            "trade_id": "2ee3558d-dd02-4851-acfd-5805ca3f6576",
            "ticker": "HIGHCHI-24JUL14-B88.5",
            "count": 90,
            "created_time": "2024-07-14T15:08:28.2818Z",
            "yes_price": 12,
            "no_price": 88,
            "taker_side": "yes"
        },
        {
            "trade_id": "53580c5b-4434-431b-9de4-5c9dbb155a8c",
            "ticker": "HIGHCHI-24JUL14-B88.5",
            "count": 60,
            "created_time": "2024-07-14T15:07:40.600784Z",
            "yes_price": 11,
            "no_price": 89,
            "taker_side": "no"
        },
        {
            "trade_id": "b69e9624-2857-417a-8a46-692735e2018f",
            "ticker": "HIGHCHI-24JUL14-B88.5",
            "count": 1,
            "created_time": "2024-07-14T14:44:31.453638Z",
            "yes_price": 3,
            "no_price": 97,
            "taker_side": "yes"
        },
        {
            "trade_id": "43963782-f964-4bb9-8d98-b590ddb7c6c1",
            "ticker": "HIGHCHI-24JUL14-B88.5",
            "count": 10,
            "created_time": "2024-07-14T14:18:12.984463Z",
            "yes_price": 1,
            "no_price": 99,
            "taker_side": "no"
        },
        {
            "trade_id": "f6c20d3d-a3c7-4fdd-a5e2-e5e85b53e040",
            "ticker": "HIGHCHI-24JUL14-B88.5",
            "count": 10,
            "created_time": "2024-07-14T14:18:12.967805Z",
            "yes_price": 1,
            "no_price": 99,
            "taker_side": "no"
        },
        {
            "trade_id": "91f89eef-91be-4bdc-91e1-40fdb35def56",
            "ticker": "HIGHCHI-24JUL14-B88.5",
            "count": 10,
            "created_time": "2024-07-14T14:16:45.478469Z",
            "yes_price": 1,
            "no_price": 99,
            "taker_side": "no"
        },
        {
            "trade_id": "5b0d3930-0dae-4568-8e9a-d2b4a7d39e62",
            "ticker": "HIGHCHI-24JUL14-B88.5",
            "count": 6,
            "created_time": "2024-07-14T14:16:45.464899Z",
            "yes_price": 1,
            "no_price": 99,
            "taker_side": "no"
        },
        {
            "trade_id": "5fdfb0fe-6fcc-4b7a-b82b-e57205ebde50",
            "ticker": "HIGHCHI-24JUL14-B88.5",
            "count": 7,
            "created_time": "2024-07-14T12:48:27.252483Z",
            "yes_price": 1,
            "no_price": 99,
            "taker_side": "yes"
        },
        {
            "trade_id": "dc0f4aab-7250-4f0e-a3a0-d5a5ea8e4fce",
            "ticker": "HIGHCHI-24JUL14-B88.5",
            "count": 5,
            "created_time": "2024-07-14T12:46:22.857297Z",
            "yes_price": 1,
            "no_price": 99,
            "taker_side": "no"
        }
    ],
    "HIGHCHI-24JUL14-B90.5": [
        {
            "trade_id": "4be2ac44-b335-4a15-8c47-0cb941af7b48",
            "ticker": "HIGHCHI-24JUL14-B90.5",
            "count": 5,
            "created_time": "2024-07-15T03:17:08.767174Z",
            "yes_price": 1,
            "no_price": 99,
            "taker_side": "no"
        },
        {
            "trade_id": "44168234-456f-422d-bd03-fa8b225a9085",
            "ticker": "HIGHCHI-24JUL14-B90.5",
            "count": 45,
            "created_time": "2024-07-14T17:16:10.998676Z",
            "yes_price": 48,
            "no_price": 52,
            "taker_side": "yes"
        },
        {
            "trade_id": "3d9ca49e-5ae8-4901-91c9-3a107623e486",
            "ticker": "HIGHCHI-24JUL14-B90.5",
            "count": 55,
            "created_time": "2024-07-14T17:16:10.998676Z",
            "yes_price": 51,
            "no_price": 49,
            "taker_side": "yes"
        },
        {
            "trade_id": "9ecff443-6ced-45cf-a6f1-7038c7fb3068",
            "ticker": "HIGHCHI-24JUL14-B90.5",
            "count": 3,
            "created_time": "2024-07-14T17:05:30.329561Z",
            "yes_price": 42,
            "no_price": 58,
            "taker_side": "no"
        },
        {
            "trade_id": "37f4d824-3a07-4101-a165-d5046200c51b",
            "ticker": "HIGHCHI-24JUL14-B90.5",
            "count": 15,
            "created_time": "2024-07-14T16:59:02.919406Z",
            "yes_price": 48,
            "no_price": 52,
            "taker_side": "yes"
        },
        {
            "trade_id": "e1b74fc9-78d3-4fb2-b59e-39b9a8a4866a",
            "ticker": "HIGHCHI-24JUL14-B90.5",
            "count": 8,
            "created_time": "2024-07-14T16:12:29.650011Z",
            "yes_price": 40,
            "no_price": 60,
            "taker_side": "no"
        },
        {
            "trade_id": "41930f82-c240-4ebb-92cf-cfca20a02fcd",
            "ticker": "HIGHCHI-24JUL14-B90.5",
            "count": 17,
            "created_time": "2024-07-14T16:03:09.763461Z",
            "yes_price": 37,
            "no_price": 63,
            "taker_side": "no"
        },
        {
            "trade_id": "6d831669-26fc-4b70-9a51-6266ab91eafb",
            "ticker": "HIGHCHI-24JUL14-B90.5",
            "count": 5,
            "created_time": "2024-07-14T15:42:15.86691Z",
            "yes_price": 36,
            "no_price": 64,
            "taker_side": "no"
        },
        {
            "trade_id": "9fdc11ab-6975-411f-8ab2-68c15ccac433",
            "ticker": "HIGHCHI-24JUL14-B90.5",
            "count": 7,
            "created_time": "2024-07-14T15:23:38.132868Z",
            "yes_price": 37,
            "no_price": 63,
            "taker_side": "yes"
        },
        {
            "trade_id": "b23dd5fd-02e6-40cb-b057-bea4396e567c",
            "ticker": "HIGHCHI-24JUL14-B90.5",
            "count": 10,
            "created_time": "2024-07-14T15:20:01.639883Z",
            "yes_price": 34,
            "no_price": 66,
            "taker_side": "no"
        },
        {
            "trade_id": "adcddf80-e8e5-4eec-834e-84e442f099c6",
            "ticker": "HIGHCHI-24JUL14-B90.5",
            "count": 10,
            "created_time": "2024-07-14T15:20:01.618845Z",
            "yes_price": 34,
            "no_price": 66,
            "taker_side": "no"
        },
        {
            "trade_id": "4a617263-b2f6-4787-a22b-9e695a5e674c",
            "ticker": "HIGHCHI-24JUL14-B90.5",
            "count": 10,
            "created_time": "2024-07-14T15:19:33.431656Z",
            "yes_price": 37,
            "no_price": 63,
            "taker_side": "yes"
        },
        {
            "trade_id": "f07242f6-964c-46e4-bec6-029423ee868f",
            "ticker": "HIGHCHI-24JUL14-B90.5",
            "count": 17,
            "created_time": "2024-07-14T15:17:26.534582Z",
            "yes_price": 37,
            "no_price": 63,
            "taker_side": "no"
        },
        {
            "trade_id": "73c95ea8-bac4-49ee-9dca-fca65b1bd66b",
            "ticker": "HIGHCHI-24JUL14-B90.5",
            "count": 3,
            "created_time": "2024-07-14T15:17:02.098232Z",
            "yes_price": 39,
            "no_price": 61,
            "taker_side": "yes"
        },
        {
            "trade_id": "1d515c5d-e7d5-475f-ad0f-38a5ae3a576d",
            "ticker": "HIGHCHI-24JUL14-B90.5",
            "count": 60,
            "created_time": "2024-07-14T15:07:40.611884Z",
            "yes_price": 31,
            "no_price": 69,
            "taker_side": "no"
        },
        {
            "trade_id": "e33f5443-ce59-4b5a-b8d0-cd4cbce7fdf8",
            "ticker": "HIGHCHI-24JUL14-B90.5",
            "count": 150,
            "created_time": "2024-07-14T15:02:16.436938Z",
            "yes_price": 36,
            "no_price": 64,
            "taker_side": "yes"
        },
        {
            "trade_id": "9b48bde6-75b7-435c-931d-874a2ff0f5d2",
            "ticker": "HIGHCHI-24JUL14-B90.5",
            "count": 45,
            "created_time": "2024-07-14T15:02:16.436938Z",
            "yes_price": 34,
            "no_price": 66,
            "taker_side": "yes"
        },
        {
            "trade_id": "300b0354-85b9-4cfc-9ba6-9f7a2d65d942",
            "ticker": "HIGHCHI-24JUL14-B90.5",
            "count": 5,
            "created_time": "2024-07-14T15:02:16.436938Z",
            "yes_price": 38,
            "no_price": 62,
            "taker_side": "yes"
        },
        {
            "trade_id": "e2619f34-ab7d-488c-8ef4-59706ed622c3",
            "ticker": "HIGHCHI-24JUL14-B90.5",
            "count": 60,
            "created_time": "2024-07-14T14:53:26.501903Z",
            "yes_price": 28,
            "no_price": 72,
            "taker_side": "no"
        },
        {
            "trade_id": "1c9d203f-9a10-465f-81df-04251f6dfd51",
            "ticker": "HIGHCHI-24JUL14-B90.5",
            "count": 140,
            "created_time": "2024-07-14T14:53:26.501903Z",
            "yes_price": 26,
            "no_price": 74,
            "taker_side": "no"
        },
        {
            "trade_id": "83c52106-6b58-4e89-add6-20f4a6752bde",
            "ticker": "HIGHCHI-24JUL14-B90.5",
            "count": 10,
            "created_time": "2024-07-14T14:18:12.978971Z",
            "yes_price": 23,
            "no_price": 77,
            "taker_side": "no"
        },
        {
            "trade_id": "d2e26904-2c8c-49e6-b3e6-6a964b670c5e",
            "ticker": "HIGHCHI-24JUL14-B90.5",
            "count": 10,
            "created_time": "2024-07-14T14:18:12.949021Z",
            "yes_price": 23,
            "no_price": 77,
            "taker_side": "no"
        },
        {
            "trade_id": "1122d2f2-c11c-4a99-a90f-c3f7b8f53f02",
            "ticker": "HIGHCHI-24JUL14-B90.5",
            "count": 10,
            "created_time": "2024-07-14T14:16:45.472894Z",
            "yes_price": 23,
            "no_price": 77,
            "taker_side": "no"
        },
        {
            "trade_id": "ee1f488e-680e-4f02-8693-5fd1f00832cd",
            "ticker": "HIGHCHI-24JUL14-B90.5",
            "count": 6,
            "created_time": "2024-07-14T14:16:45.453651Z",
            "yes_price": 23,
            "no_price": 77,
            "taker_side": "no"
        },
        {
            "trade_id": "a70a3443-a231-4395-b329-f693508579fb",
            "ticker": "HIGHCHI-24JUL14-B90.5",
            "count": 50,
            "created_time": "2024-07-14T14:06:56.473822Z",
            "yes_price": 28,
            "no_price": 72,
            "taker_side": "yes"
        },
        {
            "trade_id": "d666f6c5-3b87-429b-b2ba-8d0a5205059a",
            "ticker": "HIGHCHI-24JUL14-B90.5",
            "count": 45,
            "created_time": "2024-07-14T14:00:36.142223Z",
            "yes_price": 23,
            "no_price": 77,
            "taker_side": "no"
        },
        {
            "trade_id": "6caae827-3e37-448e-8f1c-b22e801e0664",
            "ticker": "HIGHCHI-24JUL14-B90.5",
            "count": 2,
            "created_time": "2024-07-14T13:57:41.689332Z",
            "yes_price": 23,
            "no_price": 77,
            "taker_side": "no"
        },
        {
            "trade_id": "e9339c4b-d934-45f4-952a-7af2432d37d6",
            "ticker": "HIGHCHI-24JUL14-B90.5",
            "count": 2,
            "created_time": "2024-07-14T13:57:41.672691Z",
            "yes_price": 23,
            "no_price": 77,
            "taker_side": "no"
        },
        {
            "trade_id": "16c735d4-df83-499b-b2b8-2211d04431f8",
            "ticker": "HIGHCHI-24JUL14-B90.5",
            "count": 45,
            "created_time": "2024-07-14T13:22:10.50935Z",
            "yes_price": 23,
            "no_price": 77,
            "taker_side": "no"
        },
        {
            "trade_id": "e2d60745-4b41-4cbb-9a87-4f4d190a4928",
            "ticker": "HIGHCHI-24JUL14-B90.5",
            "count": 45,
            "created_time": "2024-07-14T13:12:44.519545Z",
            "yes_price": 23,
            "no_price": 77,
            "taker_side": "no"
        },
        {
            "trade_id": "73ceacaf-0485-4371-a1c3-e6f5a8cf51ec",
            "ticker": "HIGHCHI-24JUL14-B90.5",
            "count": 2,
            "created_time": "2024-07-14T13:07:26.361683Z",
            "yes_price": 23,
            "no_price": 77,
            "taker_side": "no"
        },
        {
            "trade_id": "6ba84cb7-d9af-4022-8280-086fca2ea452",
            "ticker": "HIGHCHI-24JUL14-B90.5",
            "count": 12,
            "created_time": "2024-07-14T12:46:22.844319Z",
            "yes_price": 22,
            "no_price": 78,
            "taker_side": "no"
        },
        {
            "trade_id": "9009e604-5926-4589-82b2-5c974957509b",
            "ticker": "HIGHCHI-24JUL14-B90.5",
            "count": 50,
            "created_time": "2024-07-14T12:36:29.372922Z",
            "yes_price": 19,
            "no_price": 81,
            "taker_side": "yes"
        },
        {
            "trade_id": "78f16c71-fa8b-41bd-aab8-ae69a067cda9",
            "ticker": "HIGHCHI-24JUL14-B90.5",
            "count": 50,
            "created_time": "2024-07-14T01:45:59.23178Z",
            "yes_price": 13,
            "no_price": 87,
            "taker_side": "no"
        },
        {
            "trade_id": "ee39dc61-aa02-41d8-b98e-7450e466d428",
            "ticker": "HIGHCHI-24JUL14-B90.5",
            "count": 15,
            "created_time": "2024-07-14T00:52:33.073808Z",
            "yes_price": 20,
            "no_price": 80,
            "taker_side": "yes"
        },
        {
            "trade_id": "69a5aca5-75e8-43b8-a692-fd5f82032c71",
            "ticker": "HIGHCHI-24JUL14-B90.5",
            "count": 15,
            "created_time": "2024-07-14T00:48:29.265819Z",
            "yes_price": 20,
            "no_price": 80,
            "taker_side": "yes"
        },
        {
            "trade_id": "2fa99bb7-7e87-4b54-a0a2-04352dfc48f3",
            "ticker": "HIGHCHI-24JUL14-B90.5",
            "count": 10,
            "created_time": "2024-07-14T00:36:29.381873Z",
            "yes_price": 13,
            "no_price": 87,
            "taker_side": "yes"
        },
        {
            "trade_id": "b91b4e19-5e6f-4835-9a31-71e9758777f5",
            "ticker": "HIGHCHI-24JUL14-B90.5",
            "count": 58,
            "created_time": "2024-07-13T22:07:25.15712Z",
            "yes_price": 19,
            "no_price": 81,
            "taker_side": "yes"
        },
        {
            "trade_id": "4cb1b1f2-8dde-46ca-90e7-3048b9975bd4",
            "ticker": "HIGHCHI-24JUL14-B90.5",
            "count": 22,
            "created_time": "2024-07-13T22:07:25.15712Z",
            "yes_price": 19,
            "no_price": 81,
            "taker_side": "yes"
        },
        {
            "trade_id": "f2532d3d-28d4-4030-a875-cf0f3c103287",
            "ticker": "HIGHCHI-24JUL14-B90.5",
            "count": 15,
            "created_time": "2024-07-13T20:55:09.75648Z",
            "yes_price": 18,
            "no_price": 82,
            "taker_side": "no"
        },
        {
            "trade_id": "7ccc3e3b-e395-403d-8a48-028768887344",
            "ticker": "HIGHCHI-24JUL14-B90.5",
            "count": 85,
            "created_time": "2024-07-13T20:55:09.75648Z",
            "yes_price": 16,
            "no_price": 84,
            "taker_side": "no"
        },
        {
            "trade_id": "9326217d-045e-4b55-a336-322876e6d616",
            "ticker": "HIGHCHI-24JUL14-B90.5",
            "count": 1,
            "created_time": "2024-07-13T18:35:13.325404Z",
            "yes_price": 19,
            "no_price": 81,
            "taker_side": "yes"
        }
    ],
    "HIGHCHI-24JUL14-B92.5": [
        {
            "trade_id": "151496ad-1717-4002-8e1e-6d6137edab93",
            "ticker": "HIGHCHI-24JUL14-B92.5",
            "count": 10,
            "created_time": "2024-07-15T03:17:08.501624Z",
            "yes_price": 24,
            "no_price": 76,
            "taker_side": "yes"
        },
        {
            "trade_id": "2bae0181-abaf-4583-97ae-5973f0989892",
            "ticker": "HIGHCHI-24JUL14-B92.5",
            "count": 5,
            "created_time": "2024-07-15T00:16:29.595621Z",
            "yes_price": 1,
            "no_price": 99,
            "taker_side": "no"
        },
        {
            "trade_id": "aa6b5b58-3895-44bf-9201-d029b44b70d8",
            "ticker": "HIGHCHI-24JUL14-B92.5",
            "count": 145,
            "created_time": "2024-07-15T00:15:44.820089Z",
            "yes_price": 2,
            "no_price": 98,
            "taker_side": "no"
        },
        {
            "trade_id": "19db345f-dab3-4f7a-8332-ba59c8d12d4b",
            "ticker": "HIGHCHI-24JUL14-B92.5",
            "count": 51,
            "created_time": "2024-07-14T21:31:49.480114Z",
            "yes_price": 2,
            "no_price": 98,
            "taker_side": "no"
        },
        {
            "trade_id": "9b676704-18f0-49e3-8065-8ecf061de8ba",
            "ticker": "HIGHCHI-24JUL14-B92.5",
            "count": 150,
            "created_time": "2024-07-14T17:48:05.354622Z",
            "yes_price": 30,
            "no_price": 70,
            "taker_side": "yes"
        },
        {
            "trade_id": "538eddb4-bb23-4d66-b446-ca9c5019b6f0",
            "ticker": "HIGHCHI-24JUL14-B92.5",
            "count": 150,
            "created_time": "2024-07-14T17:48:05.354622Z",
            "yes_price": 32,
            "no_price": 68,
            "taker_side": "yes"
        },
        {
            "trade_id": "1d544742-d651-4a71-9cba-1302d9956461",
            "ticker": "HIGHCHI-24JUL14-B92.5",
            "count": 15,
            "created_time": "2024-07-14T17:48:05.354622Z",
            "yes_price": 28,
            "no_price": 72,
            "taker_side": "yes"
        },
        {
            "trade_id": "daa683a5-841f-463c-a5fa-02a2458146e1",
            "ticker": "HIGHCHI-24JUL14-B92.5",
            "count": 75,
            "created_time": "2024-07-14T17:46:43.144013Z",
            "yes_price": 26,
            "no_price": 74,
            "taker_side": "yes"
        },
        {
            "trade_id": "97c378b4-92d3-4656-9531-cc388730d5c3",
            "ticker": "HIGHCHI-24JUL14-B92.5",
            "count": 150,
            "created_time": "2024-07-14T17:46:43.144013Z",
            "yes_price": 28,
            "no_price": 72,
            "taker_side": "yes"
        },
        {
            "trade_id": "5bb1ff5d-7a11-4c33-a68a-07feddd33cf8",
            "ticker": "HIGHCHI-24JUL14-B92.5",
            "count": 150,
            "created_time": "2024-07-14T17:38:59.026423Z",
            "yes_price": 28,
            "no_price": 72,
            "taker_side": "yes"
        },
        {
            "trade_id": "436d1439-3f82-4511-b7f0-abc817f0a487",
            "ticker": "HIGHCHI-24JUL14-B92.5",
            "count": 60,
            "created_time": "2024-07-14T17:38:59.026423Z",
            "yes_price": 26,
            "no_price": 74,
            "taker_side": "yes"
        },
        {
            "trade_id": "d9a2bee2-5359-45f2-8c2f-e28734062643",
            "ticker": "HIGHCHI-24JUL14-B92.5",
            "count": 150,
            "created_time": "2024-07-14T17:36:44.660306Z",
            "yes_price": 26,
            "no_price": 74,
            "taker_side": "yes"
        },
        {
            "trade_id": "ca9fe5b5-f244-40dd-b496-7aaefa9ca364",
            "ticker": "HIGHCHI-24JUL14-B92.5",
            "count": 15,
            "created_time": "2024-07-14T17:36:44.660306Z",
            "yes_price": 22,
            "no_price": 78,
            "taker_side": "yes"
        },
        {
            "trade_id": "2718cd48-0069-418c-9eca-e75029096fdb",
            "ticker": "HIGHCHI-24JUL14-B92.5",
            "count": 150,
            "created_time": "2024-07-14T17:36:44.660306Z",
            "yes_price": 24,
            "no_price": 76,
            "taker_side": "yes"
        },
        {
            "trade_id": "07bb480e-dab3-4cca-b242-c941419474e3",
            "ticker": "HIGHCHI-24JUL14-B92.5",
            "count": 3,
            "created_time": "2024-07-14T17:05:30.322129Z",
            "yes_price": 17,
            "no_price": 83,
            "taker_side": "no"
        },
        {
            "trade_id": "9c43382b-1637-49be-b6aa-943bb61728d1",
            "ticker": "HIGHCHI-24JUL14-B92.5",
            "count": 60,
            "created_time": "2024-07-14T17:04:33.322907Z",
            "yes_price": 18,
            "no_price": 82,
            "taker_side": "no"
        },
        {
            "trade_id": "5b69abff-cf56-493f-895c-d7563cb8b44e",
            "ticker": "HIGHCHI-24JUL14-B92.5",
            "count": 136,
            "created_time": "2024-07-14T17:04:33.322907Z",
            "yes_price": 16,
            "no_price": 84,
            "taker_side": "no"
        },
        {
            "trade_id": "75eac630-84d2-48f9-96bf-bc2d9682d88a",
            "ticker": "HIGHCHI-24JUL14-B92.5",
            "count": 17,
            "created_time": "2024-07-14T16:03:09.688798Z",
            "yes_price": 36,
            "no_price": 64,
            "taker_side": "yes"
        },
        {
            "trade_id": "f8e1ca45-311f-42b9-bded-5d20f7cf5d96",
            "ticker": "HIGHCHI-24JUL14-B92.5",
            "count": 5,
            "created_time": "2024-07-14T15:42:15.800873Z",
            "yes_price": 36,
            "no_price": 64,
            "taker_side": "yes"
        },
        {
            "trade_id": "d2dc8854-aeb8-422e-9fe0-1803ebfd2467",
            "ticker": "HIGHCHI-24JUL14-B92.5",
            "count": 10,
            "created_time": "2024-07-14T15:20:01.645684Z",
            "yes_price": 30,
            "no_price": 70,
            "taker_side": "no"
        },
        {
            "trade_id": "345e96a1-ed7d-4494-a7f3-67d1a68a2062",
            "ticker": "HIGHCHI-24JUL14-B92.5",
            "count": 10,
            "created_time": "2024-07-14T15:20:01.630971Z",
            "yes_price": 30,
            "no_price": 70,
            "taker_side": "no"
        },
        {
            "trade_id": "bc3ae03e-dfaa-4a44-965c-4586cb52062f",
            "ticker": "HIGHCHI-24JUL14-B92.5",
            "count": 17,
            "created_time": "2024-07-14T15:17:26.543518Z",
            "yes_price": 30,
            "no_price": 70,
            "taker_side": "no"
        },
        {
            "trade_id": "b8552cf3-6f55-4737-aace-9be77094eac3",
            "ticker": "HIGHCHI-24JUL14-B92.5",
            "count": 17,
            "created_time": "2024-07-14T15:17:26.534861Z",
            "yes_price": 30,
            "no_price": 70,
            "taker_side": "no"
        },
        {
            "trade_id": "70863e8a-b42c-42f9-9f6f-dd9bb17f4235",
            "ticker": "HIGHCHI-24JUL14-B92.5",
            "count": 3,
            "created_time": "2024-07-14T15:17:02.173153Z",
            "yes_price": 30,
            "no_price": 70,
            "taker_side": "no"
        },
        {
            "trade_id": "5f9cb014-925d-4560-9ef8-0c901313552e",
            "ticker": "HIGHCHI-24JUL14-B92.5",
            "count": 60,
            "created_time": "2024-07-14T15:07:40.543145Z",
            "yes_price": 39,
            "no_price": 61,
            "taker_side": "yes"
        },
        {
            "trade_id": "2bb6420c-7cee-448f-a115-3a78336e1422",
            "ticker": "HIGHCHI-24JUL14-B92.5",
            "count": 10,
            "created_time": "2024-07-14T14:18:12.973386Z",
            "yes_price": 34,
            "no_price": 66,
            "taker_side": "no"
        },
        {
            "trade_id": "2ad431fa-d47a-4a16-8556-aa65592829fb",
            "ticker": "HIGHCHI-24JUL14-B92.5",
            "count": 10,
            "created_time": "2024-07-14T14:18:12.959896Z",
            "yes_price": 34,
            "no_price": 66,
            "taker_side": "no"
        },
        {
            "trade_id": "4b0bddc5-5888-4051-be7d-aab56bebf736",
            "ticker": "HIGHCHI-24JUL14-B92.5",
            "count": 10,
            "created_time": "2024-07-14T14:16:45.484489Z",
            "yes_price": 34,
            "no_price": 66,
            "taker_side": "no"
        },
        {
            "trade_id": "3135cf41-3099-4133-b32e-57c0c5bc79c4",
            "ticker": "HIGHCHI-24JUL14-B92.5",
            "count": 6,
            "created_time": "2024-07-14T14:16:45.48426Z",
            "yes_price": 35,
            "no_price": 65,
            "taker_side": "no"
        },
        {
            "trade_id": "a2e0d1f0-41c1-4f5f-8bfd-3b67681244b6",
            "ticker": "HIGHCHI-24JUL14-B92.5",
            "count": 2,
            "created_time": "2024-07-14T13:57:41.700023Z",
            "yes_price": 35,
            "no_price": 65,
            "taker_side": "no"
        },
        {
            "trade_id": "8c85f227-735d-46af-8b78-e619d1b3c096",
            "ticker": "HIGHCHI-24JUL14-B92.5",
            "count": 2,
            "created_time": "2024-07-14T13:57:41.671877Z",
            "yes_price": 35,
            "no_price": 65,
            "taker_side": "no"
        },
        {
            "trade_id": "e985065f-6c93-43fe-af6f-105c05114175",
            "ticker": "HIGHCHI-24JUL14-B92.5",
            "count": 45,
            "created_time": "2024-07-14T13:22:10.441623Z",
            "yes_price": 38,
            "no_price": 62,
            "taker_side": "yes"
        },
        {
            "trade_id": "21d6ad29-a785-432b-87b0-3d60155addb5",
            "ticker": "HIGHCHI-24JUL14-B92.5",
            "count": 75,
            "created_time": "2024-07-14T13:22:10.441623Z",
            "yes_price": 39,
            "no_price": 61,
            "taker_side": "yes"
        },
        {
            "trade_id": "1508aa94-93f6-4960-b5a9-b95c9a12ffdf",
            "ticker": "HIGHCHI-24JUL14-B92.5",
            "count": 23,
            "created_time": "2024-07-14T13:22:10.441623Z",
            "yes_price": 43,
            "no_price": 57,
            "taker_side": "yes"
        },
        {
            "trade_id": "3acb5bf1-b0b8-4b02-9c84-ccbe4b7d6554",
            "ticker": "HIGHCHI-24JUL14-B92.5",
            "count": 10,
            "created_time": "2024-07-14T13:14:10.729016Z",
            "yes_price": 38,
            "no_price": 62,
            "taker_side": "yes"
        },
        {
            "trade_id": "49ddbadd-650f-48ee-b6b9-d080cb41d08a",
            "ticker": "HIGHCHI-24JUL14-B92.5",
            "count": 2,
            "created_time": "2024-07-14T13:07:26.288986Z",
            "yes_price": 38,
            "no_price": 62,
            "taker_side": "yes"
        },
        {
            "trade_id": "426cad78-e8d1-488d-a6d0-468639dc2dbc",
            "ticker": "HIGHCHI-24JUL14-B92.5",
            "count": 12,
            "created_time": "2024-07-14T12:46:22.775382Z",
            "yes_price": 38,
            "no_price": 62,
            "taker_side": "yes"
        },
        {
            "trade_id": "fbbd6613-68d6-47b2-9704-94a25d53af0f",
            "ticker": "HIGHCHI-24JUL14-B92.5",
            "count": 2,
            "created_time": "2024-07-14T12:00:46.644362Z",
            "yes_price": 37,
            "no_price": 63,
            "taker_side": "yes"
        },
        {
            "trade_id": "3cd390c9-8c40-40db-9fe4-4afe473448c6",
            "ticker": "HIGHCHI-24JUL14-B92.5",
            "count": 10,
            "created_time": "2024-07-13T16:29:26.394205Z",
            "yes_price": 29,
            "no_price": 71,
            "taker_side": "yes"
        },
        {
            "trade_id": "5e576c75-4aa6-4b41-ba45-4881fb977b9e",
            "ticker": "HIGHCHI-24JUL14-B92.5",
            "count": 40,
            "created_time": "2024-07-13T14:57:18.614882Z",
            "yes_price": 32,
            "no_price": 68,
            "taker_side": "yes"
        }
    ],
    "HIGHCHI-24JUL14-B94.5": [
        {
            "trade_id": "a997ca42-be0c-434e-890b-6adf8160ec61",
            "ticker": "HIGHCHI-24JUL14-B94.5",
            "count": 363,
            "created_time": "2024-07-14T17:10:49.757756Z",
            "yes_price": 1,
            "no_price": 99,
            "taker_side": "no"
        },
        {
            "trade_id": "5cff312a-ec35-4b47-ad48-a095e2ed1d84",
            "ticker": "HIGHCHI-24JUL14-B94.5",
            "count": 5,
            "created_time": "2024-07-14T17:10:49.757756Z",
            "yes_price": 1,
            "no_price": 99,
            "taker_side": "no"
        },
        {
            "trade_id": "c2e5d17f-ccc2-42fc-a998-6d81da8a4856",
            "ticker": "HIGHCHI-24JUL14-B94.5",
            "count": 3,
            "created_time": "2024-07-14T17:05:30.321319Z",
            "yes_price": 3,
            "no_price": 97,
            "taker_side": "no"
        },
        {
            "trade_id": "49a92dfd-3cc1-4d04-98f8-9b687d5102a5",
            "ticker": "HIGHCHI-24JUL14-B94.5",
            "count": 17,
            "created_time": "2024-07-14T16:03:09.774168Z",
            "yes_price": 20,
            "no_price": 80,
            "taker_side": "no"
        },
        {
            "trade_id": "ad6a01e2-5fd1-4c4b-820b-dcd4fb7a7b34",
            "ticker": "HIGHCHI-24JUL14-B94.5",
            "count": 5,
            "created_time": "2024-07-14T15:42:15.877881Z",
            "yes_price": 20,
            "no_price": 80,
            "taker_side": "no"
        },
        {
            "trade_id": "98eb6768-aa2f-4b8d-a38f-47569bf9a591",
            "ticker": "HIGHCHI-24JUL14-B94.5",
            "count": 10,
            "created_time": "2024-07-14T15:20:01.639244Z",
            "yes_price": 20,
            "no_price": 80,
            "taker_side": "no"
        },
        {
            "trade_id": "9a81c8f1-8f19-48ee-9ee3-ea7db2e6cb12",
            "ticker": "HIGHCHI-24JUL14-B94.5",
            "count": 10,
            "created_time": "2024-07-14T15:20:01.629941Z",
            "yes_price": 20,
            "no_price": 80,
            "taker_side": "no"
        },
        {
            "trade_id": "0b49b357-0a7b-4c2e-bdce-93c6e65f0242",
            "ticker": "HIGHCHI-24JUL14-B94.5",
            "count": 17,
            "created_time": "2024-07-14T15:17:26.555662Z",
            "yes_price": 20,
            "no_price": 80,
            "taker_side": "no"
        },
        {
            "trade_id": "d04ecf0a-325d-4057-9792-65d8bcb6d73d",
            "ticker": "HIGHCHI-24JUL14-B94.5",
            "count": 17,
            "created_time": "2024-07-14T15:17:26.554983Z",
            "yes_price": 20,
            "no_price": 80,
            "taker_side": "no"
        },
        {
            "trade_id": "79248242-88e6-46c9-97c0-53de943a5ab4",
            "ticker": "HIGHCHI-24JUL14-B94.5",
            "count": 3,
            "created_time": "2024-07-14T15:17:02.170935Z",
            "yes_price": 20,
            "no_price": 80,
            "taker_side": "no"
        },
        {
            "trade_id": "5b97549e-73ff-431e-8d9b-947d4a1cf6d9",
            "ticker": "HIGHCHI-24JUL14-B94.5",
            "count": 60,
            "created_time": "2024-07-14T15:07:40.619467Z",
            "yes_price": 20,
            "no_price": 80,
            "taker_side": "no"
        },
        {
            "trade_id": "a7dd2601-571b-4666-b082-16f4aea7bffb",
            "ticker": "HIGHCHI-24JUL14-B94.5",
            "count": 100,
            "created_time": "2024-07-14T14:47:04.707913Z",
            "yes_price": 25,
            "no_price": 75,
            "taker_side": "no"
        },
        {
            "trade_id": "815fc0cc-ae4b-4ff4-8098-d635c6260dbb",
            "ticker": "HIGHCHI-24JUL14-B94.5",
            "count": 62,
            "created_time": "2024-07-14T14:44:31.613725Z",
            "yes_price": 27,
            "no_price": 73,
            "taker_side": "no"
        },
        {
            "trade_id": "2d3b2570-2a09-49d9-a62a-82aaf13eb08a",
            "ticker": "HIGHCHI-24JUL14-B94.5",
            "count": 10,
            "created_time": "2024-07-14T14:18:12.989965Z",
            "yes_price": 27,
            "no_price": 73,
            "taker_side": "no"
        },
        {
            "trade_id": "41937444-8177-4701-ba33-2daeba453b88",
            "ticker": "HIGHCHI-24JUL14-B94.5",
            "count": 10,
            "created_time": "2024-07-14T14:18:12.967535Z",
            "yes_price": 27,
            "no_price": 73,
            "taker_side": "no"
        },
        {
            "trade_id": "98fd282a-4b9b-4cc0-90c4-83f4075823bb",
            "ticker": "HIGHCHI-24JUL14-B94.5",
            "count": 6,
            "created_time": "2024-07-14T14:16:45.472662Z",
            "yes_price": 27,
            "no_price": 73,
            "taker_side": "no"
        },
        {
            "trade_id": "b6a58dfd-b461-49b9-9ffd-05a4acadf411",
            "ticker": "HIGHCHI-24JUL14-B94.5",
            "count": 10,
            "created_time": "2024-07-14T14:16:45.472267Z",
            "yes_price": 27,
            "no_price": 73,
            "taker_side": "no"
        },
        {
            "trade_id": "03d41527-1547-4bd3-8607-90806b04db30",
            "ticker": "HIGHCHI-24JUL14-B94.5",
            "count": 7,
            "created_time": "2024-07-14T14:06:39.434738Z",
            "yes_price": 26,
            "no_price": 74,
            "taker_side": "no"
        },
        {
            "trade_id": "c2573907-0e77-41ce-a2dc-55b9fe9a9db8",
            "ticker": "HIGHCHI-24JUL14-B94.5",
            "count": 50,
            "created_time": "2024-07-14T14:02:22.448308Z",
            "yes_price": 29,
            "no_price": 71,
            "taker_side": "no"
        },
        {
            "trade_id": "54c46928-d085-4007-98ba-606ca24219c3",
            "ticker": "HIGHCHI-24JUL14-B94.5",
            "count": 3,
            "created_time": "2024-07-14T14:02:05.733155Z",
            "yes_price": 31,
            "no_price": 69,
            "taker_side": "no"
        },
        {
            "trade_id": "bfcf541b-f1c1-4dea-87b0-399273738e97",
            "ticker": "HIGHCHI-24JUL14-B94.5",
            "count": 60,
            "created_time": "2024-07-14T14:01:29.549687Z",
            "yes_price": 32,
            "no_price": 68,
            "taker_side": "yes"
        },
        {
            "trade_id": "57fe0691-2d4e-4146-8f70-332944ffc80a",
            "ticker": "HIGHCHI-24JUL14-B94.5",
            "count": 15,
            "created_time": "2024-07-14T13:57:53.791963Z",
            "yes_price": 31,
            "no_price": 69,
            "taker_side": "no"
        },
        {
            "trade_id": "e1c198ff-24f0-443f-a870-c0777f558897",
            "ticker": "HIGHCHI-24JUL14-B94.5",
            "count": 2,
            "created_time": "2024-07-14T13:57:41.688301Z",
            "yes_price": 31,
            "no_price": 69,
            "taker_side": "no"
        },
        {
            "trade_id": "23450e48-1a47-4e8a-ae1c-2b062370e3ee",
            "ticker": "HIGHCHI-24JUL14-B94.5",
            "count": 2,
            "created_time": "2024-07-14T13:57:41.683214Z",
            "yes_price": 31,
            "no_price": 69,
            "taker_side": "no"
        },
        {
            "trade_id": "32cae103-89e3-4e32-8f7b-3c531bb738da",
            "ticker": "HIGHCHI-24JUL14-B94.5",
            "count": 45,
            "created_time": "2024-07-14T13:22:10.508096Z",
            "yes_price": 31,
            "no_price": 69,
            "taker_side": "no"
        },
        {
            "trade_id": "8ddf00a2-ea40-4534-9225-24654707c8d0",
            "ticker": "HIGHCHI-24JUL14-B94.5",
            "count": 2,
            "created_time": "2024-07-14T13:07:26.372105Z",
            "yes_price": 31,
            "no_price": 69,
            "taker_side": "no"
        },
        {
            "trade_id": "c0a815a6-3c1a-4a86-b4c9-1ebbdb9140be",
            "ticker": "HIGHCHI-24JUL14-B94.5",
            "count": 45,
            "created_time": "2024-07-14T12:49:39.240517Z",
            "yes_price": 32,
            "no_price": 68,
            "taker_side": "yes"
        },
        {
            "trade_id": "93d005c9-e88f-4b94-8070-7a9590e80585",
            "ticker": "HIGHCHI-24JUL14-B94.5",
            "count": 150,
            "created_time": "2024-07-14T12:49:39.240517Z",
            "yes_price": 34,
            "no_price": 66,
            "taker_side": "yes"
        },
        {
            "trade_id": "13eae561-56b5-46b4-bbeb-e007147324a2",
            "ticker": "HIGHCHI-24JUL14-B94.5",
            "count": 35,
            "created_time": "2024-07-14T12:48:27.396427Z",
            "yes_price": 33,
            "no_price": 67,
            "taker_side": "no"
        },
        {
            "trade_id": "d9199b99-fbf3-45f5-86c0-819eb5e135c5",
            "ticker": "HIGHCHI-24JUL14-B94.5",
            "count": 30,
            "created_time": "2024-07-14T12:48:27.372888Z",
            "yes_price": 33,
            "no_price": 67,
            "taker_side": "no"
        },
        {
            "trade_id": "4d9fa510-ca8d-4bea-b47b-2fc4ff8535eb",
            "ticker": "HIGHCHI-24JUL14-B94.5",
            "count": 12,
            "created_time": "2024-07-14T12:46:22.859433Z",
            "yes_price": 33,
            "no_price": 67,
            "taker_side": "no"
        },
        {
            "trade_id": "2857a9b2-32fc-4714-8260-54b3ff48a8a3",
            "ticker": "HIGHCHI-24JUL14-B94.5",
            "count": 150,
            "created_time": "2024-07-14T12:44:33.626384Z",
            "yes_price": 33,
            "no_price": 67,
            "taker_side": "no"
        },
        {
            "trade_id": "fa2a7d22-3da0-47be-aa62-401c3c7c10d3",
            "ticker": "HIGHCHI-24JUL14-B94.5",
            "count": 15,
            "created_time": "2024-07-14T12:44:33.605633Z",
            "yes_price": 33,
            "no_price": 67,
            "taker_side": "no"
        },
        {
            "trade_id": "c7ab8a4c-d7df-48d5-819a-7a5e13d8e502",
            "ticker": "HIGHCHI-24JUL14-B94.5",
            "count": 45,
            "created_time": "2024-07-14T12:40:52.976796Z",
            "yes_price": 33,
            "no_price": 67,
            "taker_side": "no"
        },
        {
            "trade_id": "60f9c14c-335a-42bb-8084-b0c7a04318b3",
            "ticker": "HIGHCHI-24JUL14-B94.5",
            "count": 30,
            "created_time": "2024-07-14T12:36:57.348759Z",
            "yes_price": 34,
            "no_price": 66,
            "taker_side": "yes"
        },
        {
            "trade_id": "3f2d73c8-c410-43a0-882c-e7571cde3add",
            "ticker": "HIGHCHI-24JUL14-B94.5",
            "count": 150,
            "created_time": "2024-07-14T12:36:57.348759Z",
            "yes_price": 36,
            "no_price": 64,
            "taker_side": "yes"
        },
        {
            "trade_id": "cbcaec9e-9dbe-4ddc-8efa-fd245078537d",
            "ticker": "HIGHCHI-24JUL14-B94.5",
            "count": 2,
            "created_time": "2024-07-14T12:01:33.679503Z",
            "yes_price": 44,
            "no_price": 56,
            "taker_side": "yes"
        },
        {
            "trade_id": "9af35ad1-a5ba-41ba-a2a8-7b42ff142872",
            "ticker": "HIGHCHI-24JUL14-B94.5",
            "count": 128,
            "created_time": "2024-07-14T01:09:26.79601Z",
            "yes_price": 34,
            "no_price": 66,
            "taker_side": "yes"
        },
        {
            "trade_id": "6fb84a6d-d42e-4b96-baca-6ebdbcf3c136",
            "ticker": "HIGHCHI-24JUL14-B94.5",
            "count": 150,
            "created_time": "2024-07-14T01:09:26.79601Z",
            "yes_price": 32,
            "no_price": 68,
            "taker_side": "yes"
        },
        {
            "trade_id": "43d0c124-f713-4e2c-ac5a-a1032a37c363",
            "ticker": "HIGHCHI-24JUL14-B94.5",
            "count": 90,
            "created_time": "2024-07-14T01:09:26.79601Z",
            "yes_price": 30,
            "no_price": 70,
            "taker_side": "yes"
        },
        {
            "trade_id": "f7fd548d-2b05-444b-92ed-8cdd953f2823",
            "ticker": "HIGHCHI-24JUL14-B94.5",
            "count": 10,
            "created_time": "2024-07-13T23:48:30.779724Z",
            "yes_price": 35,
            "no_price": 65,
            "taker_side": "yes"
        },
        {
            "trade_id": "6cd4120a-b2e8-4d30-954e-cc83e86a1e4e",
            "ticker": "HIGHCHI-24JUL14-B94.5",
            "count": 1,
            "created_time": "2024-07-13T23:48:30.779724Z",
            "yes_price": 35,
            "no_price": 65,
            "taker_side": "yes"
        },
        {
            "trade_id": "139c944e-922f-4808-bae4-1ff00fe42a6a",
            "ticker": "HIGHCHI-24JUL14-B94.5",
            "count": 30,
            "created_time": "2024-07-13T20:55:25.867878Z",
            "yes_price": 31,
            "no_price": 69,
            "taker_side": "yes"
        },
        {
            "trade_id": "c80dea8b-97d9-487c-be35-4ac01acb79ef",
            "ticker": "HIGHCHI-24JUL14-B94.5",
            "count": 1,
            "created_time": "2024-07-13T18:35:13.822782Z",
            "yes_price": 30,
            "no_price": 70,
            "taker_side": "no"
        },
        {
            "trade_id": "3463fcb4-16ac-4186-b0bc-31010a38c544",
            "ticker": "HIGHCHI-24JUL14-B94.5",
            "count": 30,
            "created_time": "2024-07-13T16:40:02.924007Z",
            "yes_price": 37,
            "no_price": 63,
            "taker_side": "yes"
        },
        {
            "trade_id": "31e8052a-e5f5-4fc2-95c2-0a019531d3e4",
            "ticker": "HIGHCHI-24JUL14-B94.5",
            "count": 15,
            "created_time": "2024-07-13T16:29:01.648998Z",
            "yes_price": 36,
            "no_price": 64,
            "taker_side": "yes"
        },
        {
            "trade_id": "a4fb94e6-af1b-48e8-a3b2-c237cf7c2c7e",
            "ticker": "HIGHCHI-24JUL14-B94.5",
            "count": 8,
            "created_time": "2024-07-13T14:52:23.028381Z",
            "yes_price": 27,
            "no_price": 73,
            "taker_side": "yes"
        },
        {
            "trade_id": "c15902a0-759e-4a28-850c-f2522f2ac98a",
            "ticker": "HIGHCHI-24JUL14-B94.5",
            "count": 15,
            "created_time": "2024-07-13T14:34:08.817122Z",
            "yes_price": 27,
            "no_price": 73,
            "taker_side": "no"
        },
        {
            "trade_id": "c03f63cf-7aa9-4540-9ed6-1f8550aba44d",
            "ticker": "HIGHCHI-24JUL14-B94.5",
            "count": 13,
            "created_time": "2024-07-13T14:27:30.919525Z",
            "yes_price": 33,
            "no_price": 67,
            "taker_side": "yes"
        },
        {
            "trade_id": "4e1839f2-2743-4513-9bcb-4e7cbd4c46f7",
            "ticker": "HIGHCHI-24JUL14-B94.5",
            "count": 75,
            "created_time": "2024-07-13T14:27:30.919525Z",
            "yes_price": 33,
            "no_price": 67,
            "taker_side": "yes"
        },
        {
            "trade_id": "1ee77e86-c293-4388-91b2-64bb60dfbc53",
            "ticker": "HIGHCHI-24JUL14-B94.5",
            "count": 90,
            "created_time": "2024-07-13T14:27:17.831639Z",
            "yes_price": 32,
            "no_price": 68,
            "taker_side": "yes"
        },
        {
            "trade_id": "c06f6075-6ae7-46d2-9c40-58ba405be4b1",
            "ticker": "HIGHCHI-24JUL14-B94.5",
            "count": 75,
            "created_time": "2024-07-13T14:27:03.763573Z",
            "yes_price": 31,
            "no_price": 69,
            "taker_side": "yes"
        },
        {
            "trade_id": "911d96af-3477-4059-9039-b69f98149811",
            "ticker": "HIGHCHI-24JUL14-B94.5",
            "count": 90,
            "created_time": "2024-07-13T14:26:48.612466Z",
            "yes_price": 30,
            "no_price": 70,
            "taker_side": "yes"
        },
        {
            "trade_id": "10c40fd4-2d91-4b0a-8961-b17201efd77d",
            "ticker": "HIGHCHI-24JUL14-B94.5",
            "count": 90,
            "created_time": "2024-07-13T14:26:36.521471Z",
            "yes_price": 29,
            "no_price": 71,
            "taker_side": "yes"
        },
        {
            "trade_id": "a73bdb22-2c8f-4a02-b554-435bb8bc6bb4",
            "ticker": "HIGHCHI-24JUL14-B94.5",
            "count": 30,
            "created_time": "2024-07-13T14:23:51.558623Z",
            "yes_price": 28,
            "no_price": 72,
            "taker_side": "yes"
        }
    ],
    "HIGHCHI-24JUL14-T95": [
        {
            "trade_id": "aefe5412-25f0-4d8d-b800-a3a7b2280593",
            "ticker": "HIGHCHI-24JUL14-T95",
            "count": 5,
            "created_time": "2024-07-14T21:15:05.71164Z",
            "yes_price": 1,
            "no_price": 99,
            "taker_side": "no"
        },
        {
            "trade_id": "2d9cb5ab-9dc8-4dc5-982a-eb3b42ce370b",
            "ticker": "HIGHCHI-24JUL14-T95",
            "count": 381,
            "created_time": "2024-07-14T21:15:05.71164Z",
            "yes_price": 1,
            "no_price": 99,
            "taker_side": "no"
        },
        {
            "trade_id": "dcc6d564-df0a-446c-a262-bb9140591e17",
            "ticker": "HIGHCHI-24JUL14-T95",
            "count": 5,
            "created_time": "2024-07-14T17:12:38.984481Z",
            "yes_price": 1,
            "no_price": 99,
            "taker_side": "no"
        },
        {
            "trade_id": "016e170e-9a41-4ab2-92c1-168426870101",
            "ticker": "HIGHCHI-24JUL14-T95",
            "count": 5,
            "created_time": "2024-07-14T17:12:38.984481Z",
            "yes_price": 1,
            "no_price": 99,
            "taker_side": "no"
        },
        {
            "trade_id": "b2895202-ada9-435a-966f-17c8aefad21d",
            "ticker": "HIGHCHI-24JUL14-T95",
            "count": 3,
            "created_time": "2024-07-14T17:05:30.309379Z",
            "yes_price": 4,
            "no_price": 96,
            "taker_side": "no"
        },
        {
            "trade_id": "9b8e8eab-e036-4bb0-9f3a-a01bd26fe7e6",
            "ticker": "HIGHCHI-24JUL14-T95",
            "count": 11,
            "created_time": "2024-07-14T16:08:45.360874Z",
            "yes_price": 15,
            "no_price": 85,
            "taker_side": "yes"
        },
        {
            "trade_id": "4420101b-96bf-4cef-bafa-200bbc0c09e6",
            "ticker": "HIGHCHI-24JUL14-T95",
            "count": 17,
            "created_time": "2024-07-14T16:03:09.761975Z",
            "yes_price": 5,
            "no_price": 95,
            "taker_side": "no"
        },
        {
            "trade_id": "e1ea6e32-7d11-4bcb-9e71-dcaa3ab324e2",
            "ticker": "HIGHCHI-24JUL14-T95",
            "count": 5,
            "created_time": "2024-07-14T15:42:15.878633Z",
            "yes_price": 5,
            "no_price": 95,
            "taker_side": "no"
        },
        {
            "trade_id": "5f95de51-5c18-41aa-86ec-36dcfebcc241",
            "ticker": "HIGHCHI-24JUL14-T95",
            "count": 107,
            "created_time": "2024-07-14T15:30:29.206663Z",
            "yes_price": 5,
            "no_price": 95,
            "taker_side": "no"
        },
        {
            "trade_id": "a5659125-957e-48eb-8afb-5e83b5ea2621",
            "ticker": "HIGHCHI-24JUL14-T95",
            "count": 10,
            "created_time": "2024-07-14T15:20:01.651343Z",
            "yes_price": 5,
            "no_price": 95,
            "taker_side": "no"
        },
        {
            "trade_id": "2aad96e6-ca63-4902-b3bb-d397e4bfc2e7",
            "ticker": "HIGHCHI-24JUL14-T95",
            "count": 10,
            "created_time": "2024-07-14T15:20:01.638635Z",
            "yes_price": 5,
            "no_price": 95,
            "taker_side": "no"
        },
        {
            "trade_id": "e35caf70-4e3d-426c-a688-84ea0f9ad56e",
            "ticker": "HIGHCHI-24JUL14-T95",
            "count": 20,
            "created_time": "2024-07-14T15:18:30.312231Z",
            "yes_price": 5,
            "no_price": 95,
            "taker_side": "no"
        },
        {
            "trade_id": "b41d9cd4-31a1-4cfa-9b8c-1a327f9e80f2",
            "ticker": "HIGHCHI-24JUL14-T95",
            "count": 17,
            "created_time": "2024-07-14T15:17:26.556153Z",
            "yes_price": 5,
            "no_price": 95,
            "taker_side": "no"
        },
        {
            "trade_id": "80f9cd58-1a0f-44dd-bea8-fb9a6aee1390",
            "ticker": "HIGHCHI-24JUL14-T95",
            "count": 17,
            "created_time": "2024-07-14T15:17:26.542728Z",
            "yes_price": 5,
            "no_price": 95,
            "taker_side": "no"
        },
        {
            "trade_id": "509e21fe-ff6a-4ce5-962a-b54e6cc544b4",
            "ticker": "HIGHCHI-24JUL14-T95",
            "count": 3,
            "created_time": "2024-07-14T15:17:02.169639Z",
            "yes_price": 5,
            "no_price": 95,
            "taker_side": "no"
        },
        {
            "trade_id": "1ac7bd41-aa5f-4829-812b-d8e6e11d88b7",
            "ticker": "HIGHCHI-24JUL14-T95",
            "count": 60,
            "created_time": "2024-07-14T15:07:40.620233Z",
            "yes_price": 5,
            "no_price": 95,
            "taker_side": "no"
        },
        {
            "trade_id": "c9dd3d9c-9e23-4e16-b74d-3dbf50d84d97",
            "ticker": "HIGHCHI-24JUL14-T95",
            "count": 300,
            "created_time": "2024-07-14T14:55:03.984855Z",
            "yes_price": 10,
            "no_price": 90,
            "taker_side": "no"
        },
        {
            "trade_id": "94131777-6d3d-4641-8c3f-7675c862117d",
            "ticker": "HIGHCHI-24JUL14-T95",
            "count": 86,
            "created_time": "2024-07-14T14:55:03.984855Z",
            "yes_price": 11,
            "no_price": 89,
            "taker_side": "no"
        },
        {
            "trade_id": "b9b14100-7383-4b44-bd13-f93a685b3a8f",
            "ticker": "HIGHCHI-24JUL14-T95",
            "count": 10,
            "created_time": "2024-07-14T14:18:12.967306Z",
            "yes_price": 32,
            "no_price": 68,
            "taker_side": "no"
        },
        {
            "trade_id": "83a50871-9a7b-4ee7-a3be-829d845711df",
            "ticker": "HIGHCHI-24JUL14-T95",
            "count": 4,
            "created_time": "2024-07-14T14:16:45.483987Z",
            "yes_price": 50,
            "no_price": 50,
            "taker_side": "no"
        },
        {
            "trade_id": "975dcf9f-8390-43be-ab63-ad05d6705670",
            "ticker": "HIGHCHI-24JUL14-T95",
            "count": 6,
            "created_time": "2024-07-14T14:16:45.464635Z",
            "yes_price": 50,
            "no_price": 50,
            "taker_side": "no"
        },
        {
            "trade_id": "ceafd518-cac0-42ea-91de-dcc32ae5d3ea",
            "ticker": "HIGHCHI-24JUL14-T95",
            "count": 2,
            "created_time": "2024-07-14T13:57:41.68259Z",
            "yes_price": 94,
            "no_price": 6,
            "taker_side": "no"
        },
        {
            "trade_id": "3a1fc874-a07a-490b-97a4-11290ac185b1",
            "ticker": "HIGHCHI-24JUL14-T95",
            "count": 45,
            "created_time": "2024-07-14T13:22:10.508892Z",
            "yes_price": 11,
            "no_price": 89,
            "taker_side": "no"
        },
        {
            "trade_id": "065562c3-ad08-40cf-8d6c-b3268e889a21",
            "ticker": "HIGHCHI-24JUL14-T95",
            "count": 2,
            "created_time": "2024-07-14T13:07:26.371695Z",
            "yes_price": 11,
            "no_price": 89,
            "taker_side": "no"
        },
        {
            "trade_id": "32b7e582-05a0-4193-bc77-4840e40cc7cf",
            "ticker": "HIGHCHI-24JUL14-T95",
            "count": 12,
            "created_time": "2024-07-14T12:46:22.843571Z",
            "yes_price": 11,
            "no_price": 89,
            "taker_side": "no"
        },
        {
            "trade_id": "7eecaa0b-ead4-4d4e-b70d-0d5324532a26",
            "ticker": "HIGHCHI-24JUL14-T95",
            "count": 5,
            "created_time": "2024-07-14T12:40:21.915319Z",
            "yes_price": 11,
            "no_price": 89,
            "taker_side": "no"
        },
        {
            "trade_id": "fcd573d1-310d-4b8c-a79b-c281449c8fe6",
            "ticker": "HIGHCHI-24JUL14-T95",
            "count": 5,
            "created_time": "2024-07-14T12:05:05.857076Z",
            "yes_price": 17,
            "no_price": 83,
            "taker_side": "yes"
        },
        {
            "trade_id": "4fe2ed17-c2f0-41d9-a3b4-f6ed0c64bb33",
            "ticker": "HIGHCHI-24JUL14-T95",
            "count": 45,
            "created_time": "2024-07-14T00:37:48.421001Z",
            "yes_price": 21,
            "no_price": 79,
            "taker_side": "yes"
        },
        {
            "trade_id": "94a66425-26c8-4195-a5b5-381442e693a1",
            "ticker": "HIGHCHI-24JUL14-T95",
            "count": 15,
            "created_time": "2024-07-14T00:36:43.733977Z",
            "yes_price": 20,
            "no_price": 80,
            "taker_side": "yes"
        },
        {
            "trade_id": "c2d7a078-1fc1-4ab3-a882-22da749adf8f",
            "ticker": "HIGHCHI-24JUL14-T95",
            "count": 1,
            "created_time": "2024-07-13T18:35:14.115032Z",
            "yes_price": 18,
            "no_price": 82,
            "taker_side": "no"
        },
        {
            "trade_id": "4bc4f112-a8fe-4541-b9b9-17e1fcbe722d",
            "ticker": "HIGHCHI-24JUL14-T95",
            "count": 45,
            "created_time": "2024-07-13T17:20:42.687353Z",
            "yes_price": 23,
            "no_price": 77,
            "taker_side": "no"
        },
        {
            "trade_id": "80f0a115-8bd5-46ac-a36c-6fc6e5409da5",
            "ticker": "HIGHCHI-24JUL14-T95",
            "count": 45,
            "created_time": "2024-07-13T17:20:33.421942Z",
            "yes_price": 22,
            "no_price": 78,
            "taker_side": "yes"
        },
        {
            "trade_id": "fb317d2c-eb16-4a55-959e-c3a3084741ec",
            "ticker": "HIGHCHI-24JUL14-T95",
            "count": 105,
            "created_time": "2024-07-13T17:19:17.177204Z",
            "yes_price": 22,
            "no_price": 78,
            "taker_side": "yes"
        },
        {
            "trade_id": "ea7e9e09-9a80-4101-8f7f-79f8693c88d7",
            "ticker": "HIGHCHI-24JUL14-T95",
            "count": 75,
            "created_time": "2024-07-13T17:19:07.653351Z",
            "yes_price": 21,
            "no_price": 79,
            "taker_side": "yes"
        },
        {
            "trade_id": "0227c490-9cf2-4e0c-9810-2b4602d6f23d",
            "ticker": "HIGHCHI-24JUL14-T95",
            "count": 11,
            "created_time": "2024-07-13T16:45:40.85253Z",
            "yes_price": 20,
            "no_price": 80,
            "taker_side": "no"
        },
        {
            "trade_id": "e526dfa2-5a54-46a7-ab58-8f4ef802d6b2",
            "ticker": "HIGHCHI-24JUL14-T95",
            "count": 10,
            "created_time": "2024-07-13T16:26:57.905196Z",
            "yes_price": 21,
            "no_price": 79,
            "taker_side": "no"
        },
        {
            "trade_id": "d00cd54b-1fbf-4280-a0d0-25bacc8df48a",
            "ticker": "HIGHCHI-24JUL14-T95",
            "count": 23,
            "created_time": "2024-07-13T16:15:38.902383Z",
            "yes_price": 22,
            "no_price": 78,
            "taker_side": "yes"
        }
    ]
}