{
    "HIGHCHI-24JAN29-T38": [
        {
            "trade_id": "93b838ff-18bc-4711-ac8c-2f6a318ba605",
            "ticker": "HIGHCHI-24JAN29-T38",
            "count": 174,
            "created_time": "2024-01-29T16:56:46.504309Z",
            "yes_price": 6,
            "no_price": 94,
            "taker_side": "no"
        },
        {
            "trade_id": "efb18b7c-3a62-41cb-8695-7c1b767edb4c",
            "ticker": "HIGHCHI-24JAN29-T38",
            "count": 4,
            "created_time": "2024-01-29T16:54:17.283352Z",
            "yes_price": 6,
            "no_price": 94,
            "taker_side": "no"
        },
        {
            "trade_id": "74583f12-c141-490a-b0e3-f52875a2b69e",
            "ticker": "HIGHCHI-24JAN29-T38",
            "count": 14,
            "created_time": "2024-01-29T16:54:15.886673Z",
            "yes_price": 6,
            "no_price": 94,
            "taker_side": "no"
        },
        {
            "trade_id": "293d7694-c61b-48ad-8796-c82690785508",
            "ticker": "HIGHCHI-24JAN29-T38",
            "count": 1,
            "created_time": "2024-01-29T16:54:15.588897Z",
            "yes_price": 6,
            "no_price": 94,
            "taker_side": "no"
        },
        {
            "trade_id": "685e83a5-8d2f-4646-9b87-144edb043ccd",
            "ticker": "HIGHCHI-24JAN29-T38",
            "count": 2,
            "created_time": "2024-01-29T16:54:12.6486Z",
            "yes_price": 6,
            "no_price": 94,
            "taker_side": "no"
        },
        {
            "trade_id": "8477c656-2d93-4aa7-b81f-339118ba4153",
            "ticker": "HIGHCHI-24JAN29-T38",
            "count": 9,
            "created_time": "2024-01-29T16:54:12.320411Z",
            "yes_price": 6,
            "no_price": 94,
            "taker_side": "no"
        },
        {
            "trade_id": "8fd194ce-3207-44ac-9bbf-357fcd71a724",
            "ticker": "HIGHCHI-24JAN29-T38",
            "count": 40,
            "created_time": "2024-01-29T16:54:12.318646Z",
            "yes_price": 6,
            "no_price": 94,
            "taker_side": "no"
        },
        {
            "trade_id": "e9e8c390-bf32-421e-ac3a-905c405f21f7",
            "ticker": "HIGHCHI-24JAN29-T38",
            "count": 1,
            "created_time": "2024-01-29T16:53:24.191605Z",
            "yes_price": 9,
            "no_price": 91,
            "taker_side": "yes"
        },
        {
            "trade_id": "4365bc88-7182-4d48-8ae3-2429db635988",
            "ticker": "HIGHCHI-24JAN29-T38",
            "count": 3,
            "created_time": "2024-01-29T16:53:24.191605Z",
            "yes_price": 9,
            "no_price": 91,
            "taker_side": "yes"
        },
        {
            "trade_id": "30e2fe17-83cd-4ddd-8393-a4faf77ef2ce",
            "ticker": "HIGHCHI-24JAN29-T38",
            "count": 1,
            "created_time": "2024-01-28T17:30:18.409583Z",
            "yes_price": 9,
            "no_price": 91,
            "taker_side": "yes"
        }
    ],
    "HIGHCHI-24JAN29-B38.5": [
        {
            "trade_id": "e497ee80-350e-42a2-b14f-dd6bb0a0768f",
            "ticker": "HIGHCHI-24JAN29-B38.5",
            "count": 4,
            "created_time": "2024-01-29T16:54:17.28505Z",
            "yes_price": 12,
            "no_price": 88,
            "taker_side": "no"
        },
        {
            "trade_id": "c68e28b5-8c12-4f19-8207-bb46571ddca3",
            "ticker": "HIGHCHI-24JAN29-B38.5",
            "count": 14,
            "created_time": "2024-01-29T16:54:15.902961Z",
            "yes_price": 12,
            "no_price": 88,
            "taker_side": "no"
        },
        {
            "trade_id": "76160338-8688-4d39-9bed-5e598700955a",
            "ticker": "HIGHCHI-24JAN29-B38.5",
            "count": 1,
            "created_time": "2024-01-29T16:54:15.588118Z",
            "yes_price": 12,
            "no_price": 88,
            "taker_side": "no"
        },
        {
            "trade_id": "53fe46e6-e8db-40b3-a901-64d44ed8ef8c",
            "ticker": "HIGHCHI-24JAN29-B38.5",
            "count": 2,
            "created_time": "2024-01-29T16:54:12.811008Z",
            "yes_price": 12,
            "no_price": 88,
            "taker_side": "no"
        },
        {
            "trade_id": "1e22c3d2-2a12-4352-9639-ea286aed5010",
            "ticker": "HIGHCHI-24JAN29-B38.5",
            "count": 9,
            "created_time": "2024-01-29T16:54:12.322705Z",
            "yes_price": 12,
            "no_price": 88,
            "taker_side": "no"
        },
        {
            "trade_id": "172b09a8-7d54-4d3a-9088-9a4e6b0e06a6",
            "ticker": "HIGHCHI-24JAN29-B38.5",
            "count": 40,
            "created_time": "2024-01-29T16:54:12.309977Z",
            "yes_price": 12,
            "no_price": 88,
            "taker_side": "no"
        },
        {
            "trade_id": "e3bb0e8e-50b0-4b93-82ef-b60e84e16a6d",
            "ticker": "HIGHCHI-24JAN29-B38.5",
            "count": 4,
            "created_time": "2024-01-29T16:53:21.483876Z",
            "yes_price": 9,
            "no_price": 91,
            "taker_side": "yes"
        },
        {
            "trade_id": "98f11422-2762-41c4-b14c-aa596c737f1d",
            "ticker": "HIGHCHI-24JAN29-B38.5",
            "count": 1,
            "created_time": "2024-01-29T16:53:21.483876Z",
            "yes_price": 9,
            "no_price": 91,
            "taker_side": "yes"
        }
    ],
    "HIGHCHI-24JAN29-B40.5": [
        {
            "trade_id": "e9cb7110-359a-4a3b-abc1-dee21f652e9a",
            "ticker": "HIGHCHI-24JAN29-B40.5",
            "count": 3,
            "created_time": "2024-01-30T03:02:22.508712Z",
            "yes_price": 99,
            "no_price": 1,
            "taker_side": "yes"
        },
        {
            "trade_id": "d2a1e82a-237e-4e90-949f-f8bfd37af3a9",
            "ticker": "HIGHCHI-24JAN29-B40.5",
            "count": 20,
            "created_time": "2024-01-30T03:02:22.508712Z",
            "yes_price": 99,
            "no_price": 1,
            "taker_side": "yes"
        },
        {
            "trade_id": "c3bfa6dc-308f-42d1-9d75-ae584484bb55",
            "ticker": "HIGHCHI-24JAN29-B40.5",
            "count": 14,
            "created_time": "2024-01-30T03:02:22.508712Z",
            "yes_price": 99,
            "no_price": 1,
            "taker_side": "yes"
        },
        {
            "trade_id": "1f03ff9f-a9cb-4d22-8b3a-c84431c5c584",
            "ticker": "HIGHCHI-24JAN29-B40.5",
            "count": 1,
            "created_time": "2024-01-29T21:32:21.597961Z",
            "yes_price": 79,
            "no_price": 21,
            "taker_side": "yes"
        },
        {
            "trade_id": "105727e5-7da1-4cb5-8612-68136b07578c",
            "ticker": "HIGHCHI-24JAN29-B40.5",
            "count": 4,
            "created_time": "2024-01-29T20:49:13.449346Z",
            "yes_price": 29,
            "no_price": 71,
            "taker_side": "yes"
        },
        {
            "trade_id": "ca18f023-f7ef-4800-bd9b-6880d2fd2a8a",
            "ticker": "HIGHCHI-24JAN29-B40.5",
            "count": 4,
            "created_time": "2024-01-29T16:54:17.284309Z",
            "yes_price": 21,
            "no_price": 79,
            "taker_side": "no"
        },
        {
            "trade_id": "c19cc1f7-045f-4c7e-a774-0a0e4bba2d53",
            "ticker": "HIGHCHI-24JAN29-B40.5",
            "count": 14,
            "created_time": "2024-01-29T16:54:15.904231Z",
            "yes_price": 21,
            "no_price": 79,
            "taker_side": "no"
        },
        {
            "trade_id": "ff4633a5-c9b7-4f3b-9b54-1c053fa38f20",
            "ticker": "HIGHCHI-24JAN29-B40.5",
            "count": 1,
            "created_time": "2024-01-29T16:54:15.587046Z",
            "yes_price": 21,
            "no_price": 79,
            "taker_side": "no"
        },
        {
            "trade_id": "42f05630-917a-4338-90f1-89bd9a3d8cb7",
            "ticker": "HIGHCHI-24JAN29-B40.5",
            "count": 2,
            "created_time": "2024-01-29T16:54:12.966324Z",
            "yes_price": 21,
            "no_price": 79,
            "taker_side": "no"
        },
        {
            "trade_id": "0cf3eaf4-b1e1-4a7e-ad01-dd601d0d4812",
            "ticker": "HIGHCHI-24JAN29-B40.5",
            "count": 9,
            "created_time": "2024-01-29T16:54:12.321354Z",
            "yes_price": 21,
            "no_price": 79,
            "taker_side": "no"
        },
        {
            "trade_id": "f53b0116-d916-4c9e-b068-35ae19aa730a",
            "ticker": "HIGHCHI-24JAN29-B40.5",
            "count": 40,
            "created_time": "2024-01-29T16:54:12.308806Z",
            "yes_price": 21,
            "no_price": 79,
            "taker_side": "no"
        },
        {
            "trade_id": "733d7eae-81af-4a62-9a12-041761099aa8",
            "ticker": "HIGHCHI-24JAN29-B40.5",
            "count": 37,
            "created_time": "2024-01-29T16:53:28.075689Z",
            "yes_price": 22,
            "no_price": 78,
            "taker_side": "yes"
        },
        {
            "trade_id": "6806b9c8-4c3c-4e65-a08c-1eb74f14c719",
            "ticker": "HIGHCHI-24JAN29-B40.5",
            "count": 37,
            "created_time": "2024-01-29T16:53:28.075689Z",
            "yes_price": 23,
            "no_price": 77,
            "taker_side": "yes"
        },
        {
            "trade_id": "60414d3c-261c-41e4-81c0-8a898aa1312a",
            "ticker": "HIGHCHI-24JAN29-B40.5",
            "count": 6,
            "created_time": "2024-01-29T16:53:28.075689Z",
            "yes_price": 20,
            "no_price": 80,
            "taker_side": "yes"
        },
        {
            "trade_id": "a0d893e1-600a-4b1c-af06-da9b382a4f21",
            "ticker": "HIGHCHI-24JAN29-B40.5",
            "count": 10,
            "created_time": "2024-01-29T16:25:49.531806Z",
            "yes_price": 15,
            "no_price": 85,
            "taker_side": "yes"
        },
        {
            "trade_id": "1845ffad-e890-4781-8b61-f1293e471200",
            "ticker": "HIGHCHI-24JAN29-B40.5",
            "count": 3,
            "created_time": "2024-01-29T16:17:04.359668Z",
            "yes_price": 20,
            "no_price": 80,
            "taker_side": "yes"
        },
        {
            "trade_id": "097e5210-252d-4ab3-b651-871fd6ae3624",
            "ticker": "HIGHCHI-24JAN29-B40.5",
            "count": 1,
            "created_time": "2024-01-29T16:17:04.359668Z",
            "yes_price": 20,
            "no_price": 80,
            "taker_side": "yes"
        },
        {
            "trade_id": "64c1acda-3557-4a5f-a5f9-188fa3827fcc",
            "ticker": "HIGHCHI-24JAN29-B40.5",
            "count": 15,
            "created_time": "2024-01-29T02:08:40.26849Z",
            "yes_price": 9,
            "no_price": 91,
            "taker_side": "no"
        },
        {
            "trade_id": "4624a39d-c7c5-497a-9b21-55038641ec76",
            "ticker": "HIGHCHI-24JAN29-B40.5",
            "count": 36,
            "created_time": "2024-01-29T02:03:32.816248Z",
            "yes_price": 10,
            "no_price": 90,
            "taker_side": "no"
        },
        {
            "trade_id": "eda1b237-1957-4b1f-91de-93df041941e6",
            "ticker": "HIGHCHI-24JAN29-B40.5",
            "count": 60,
            "created_time": "2024-01-29T02:02:33.572671Z",
            "yes_price": 10,
            "no_price": 90,
            "taker_side": "no"
        },
        {
            "trade_id": "8d0d835f-e2f7-43e0-ba2c-2ba0037f45cf",
            "ticker": "HIGHCHI-24JAN29-B40.5",
            "count": 72,
            "created_time": "2024-01-29T01:51:50.853951Z",
            "yes_price": 12,
            "no_price": 88,
            "taker_side": "no"
        },
        {
            "trade_id": "6ffb2158-bdd0-472d-be62-a741d1b7f623",
            "ticker": "HIGHCHI-24JAN29-B40.5",
            "count": 121,
            "created_time": "2024-01-29T01:51:50.853951Z",
            "yes_price": 11,
            "no_price": 89,
            "taker_side": "no"
        },
        {
            "trade_id": "ee06f1a7-cec0-4be8-9c60-55b965ebc836",
            "ticker": "HIGHCHI-24JAN29-B40.5",
            "count": 30,
            "created_time": "2024-01-28T17:34:58.328188Z",
            "yes_price": 11,
            "no_price": 89,
            "taker_side": "no"
        },
        {
            "trade_id": "8aeebb39-fa47-4003-8450-d1639366b2ad",
            "ticker": "HIGHCHI-24JAN29-B40.5",
            "count": 50,
            "created_time": "2024-01-28T17:33:41.79247Z",
            "yes_price": 11,
            "no_price": 89,
            "taker_side": "no"
        },
        {
            "trade_id": "44f601c3-afc4-4ebb-8bb2-7e9c2689c077",
            "ticker": "HIGHCHI-24JAN29-B40.5",
            "count": 24,
            "created_time": "2024-01-28T17:33:11.990687Z",
            "yes_price": 12,
            "no_price": 88,
            "taker_side": "no"
        },
        {
            "trade_id": "b31cd922-4d9e-426c-b8eb-576bc2d2729e",
            "ticker": "HIGHCHI-24JAN29-B40.5",
            "count": 72,
            "created_time": "2024-01-28T17:31:58.372586Z",
            "yes_price": 12,
            "no_price": 88,
            "taker_side": "no"
        },
        {
            "trade_id": "6bac2c5d-d22e-4292-acdd-623662f51130",
            "ticker": "HIGHCHI-24JAN29-B40.5",
            "count": 28,
            "created_time": "2024-01-28T17:31:58.372586Z",
            "yes_price": 11,
            "no_price": 89,
            "taker_side": "no"
        }
    ],
    "HIGHCHI-24JAN29-B42.5": [
        {
            "trade_id": "ff234dc5-2a6e-4124-9ba8-0a0fd297e34d",
            "ticker": "HIGHCHI-24JAN29-B42.5",
            "count": 9,
            "created_time": "2024-01-29T16:56:25.823507Z",
            "yes_price": 40,
            "no_price": 60,
            "taker_side": "yes"
        },
        {
            "trade_id": "baa24de7-3709-4ea5-9bf6-d734ef589c73",
            "ticker": "HIGHCHI-24JAN29-B42.5",
            "count": 2,
            "created_time": "2024-01-29T16:56:25.823507Z",
            "yes_price": 38,
            "no_price": 62,
            "taker_side": "yes"
        },
        {
            "trade_id": "cbf247b2-6db5-4778-936b-33c4aae83f61",
            "ticker": "HIGHCHI-24JAN29-B42.5",
            "count": 4,
            "created_time": "2024-01-29T16:54:17.200927Z",
            "yes_price": 37,
            "no_price": 63,
            "taker_side": "yes"
        },
        {
            "trade_id": "22580c6b-fee2-4cc4-9b64-56ca967fa5dc",
            "ticker": "HIGHCHI-24JAN29-B42.5",
            "count": 14,
            "created_time": "2024-01-29T16:54:15.816342Z",
            "yes_price": 37,
            "no_price": 63,
            "taker_side": "no"
        },
        {
            "trade_id": "4e2caba9-3daf-449a-b0f3-cb07b4024380",
            "ticker": "HIGHCHI-24JAN29-B42.5",
            "count": 1,
            "created_time": "2024-01-29T16:54:15.580707Z",
            "yes_price": 37,
            "no_price": 63,
            "taker_side": "no"
        },
        {
            "trade_id": "e7bd799a-9352-498e-9d04-f2ca30ae4d7b",
            "ticker": "HIGHCHI-24JAN29-B42.5",
            "count": 31,
            "created_time": "2024-01-29T16:54:12.294373Z",
            "yes_price": 38,
            "no_price": 62,
            "taker_side": "no"
        },
        {
            "trade_id": "0c70a05a-d1c8-4be1-8134-d884b904f594",
            "ticker": "HIGHCHI-24JAN29-B42.5",
            "count": 9,
            "created_time": "2024-01-29T16:54:12.294373Z",
            "yes_price": 40,
            "no_price": 60,
            "taker_side": "no"
        },
        {
            "trade_id": "b5001a0b-a035-4bf1-be1d-2aa9b712b0d5",
            "ticker": "HIGHCHI-24JAN29-B42.5",
            "count": 3,
            "created_time": "2024-01-29T16:17:04.456776Z",
            "yes_price": 37,
            "no_price": 63,
            "taker_side": "no"
        },
        {
            "trade_id": "f60dfc50-4af5-4ebe-8bb5-9a1adf95a156",
            "ticker": "HIGHCHI-24JAN29-B42.5",
            "count": 60,
            "created_time": "2024-01-29T02:03:20.02193Z",
            "yes_price": 30,
            "no_price": 70,
            "taker_side": "no"
        },
        {
            "trade_id": "1d7a9e59-a9cd-4100-8a37-bfedc8e199ad",
            "ticker": "HIGHCHI-24JAN29-B42.5",
            "count": 60,
            "created_time": "2024-01-29T02:02:43.190828Z",
            "yes_price": 31,
            "no_price": 69,
            "taker_side": "no"
        },
        {
            "trade_id": "da73304b-4aad-44fd-90d4-2118882167bb",
            "ticker": "HIGHCHI-24JAN29-B42.5",
            "count": 121,
            "created_time": "2024-01-29T01:52:20.103428Z",
            "yes_price": 30,
            "no_price": 70,
            "taker_side": "no"
        },
        {
            "trade_id": "b9bba9a0-97a5-4e2d-a4bc-5ad307168ce5",
            "ticker": "HIGHCHI-24JAN29-B42.5",
            "count": 60,
            "created_time": "2024-01-29T01:52:20.103428Z",
            "yes_price": 32,
            "no_price": 68,
            "taker_side": "no"
        },
        {
            "trade_id": "b9ec359a-71e4-4bb6-a28d-b029eb9ba5d5",
            "ticker": "HIGHCHI-24JAN29-B42.5",
            "count": 24,
            "created_time": "2024-01-28T22:49:52.080198Z",
            "yes_price": 37,
            "no_price": 63,
            "taker_side": "yes"
        },
        {
            "trade_id": "9a0c0a0c-0ae7-455c-87dd-3dac3f43e9bf",
            "ticker": "HIGHCHI-24JAN29-B42.5",
            "count": 1,
            "created_time": "2024-01-28T22:49:52.080198Z",
            "yes_price": 37,
            "no_price": 63,
            "taker_side": "yes"
        },
        {
            "trade_id": "ca45731b-022b-4a36-bc76-35c31d4dd3cb",
            "ticker": "HIGHCHI-24JAN29-B42.5",
            "count": 50,
            "created_time": "2024-01-28T17:34:42.131068Z",
            "yes_price": 31,
            "no_price": 69,
            "taker_side": "no"
        },
        {
            "trade_id": "0a2fa2b9-c3c7-4f5a-aa82-f8c563366d9a",
            "ticker": "HIGHCHI-24JAN29-B42.5",
            "count": 24,
            "created_time": "2024-01-28T17:34:04.650499Z",
            "yes_price": 32,
            "no_price": 68,
            "taker_side": "no"
        },
        {
            "trade_id": "d89a08c7-1e1b-4da9-803b-1af7ee48a9c3",
            "ticker": "HIGHCHI-24JAN29-B42.5",
            "count": 43,
            "created_time": "2024-01-28T17:32:55.46786Z",
            "yes_price": 32,
            "no_price": 68,
            "taker_side": "no"
        },
        {
            "trade_id": "5b381d31-efbf-4ef2-8abb-d1d09b67636f",
            "ticker": "HIGHCHI-24JAN29-B42.5",
            "count": 78,
            "created_time": "2024-01-28T17:32:30.748534Z",
            "yes_price": 32,
            "no_price": 68,
            "taker_side": "no"
        },
        {
            "trade_id": "03e0bf4d-1842-437c-a529-c00132ce46c0",
            "ticker": "HIGHCHI-24JAN29-B42.5",
            "count": 12,
            "created_time": "2024-01-28T17:32:30.748534Z",
            "yes_price": 34,
            "no_price": 66,
            "taker_side": "no"
        },
        {
            "trade_id": "0500371d-ee40-4989-9e09-cd2e07ffcdaf",
            "ticker": "HIGHCHI-24JAN29-B42.5",
            "count": 1,
            "created_time": "2024-01-28T17:30:19.46048Z",
            "yes_price": 33,
            "no_price": 67,
            "taker_side": "no"
        },
        {
            "trade_id": "3c142bf3-3eb4-4c97-864d-56f1329a39af",
            "ticker": "HIGHCHI-24JAN29-B42.5",
            "count": 4,
            "created_time": "2024-01-28T15:14:37.822522Z",
            "yes_price": 33,
            "no_price": 67,
            "taker_side": "no"
        }
    ],
    "HIGHCHI-24JAN29-B44.5": [
        {
            "trade_id": "7492a21a-3231-43f6-af41-3a00f34132e9",
            "ticker": "HIGHCHI-24JAN29-B44.5",
            "count": 4,
            "created_time": "2024-01-29T16:54:17.277282Z",
            "yes_price": 17,
            "no_price": 83,
            "taker_side": "no"
        },
        {
            "trade_id": "2b918a55-ef62-43ec-be48-9b989b6e99ec",
            "ticker": "HIGHCHI-24JAN29-B44.5",
            "count": 14,
            "created_time": "2024-01-29T16:54:15.887994Z",
            "yes_price": 17,
            "no_price": 83,
            "taker_side": "no"
        },
        {
            "trade_id": "d83df7dd-48f1-474f-905b-c4c9dbe56b0f",
            "ticker": "HIGHCHI-24JAN29-B44.5",
            "count": 1,
            "created_time": "2024-01-29T16:54:15.573582Z",
            "yes_price": 17,
            "no_price": 83,
            "taker_side": "no"
        },
        {
            "trade_id": "82577092-1827-4d0d-be16-f391c1a3f2b9",
            "ticker": "HIGHCHI-24JAN29-B44.5",
            "count": 2,
            "created_time": "2024-01-29T16:54:13.294095Z",
            "yes_price": 17,
            "no_price": 83,
            "taker_side": "no"
        },
        {
            "trade_id": "5ecec47c-548b-4293-adc3-baf18b20bf48",
            "ticker": "HIGHCHI-24JAN29-B44.5",
            "count": 21,
            "created_time": "2024-01-29T16:54:12.311241Z",
            "yes_price": 19,
            "no_price": 81,
            "taker_side": "no"
        },
        {
            "trade_id": "52d61366-5f15-4a03-bb49-12292c15279d",
            "ticker": "HIGHCHI-24JAN29-B44.5",
            "count": 19,
            "created_time": "2024-01-29T16:54:12.311241Z",
            "yes_price": 17,
            "no_price": 83,
            "taker_side": "no"
        },
        {
            "trade_id": "7fa211db-4785-4204-b418-bcdc9733b663",
            "ticker": "HIGHCHI-24JAN29-B44.5",
            "count": 12,
            "created_time": "2024-01-29T16:52:41.255012Z",
            "yes_price": 21,
            "no_price": 79,
            "taker_side": "no"
        },
        {
            "trade_id": "8db39777-959e-431f-bdb9-13c11e54a8b3",
            "ticker": "HIGHCHI-24JAN29-B44.5",
            "count": 3,
            "created_time": "2024-01-29T16:17:04.464465Z",
            "yes_price": 34,
            "no_price": 66,
            "taker_side": "no"
        },
        {
            "trade_id": "862c7ee7-ff65-40bf-ad6c-baf1e92e34b1",
            "ticker": "HIGHCHI-24JAN29-B44.5",
            "count": 1,
            "created_time": "2024-01-28T17:30:19.986298Z",
            "yes_price": 31,
            "no_price": 69,
            "taker_side": "no"
        },
        {
            "trade_id": "b51228fb-25a1-4b6a-bef8-dfc0f4fb5f36",
            "ticker": "HIGHCHI-24JAN29-B44.5",
            "count": 4,
            "created_time": "2024-01-28T15:14:38.045816Z",
            "yes_price": 28,
            "no_price": 72,
            "taker_side": "no"
        }
    ],
    "HIGHCHI-24JAN29-T45": [
        {
            "trade_id": "09042d88-239c-4d11-b3f3-5375fc9d7182",
            "ticker": "HIGHCHI-24JAN29-T45",
            "count": 11,
            "created_time": "2024-01-29T21:30:53.474885Z",
            "yes_price": 1,
            "no_price": 99,
            "taker_side": "no"
        },
        {
            "trade_id": "f464e25b-3e8f-44eb-b5d7-1e92adca03e7",
            "ticker": "HIGHCHI-24JAN29-T45",
            "count": 4,
            "created_time": "2024-01-29T16:54:17.270034Z",
            "yes_price": 7,
            "no_price": 93,
            "taker_side": "no"
        },
        {
            "trade_id": "f235a3a0-505f-4fd6-aadd-3db0eee2684d",
            "ticker": "HIGHCHI-24JAN29-T45",
            "count": 14,
            "created_time": "2024-01-29T16:54:15.896085Z",
            "yes_price": 7,
            "no_price": 93,
            "taker_side": "no"
        },
        {
            "trade_id": "edee8bf2-8612-4cee-9834-c16596444cbf",
            "ticker": "HIGHCHI-24JAN29-T45",
            "count": 1,
            "created_time": "2024-01-29T16:54:15.50165Z",
            "yes_price": 8,
            "no_price": 92,
            "taker_side": "no"
        },
        {
            "trade_id": "338f8f96-608f-4f67-81d1-7aa78f578301",
            "ticker": "HIGHCHI-24JAN29-T45",
            "count": 2,
            "created_time": "2024-01-29T16:54:13.461795Z",
            "yes_price": 8,
            "no_price": 92,
            "taker_side": "no"
        },
        {
            "trade_id": "6931eba8-a76f-4c2b-99fb-d773583b8123",
            "ticker": "HIGHCHI-24JAN29-T45",
            "count": 28,
            "created_time": "2024-01-29T16:54:12.301393Z",
            "yes_price": 8,
            "no_price": 92,
            "taker_side": "no"
        },
        {
            "trade_id": "0c67d76c-9991-460e-8b62-698011410924",
            "ticker": "HIGHCHI-24JAN29-T45",
            "count": 12,
            "created_time": "2024-01-29T16:54:12.301393Z",
            "yes_price": 9,
            "no_price": 91,
            "taker_side": "no"
        },
        {
            "trade_id": "91922b3a-4788-4e74-a7aa-738e88feae3b",
            "ticker": "HIGHCHI-24JAN29-T45",
            "count": 1,
            "created_time": "2024-01-29T16:31:33.983377Z",
            "yes_price": 10,
            "no_price": 90,
            "taker_side": "no"
        },
        {
            "trade_id": "54c56224-276d-4a7b-8bbf-88c0fbe5a9f3",
            "ticker": "HIGHCHI-24JAN29-T45",
            "count": 8,
            "created_time": "2024-01-29T16:23:15.247119Z",
            "yes_price": 10,
            "no_price": 90,
            "taker_side": "no"
        },
        {
            "trade_id": "fb1346d8-2565-4107-881f-19c03a42a678",
            "ticker": "HIGHCHI-24JAN29-T45",
            "count": 3,
            "created_time": "2024-01-29T16:17:04.448265Z",
            "yes_price": 11,
            "no_price": 89,
            "taker_side": "no"
        },
        {
            "trade_id": "f8b62649-f63d-41f6-b777-66d5f77121cd",
            "ticker": "HIGHCHI-24JAN29-T45",
            "count": 10,
            "created_time": "2024-01-29T16:16:07.479076Z",
            "yes_price": 11,
            "no_price": 89,
            "taker_side": "no"
        },
        {
            "trade_id": "629f3334-e637-46c1-9c59-c60ab65b84c8",
            "ticker": "HIGHCHI-24JAN29-T45",
            "count": 41,
            "created_time": "2024-01-29T15:32:56.242161Z",
            "yes_price": 12,
            "no_price": 88,
            "taker_side": "no"
        },
        {
            "trade_id": "0c4b56b3-62c5-478b-8aeb-8274662b88e9",
            "ticker": "HIGHCHI-24JAN29-T45",
            "count": 34,
            "created_time": "2024-01-29T15:32:35.247909Z",
            "yes_price": 13,
            "no_price": 87,
            "taker_side": "no"
        },
        {
            "trade_id": "d24fcf6a-6d81-4d93-997a-8296164754ed",
            "ticker": "HIGHCHI-24JAN29-T45",
            "count": 90,
            "created_time": "2024-01-29T13:00:52.708728Z",
            "yes_price": 21,
            "no_price": 79,
            "taker_side": "yes"
        },
        {
            "trade_id": "4256d4a7-814f-4a29-b1b4-f5e3f97aa75c",
            "ticker": "HIGHCHI-24JAN29-T45",
            "count": 90,
            "created_time": "2024-01-29T13:00:52.708728Z",
            "yes_price": 20,
            "no_price": 80,
            "taker_side": "yes"
        },
        {
            "trade_id": "7851c9ac-d4b9-4f6f-90d9-668529656b46",
            "ticker": "HIGHCHI-24JAN29-T45",
            "count": 1,
            "created_time": "2024-01-29T02:20:57.651632Z",
            "yes_price": 14,
            "no_price": 86,
            "taker_side": "no"
        },
        {
            "trade_id": "de341de8-cea7-4a2d-a0f3-34988bbdfff4",
            "ticker": "HIGHCHI-24JAN29-T45",
            "count": 72,
            "created_time": "2024-01-29T02:08:23.833431Z",
            "yes_price": 20,
            "no_price": 80,
            "taker_side": "yes"
        },
        {
            "trade_id": "8b4a99a9-2165-4f9f-8a27-5da245e1d5b6",
            "ticker": "HIGHCHI-24JAN29-T45",
            "count": 36,
            "created_time": "2024-01-29T02:02:10.283097Z",
            "yes_price": 16,
            "no_price": 84,
            "taker_side": "yes"
        },
        {
            "trade_id": "40d17ac8-e351-45c3-838a-10dd87e4ac75",
            "ticker": "HIGHCHI-24JAN29-T45",
            "count": 121,
            "created_time": "2024-01-29T02:02:10.283097Z",
            "yes_price": 19,
            "no_price": 81,
            "taker_side": "yes"
        },
        {
            "trade_id": "2de69b0f-ab2d-45f4-865f-9bf52a42a8cf",
            "ticker": "HIGHCHI-24JAN29-T45",
            "count": 121,
            "created_time": "2024-01-29T02:02:10.283097Z",
            "yes_price": 18,
            "no_price": 82,
            "taker_side": "yes"
        },
        {
            "trade_id": "fc45ac59-0f59-4c74-892b-e80b2c8cb8d7",
            "ticker": "HIGHCHI-24JAN29-T45",
            "count": 3,
            "created_time": "2024-01-29T00:30:27.484565Z",
            "yes_price": 11,
            "no_price": 89,
            "taker_side": "no"
        },
        {
            "trade_id": "ec43b01d-098a-4114-b238-00b098425c1e",
            "ticker": "HIGHCHI-24JAN29-T45",
            "count": 5,
            "created_time": "2024-01-29T00:08:24.920445Z",
            "yes_price": 11,
            "no_price": 89,
            "taker_side": "no"
        },
        {
            "trade_id": "dcbcff19-a8dc-4a5b-a2f1-0f757ded6bd9",
            "ticker": "HIGHCHI-24JAN29-T45",
            "count": 50,
            "created_time": "2024-01-28T21:24:53.100384Z",
            "yes_price": 16,
            "no_price": 84,
            "taker_side": "yes"
        }
    ]
}