{
    "KXHIGHCHI-24DEC29-T39": [
        {
            "trade_id": "dff56a09-daf9-488d-9f9a-98da1014769e",
            "ticker": "KXHIGHCHI-24DEC29-T39",
            "count": 1,
            "created_time": "2024-12-29T05:17:45.823189Z",
            "yes_price": 1,
            "no_price": 99,
            "taker_side": "yes"
        }
    ],
    "KXHIGHCHI-24DEC29-B39.5": [
        {
            "trade_id": "d27bc727-8990-4d60-843b-bc1696fa4070",
            "ticker": "KXHIGHCHI-24DEC29-B39.5",
            "count": 10,
            "created_time": "2024-12-29T04:04:02.134351Z",
            "yes_price": 1,
            "no_price": 99,
            "taker_side": "yes"
        }
    ],
    "KXHIGHCHI-24DEC29-B41.5": [
        {
            "trade_id": "6a6975ed-aa6c-4a0c-89ed-9fadd2c67a3c",
            "ticker": "KXHIGHCHI-24DEC29-B41.5",
            "count": 350,
            "created_time": "2024-12-30T03:35:25.692766Z",
            "yes_price": 1,
            "no_price": 99,
            "taker_side": "yes"
        },
        {
            "trade_id": "4eb8c622-a68c-4a0f-9f85-cc96e3f0fbd6",
            "ticker": "KXHIGHCHI-24DEC29-B41.5",
            "count": 467,
            "created_time": "2024-12-29T18:27:59.774209Z",
            "yes_price": 1,
            "no_price": 99,
            "taker_side": "yes"
        },
        {
            "trade_id": "fc283dbc-71f4-4db5-ba26-0a2dc6ae1125",
            "ticker": "KXHIGHCHI-24DEC29-B41.5",
            "count": 93,
            "created_time": "2024-12-29T13:35:07.472339Z",
            "yes_price": 1,
            "no_price": 99,
            "taker_side": "yes"
        },
        {
            "trade_id": "54c9a600-b88b-4f46-b203-b3ecf24edfe8",
            "ticker": "KXHIGHCHI-24DEC29-B41.5",
            "count": 57,
            "created_time": "2024-12-29T05:58:28.137024Z",
            "yes_price": 1,
            "no_price": 99,
            "taker_side": "yes"
        },
        {
            "trade_id": "141a09e2-cefa-4558-a61b-eaeaeb830dbe",
            "ticker": "KXHIGHCHI-24DEC29-B41.5",
            "count": 10,
            "created_time": "2024-12-29T04:48:38.630321Z",
            "yes_price": 1,
            "no_price": 99,
            "taker_side": "no"
        },
        {
            "trade_id": "9b4ac976-57f7-4ff6-97aa-ce784d5df31b",
            "ticker": "KXHIGHCHI-24DEC29-B41.5",
            "count": 71,
            "created_time": "2024-12-29T04:45:03.995614Z",
            "yes_price": 1,
            "no_price": 99,
            "taker_side": "no"
        },
        {
            "trade_id": "3d12847b-af44-4c17-92b9-72092927bff1",
            "ticker": "KXHIGHCHI-24DEC29-B41.5",
            "count": 3,
            "created_time": "2024-12-29T04:44:35.679301Z",
            "yes_price": 1,
            "no_price": 99,
            "taker_side": "no"
        },
        {
            "trade_id": "8d34623e-2e85-4757-ae36-a32b8a9cc1ed",
            "ticker": "KXHIGHCHI-24DEC29-B41.5",
            "count": 5,
            "created_time": "2024-12-29T04:43:06.054211Z",
            "yes_price": 1,
            "no_price": 99,
            "taker_side": "no"
        },
        {
            "trade_id": "1bc6d724-0542-4c2a-a7ee-a48420c9aa10",
            "ticker": "KXHIGHCHI-24DEC29-B41.5",
            "count": 1,
            "created_time": "2024-12-29T04:06:59.626255Z",
            "yes_price": 1,
            "no_price": 99,
            "taker_side": "yes"
        },
        {
            "trade_id": "1514e5c7-9c49-49d8-83cf-eb616bc90445",
            "ticker": "KXHIGHCHI-24DEC29-B41.5",
            "count": 10,
            "created_time": "2024-12-29T04:06:59.626255Z",
            "yes_price": 2,
            "no_price": 98,
            "taker_side": "yes"
        },
        {
            "trade_id": "02fb02e0-56e9-44bd-b4eb-4b91ee16f8fd",
            "ticker": "KXHIGHCHI-24DEC29-B41.5",
            "count": 89,
            "created_time": "2024-12-29T04:06:59.626255Z",
            "yes_price": 4,
            "no_price": 96,
            "taker_side": "yes"
        },
        {
            "trade_id": "caee0432-0503-4eef-b464-69c64ccb92aa",
            "ticker": "KXHIGHCHI-24DEC29-B41.5",
            "count": 13,
            "created_time": "2024-12-29T04:02:08.270355Z",
            "yes_price": 4,
            "no_price": 96,
            "taker_side": "yes"
        },
        {
            "trade_id": "b0c26097-1210-4bb7-bc06-665c9c38a209",
            "ticker": "KXHIGHCHI-24DEC29-B41.5",
            "count": 5,
            "created_time": "2024-12-29T04:02:08.270355Z",
            "yes_price": 3,
            "no_price": 97,
            "taker_side": "yes"
        },
        {
            "trade_id": "9824b491-4a29-4451-a8db-d3ddefda3d4d",
            "ticker": "KXHIGHCHI-24DEC29-B41.5",
            "count": 20,
            "created_time": "2024-12-29T04:02:08.270355Z",
            "yes_price": 1,
            "no_price": 99,
            "taker_side": "yes"
        },
        {
            "trade_id": "95a285b3-ce49-44ef-8612-5244197b76c0",
            "ticker": "KXHIGHCHI-24DEC29-B41.5",
            "count": 5,
            "created_time": "2024-12-29T04:02:08.270355Z",
            "yes_price": 4,
            "no_price": 96,
            "taker_side": "yes"
        },
        {
            "trade_id": "1fe6e1ee-b9e1-45c9-b623-7be9e356495c",
            "ticker": "KXHIGHCHI-24DEC29-B41.5",
            "count": 57,
            "created_time": "2024-12-29T04:02:08.270355Z",
            "yes_price": 5,
            "no_price": 95,
            "taker_side": "yes"
        },
        {
            "trade_id": "c3bbc688-8e8b-4e5c-8dd6-8247ea258278",
            "ticker": "KXHIGHCHI-24DEC29-B41.5",
            "count": 20,
            "created_time": "2024-12-28T20:09:29.794849Z",
            "yes_price": 5,
            "no_price": 95,
            "taker_side": "no"
        }
    ],
    "KXHIGHCHI-24DEC29-B43.5": [
        {
            "trade_id": "32472753-7c40-4eec-8623-82f1f42597f2",
            "ticker": "KXHIGHCHI-24DEC29-B43.5",
            "count": 150,
            "created_time": "2024-12-30T03:47:36.098744Z",
            "yes_price": 1,
            "no_price": 99,
            "taker_side": "yes"
        },
        {
            "trade_id": "1969012f-c778-4505-b144-607d234cb116",
            "ticker": "KXHIGHCHI-24DEC29-B43.5",
            "count": 467,
            "created_time": "2024-12-29T18:27:46.7845Z",
            "yes_price": 1,
            "no_price": 99,
            "taker_side": "yes"
        },
        {
            "trade_id": "1c28a513-62a7-464d-baa6-6877f56eca55",
            "ticker": "KXHIGHCHI-24DEC29-B43.5",
            "count": 93,
            "created_time": "2024-12-29T13:34:12.90711Z",
            "yes_price": 1,
            "no_price": 99,
            "taker_side": "yes"
        },
        {
            "trade_id": "06c6a7c7-a3bf-4c18-bab6-973e5a1fff75",
            "ticker": "KXHIGHCHI-24DEC29-B43.5",
            "count": 50,
            "created_time": "2024-12-29T05:18:14.364253Z",
            "yes_price": 5,
            "no_price": 95,
            "taker_side": "yes"
        },
        {
            "trade_id": "3a1735f4-f4d2-4fb2-8903-7f42203dda40",
            "ticker": "KXHIGHCHI-24DEC29-B43.5",
            "count": 33,
            "created_time": "2024-12-29T05:11:04.072575Z",
            "yes_price": 1,
            "no_price": 99,
            "taker_side": "no"
        },
        {
            "trade_id": "354d47f5-a46d-4dca-925b-895c62720c69",
            "ticker": "KXHIGHCHI-24DEC29-B43.5",
            "count": 21,
            "created_time": "2024-12-29T05:11:04.072575Z",
            "yes_price": 1,
            "no_price": 99,
            "taker_side": "no"
        },
        {
            "trade_id": "d937379e-ea7a-4343-8374-fa2c10487394",
            "ticker": "KXHIGHCHI-24DEC29-B43.5",
            "count": 49,
            "created_time": "2024-12-29T05:10:56.099776Z",
            "yes_price": 1,
            "no_price": 99,
            "taker_side": "no"
        },
        {
            "trade_id": "e76b1f8c-fc41-416a-a18e-ebacf7cd64bc",
            "ticker": "KXHIGHCHI-24DEC29-B43.5",
            "count": 4,
            "created_time": "2024-12-29T05:05:07.723808Z",
            "yes_price": 1,
            "no_price": 99,
            "taker_side": "no"
        },
        {
            "trade_id": "524036e2-283f-4d3a-9dfe-b1c2ab1c3ef9",
            "ticker": "KXHIGHCHI-24DEC29-B43.5",
            "count": 37,
            "created_time": "2024-12-29T04:52:53.551058Z",
            "yes_price": 1,
            "no_price": 99,
            "taker_side": "no"
        },
        {
            "trade_id": "27b321ad-4d61-4e81-8566-1a69b72f9da8",
            "ticker": "KXHIGHCHI-24DEC29-B43.5",
            "count": 51,
            "created_time": "2024-12-29T04:52:53.551058Z",
            "yes_price": 1,
            "no_price": 99,
            "taker_side": "no"
        },
        {
            "trade_id": "5d0e0d60-2805-4023-b72b-1276cc92edaf",
            "ticker": "KXHIGHCHI-24DEC29-B43.5",
            "count": 49,
            "created_time": "2024-12-29T04:51:07.818819Z",
            "yes_price": 1,
            "no_price": 99,
            "taker_side": "no"
        },
        {
            "trade_id": "f6ca7933-7e57-4d9f-90f4-29b1497f2aa0",
            "ticker": "KXHIGHCHI-24DEC29-B43.5",
            "count": 14,
            "created_time": "2024-12-29T04:49:08.659892Z",
            "yes_price": 1,
            "no_price": 99,
            "taker_side": "no"
        },
        {
            "trade_id": "e06b1837-ff13-4509-87c2-74d9d81cac0d",
            "ticker": "KXHIGHCHI-24DEC29-B43.5",
            "count": 29,
            "created_time": "2024-12-29T04:49:08.659892Z",
            "yes_price": 1,
            "no_price": 99,
            "taker_side": "no"
        },
        {
            "trade_id": "2668f5be-f849-4320-b75d-1166ef8d482a",
            "ticker": "KXHIGHCHI-24DEC29-B43.5",
            "count": 7,
            "created_time": "2024-12-29T04:49:08.659892Z",
            "yes_price": 1,
            "no_price": 99,
            "taker_side": "no"
        },
        {
            "trade_id": "afa063bf-ec86-41d6-8442-d440f6a701df",
            "ticker": "KXHIGHCHI-24DEC29-B43.5",
            "count": 71,
            "created_time": "2024-12-29T04:45:03.960385Z",
            "yes_price": 1,
            "no_price": 99,
            "taker_side": "no"
        },
        {
            "trade_id": "29e05bf7-368d-4bd9-b67c-035fbc83d813",
            "ticker": "KXHIGHCHI-24DEC29-B43.5",
            "count": 3,
            "created_time": "2024-12-29T04:44:35.699247Z",
            "yes_price": 2,
            "no_price": 98,
            "taker_side": "no"
        },
        {
            "trade_id": "b40a94bb-b08c-4312-aa55-e754bf3fe469",
            "ticker": "KXHIGHCHI-24DEC29-B43.5",
            "count": 2,
            "created_time": "2024-12-29T04:43:06.067268Z",
            "yes_price": 10,
            "no_price": 90,
            "taker_side": "no"
        },
        {
            "trade_id": "22a2396d-b547-4a5b-a7d9-58b3ee0315b3",
            "ticker": "KXHIGHCHI-24DEC29-B43.5",
            "count": 3,
            "created_time": "2024-12-29T04:43:06.067268Z",
            "yes_price": 10,
            "no_price": 90,
            "taker_side": "no"
        },
        {
            "trade_id": "9783d6d4-091a-4299-81d7-619c95271091",
            "ticker": "KXHIGHCHI-24DEC29-B43.5",
            "count": 5,
            "created_time": "2024-12-29T04:05:58.707638Z",
            "yes_price": 18,
            "no_price": 82,
            "taker_side": "yes"
        },
        {
            "trade_id": "a19206a5-91c1-4a4b-9c96-15a278ebe2d3",
            "ticker": "KXHIGHCHI-24DEC29-B43.5",
            "count": 18,
            "created_time": "2024-12-29T04:04:31.982599Z",
            "yes_price": 17,
            "no_price": 83,
            "taker_side": "yes"
        },
        {
            "trade_id": "08e9e624-f04f-4183-aa55-22c908cdffad",
            "ticker": "KXHIGHCHI-24DEC29-B43.5",
            "count": 2,
            "created_time": "2024-12-29T04:04:31.982599Z",
            "yes_price": 18,
            "no_price": 82,
            "taker_side": "yes"
        },
        {
            "trade_id": "f9ed3c2e-0bb5-4deb-b00e-6d4074e94fa3",
            "ticker": "KXHIGHCHI-24DEC29-B43.5",
            "count": 1,
            "created_time": "2024-12-29T04:03:27.468922Z",
            "yes_price": 18,
            "no_price": 82,
            "taker_side": "yes"
        },
        {
            "trade_id": "c2d78e12-4035-4973-acd7-a07cf80fda0c",
            "ticker": "KXHIGHCHI-24DEC29-B43.5",
            "count": 2,
            "created_time": "2024-12-29T04:03:27.468922Z",
            "yes_price": 18,
            "no_price": 82,
            "taker_side": "yes"
        },
        {
            "trade_id": "208623ea-dfe6-493f-8348-13db8eebfbbe",
            "ticker": "KXHIGHCHI-24DEC29-B43.5",
            "count": 3,
            "created_time": "2024-12-29T04:03:27.468922Z",
            "yes_price": 18,
            "no_price": 82,
            "taker_side": "yes"
        },
        {
            "trade_id": "cddaf8f7-294c-441a-9b64-b09c507e7b51",
            "ticker": "KXHIGHCHI-24DEC29-B43.5",
            "count": 2,
            "created_time": "2024-12-29T04:00:21.418953Z",
            "yes_price": 16,
            "no_price": 84,
            "taker_side": "yes"
        },
        {
            "trade_id": "98f10399-ae33-49b1-8896-7dae96c1177a",
            "ticker": "KXHIGHCHI-24DEC29-B43.5",
            "count": 17,
            "created_time": "2024-12-29T04:00:21.418953Z",
            "yes_price": 17,
            "no_price": 83,
            "taker_side": "yes"
        },
        {
            "trade_id": "3de4b3ec-bc40-4d05-8ef4-5cbd3cc3eb55",
            "ticker": "KXHIGHCHI-24DEC29-B43.5",
            "count": 4,
            "created_time": "2024-12-29T04:00:21.418953Z",
            "yes_price": 18,
            "no_price": 82,
            "taker_side": "yes"
        },
        {
            "trade_id": "01cd9e6b-3307-409d-94c0-c6507560e9ec",
            "ticker": "KXHIGHCHI-24DEC29-B43.5",
            "count": 6,
            "created_time": "2024-12-29T04:00:21.418953Z",
            "yes_price": 16,
            "no_price": 84,
            "taker_side": "yes"
        },
        {
            "trade_id": "11371dfe-cfc6-4e6f-ba85-b24a4a8dd457",
            "ticker": "KXHIGHCHI-24DEC29-B43.5",
            "count": 3,
            "created_time": "2024-12-29T03:57:24.40418Z",
            "yes_price": 4,
            "no_price": 96,
            "taker_side": "no"
        },
        {
            "trade_id": "d4099aeb-b15c-46f6-944d-c4587e967265",
            "ticker": "KXHIGHCHI-24DEC29-B43.5",
            "count": 5,
            "created_time": "2024-12-29T03:56:44.671238Z",
            "yes_price": 9,
            "no_price": 91,
            "taker_side": "yes"
        },
        {
            "trade_id": "628ea534-998d-461d-9d14-0041c9e35a26",
            "ticker": "KXHIGHCHI-24DEC29-B43.5",
            "count": 4,
            "created_time": "2024-12-29T03:56:44.671238Z",
            "yes_price": 10,
            "no_price": 90,
            "taker_side": "yes"
        },
        {
            "trade_id": "042f55c9-7ac1-442c-b6db-057a6f76f888",
            "ticker": "KXHIGHCHI-24DEC29-B43.5",
            "count": 10,
            "created_time": "2024-12-29T03:15:39.261993Z",
            "yes_price": 13,
            "no_price": 87,
            "taker_side": "yes"
        },
        {
            "trade_id": "3f17eb83-e4c8-4aa2-a054-24a647d875f3",
            "ticker": "KXHIGHCHI-24DEC29-B43.5",
            "count": 3,
            "created_time": "2024-12-29T02:48:22.63825Z",
            "yes_price": 8,
            "no_price": 92,
            "taker_side": "no"
        },
        {
            "trade_id": "c3694386-b559-48fd-8df0-d8ddd9e5d56a",
            "ticker": "KXHIGHCHI-24DEC29-B43.5",
            "count": 15,
            "created_time": "2024-12-29T01:34:08.881337Z",
            "yes_price": 8,
            "no_price": 92,
            "taker_side": "no"
        },
        {
            "trade_id": "8176e5b2-0274-4afb-8673-a8a156ef5f84",
            "ticker": "KXHIGHCHI-24DEC29-B43.5",
            "count": 15,
            "created_time": "2024-12-29T01:34:02.388781Z",
            "yes_price": 9,
            "no_price": 91,
            "taker_side": "no"
        },
        {
            "trade_id": "30db33ec-1463-419a-bccc-5f6d8c5c44c9",
            "ticker": "KXHIGHCHI-24DEC29-B43.5",
            "count": 5,
            "created_time": "2024-12-29T01:33:38.385258Z",
            "yes_price": 10,
            "no_price": 90,
            "taker_side": "no"
        },
        {
            "trade_id": "906865f4-2d8b-4a7a-af57-30898008071e",
            "ticker": "KXHIGHCHI-24DEC29-B43.5",
            "count": 5,
            "created_time": "2024-12-29T00:49:34.037229Z",
            "yes_price": 14,
            "no_price": 86,
            "taker_side": "yes"
        },
        {
            "trade_id": "7725cf32-6d33-4700-a74b-be25fdc3a423",
            "ticker": "KXHIGHCHI-24DEC29-B43.5",
            "count": 100,
            "created_time": "2024-12-29T00:49:34.037229Z",
            "yes_price": 15,
            "no_price": 85,
            "taker_side": "yes"
        },
        {
            "trade_id": "74290d37-8689-472e-a365-075d6c250164",
            "ticker": "KXHIGHCHI-24DEC29-B43.5",
            "count": 100,
            "created_time": "2024-12-29T00:49:34.037229Z",
            "yes_price": 15,
            "no_price": 85,
            "taker_side": "yes"
        },
        {
            "trade_id": "60f1e08e-597c-47f0-8dda-566167ddedcf",
            "ticker": "KXHIGHCHI-24DEC29-B43.5",
            "count": 8,
            "created_time": "2024-12-29T00:49:34.037229Z",
            "yes_price": 16,
            "no_price": 84,
            "taker_side": "yes"
        },
        {
            "trade_id": "2e7b2b69-f59b-4478-8049-c421895ac525",
            "ticker": "KXHIGHCHI-24DEC29-B43.5",
            "count": 100,
            "created_time": "2024-12-29T00:49:34.037229Z",
            "yes_price": 15,
            "no_price": 85,
            "taker_side": "yes"
        },
        {
            "trade_id": "16cdf03d-9680-4cad-b670-2b8a13ceb89a",
            "ticker": "KXHIGHCHI-24DEC29-B43.5",
            "count": 100,
            "created_time": "2024-12-29T00:35:58.195675Z",
            "yes_price": 14,
            "no_price": 86,
            "taker_side": "yes"
        },
        {
            "trade_id": "e83cab58-fab2-402d-9c8d-3ec66005334e",
            "ticker": "KXHIGHCHI-24DEC29-B43.5",
            "count": 5,
            "created_time": "2024-12-29T00:29:51.953559Z",
            "yes_price": 14,
            "no_price": 86,
            "taker_side": "yes"
        },
        {
            "trade_id": "69aea5bc-2ecb-42b7-9bd6-70fd0b2bfcf4",
            "ticker": "KXHIGHCHI-24DEC29-B43.5",
            "count": 11,
            "created_time": "2024-12-29T00:29:51.953559Z",
            "yes_price": 14,
            "no_price": 86,
            "taker_side": "yes"
        },
        {
            "trade_id": "366862d5-5f12-4763-ab40-de3b2ec5e15b",
            "ticker": "KXHIGHCHI-24DEC29-B43.5",
            "count": 34,
            "created_time": "2024-12-29T00:29:51.953559Z",
            "yes_price": 14,
            "no_price": 86,
            "taker_side": "yes"
        },
        {
            "trade_id": "c1a1c1cc-03e4-4f1a-bec4-b0f44fe63b69",
            "ticker": "KXHIGHCHI-24DEC29-B43.5",
            "count": 58,
            "created_time": "2024-12-28T23:41:10.300189Z",
            "yes_price": 10,
            "no_price": 90,
            "taker_side": "no"
        },
        {
            "trade_id": "09194473-2b37-49cd-95b4-e18165f60b63",
            "ticker": "KXHIGHCHI-24DEC29-B43.5",
            "count": 1,
            "created_time": "2024-12-28T23:13:56.494824Z",
            "yes_price": 10,
            "no_price": 90,
            "taker_side": "no"
        },
        {
            "trade_id": "aa7e3fcd-51e2-4eb2-9677-ee42bf1227fc",
            "ticker": "KXHIGHCHI-24DEC29-B43.5",
            "count": 88,
            "created_time": "2024-12-28T22:45:50.789208Z",
            "yes_price": 16,
            "no_price": 84,
            "taker_side": "yes"
        },
        {
            "trade_id": "5f455643-e92b-453e-83ab-1c9394f5e28b",
            "ticker": "KXHIGHCHI-24DEC29-B43.5",
            "count": 1,
            "created_time": "2024-12-28T22:45:50.789208Z",
            "yes_price": 11,
            "no_price": 89,
            "taker_side": "yes"
        },
        {
            "trade_id": "08617332-6e21-4b9b-b1b6-013954c10865",
            "ticker": "KXHIGHCHI-24DEC29-B43.5",
            "count": 1,
            "created_time": "2024-12-28T22:25:11.962249Z",
            "yes_price": 10,
            "no_price": 90,
            "taker_side": "no"
        },
        {
            "trade_id": "90a2fef1-055c-40ab-8f3e-9135e82419fa",
            "ticker": "KXHIGHCHI-24DEC29-B43.5",
            "count": 14,
            "created_time": "2024-12-28T20:12:30.120826Z",
            "yes_price": 17,
            "no_price": 83,
            "taker_side": "no"
        },
        {
            "trade_id": "87b6b96b-5c0c-4844-98e9-797b29c11225",
            "ticker": "KXHIGHCHI-24DEC29-B43.5",
            "count": 76,
            "created_time": "2024-12-28T20:12:30.120826Z",
            "yes_price": 21,
            "no_price": 79,
            "taker_side": "no"
        },
        {
            "trade_id": "95cc15be-c244-431e-8f71-b538707e71f9",
            "ticker": "KXHIGHCHI-24DEC29-B43.5",
            "count": 200,
            "created_time": "2024-12-28T20:12:30.052038Z",
            "yes_price": 21,
            "no_price": 79,
            "taker_side": "no"
        },
        {
            "trade_id": "07a183bc-e122-4393-9cdb-fd0ce269cf07",
            "ticker": "KXHIGHCHI-24DEC29-B43.5",
            "count": 100,
            "created_time": "2024-12-28T20:12:29.969945Z",
            "yes_price": 21,
            "no_price": 79,
            "taker_side": "no"
        },
        {
            "trade_id": "e4ee4f43-bab4-4945-a661-c9f1a7a65387",
            "ticker": "KXHIGHCHI-24DEC29-B43.5",
            "count": 100,
            "created_time": "2024-12-28T20:04:54.119191Z",
            "yes_price": 21,
            "no_price": 79,
            "taker_side": "yes"
        },
        {
            "trade_id": "0c2e62f1-ca81-4cf6-83b4-53a1d8fdee03",
            "ticker": "KXHIGHCHI-24DEC29-B43.5",
            "count": 58,
            "created_time": "2024-12-28T18:01:18.728797Z",
            "yes_price": 21,
            "no_price": 79,
            "taker_side": "yes"
        },
        {
            "trade_id": "05b81c63-bdb1-4922-a27c-77be9781a067",
            "ticker": "KXHIGHCHI-24DEC29-B43.5",
            "count": 1,
            "created_time": "2024-12-28T17:30:19.402578Z",
            "yes_price": 17,
            "no_price": 83,
            "taker_side": "no"
        },
        {
            "trade_id": "39c2bac1-a0cc-41dd-9231-f2e38667879b",
            "ticker": "KXHIGHCHI-24DEC29-B43.5",
            "count": 20,
            "created_time": "2024-12-28T16:27:24.18409Z",
            "yes_price": 19,
            "no_price": 81,
            "taker_side": "yes"
        }
    ],
    "KXHIGHCHI-24DEC29-B45.5": [
        {
            "trade_id": "57850905-6567-4c3a-868b-d2afeb414b19",
            "ticker": "KXHIGHCHI-24DEC29-B45.5",
            "count": 1500,
            "created_time": "2024-12-29T18:27:42.444634Z",
            "yes_price": 1,
            "no_price": 99,
            "taker_side": "yes"
        },
        {
            "trade_id": "0a6437bd-18a7-466c-971b-eea367f49540",
            "ticker": "KXHIGHCHI-24DEC29-B45.5",
            "count": 698,
            "created_time": "2024-12-29T16:58:10.556012Z",
            "yes_price": 1,
            "no_price": 99,
            "taker_side": "yes"
        },
        {
            "trade_id": "20cba495-ef85-4ac5-9c97-c520cbebcd7f",
            "ticker": "KXHIGHCHI-24DEC29-B45.5",
            "count": 467,
            "created_time": "2024-12-29T15:04:02.441495Z",
            "yes_price": 1,
            "no_price": 99,
            "taker_side": "yes"
        },
        {
            "trade_id": "fb5f6b8d-5979-4320-9631-307924252fb5",
            "ticker": "KXHIGHCHI-24DEC29-B45.5",
            "count": 749,
            "created_time": "2024-12-29T14:00:34.506907Z",
            "yes_price": 1,
            "no_price": 99,
            "taker_side": "yes"
        },
        {
            "trade_id": "358907c9-8bae-4a28-b485-4a56443294e1",
            "ticker": "KXHIGHCHI-24DEC29-B45.5",
            "count": 93,
            "created_time": "2024-12-29T13:34:28.122851Z",
            "yes_price": 1,
            "no_price": 99,
            "taker_side": "yes"
        },
        {
            "trade_id": "46a55db1-1b0c-462a-9f5c-a4b41da981fd",
            "ticker": "KXHIGHCHI-24DEC29-B45.5",
            "count": 20,
            "created_time": "2024-12-29T07:56:59.222582Z",
            "yes_price": 1,
            "no_price": 99,
            "taker_side": "yes"
        },
        {
            "trade_id": "505c748d-f2e4-4bf8-af8c-037f343c3ae3",
            "ticker": "KXHIGHCHI-24DEC29-B45.5",
            "count": 500,
            "created_time": "2024-12-29T06:42:35.269687Z",
            "yes_price": 1,
            "no_price": 99,
            "taker_side": "yes"
        },
        {
            "trade_id": "daf98a8c-c214-434e-b091-cfec8d7ea595",
            "ticker": "KXHIGHCHI-24DEC29-B45.5",
            "count": 110,
            "created_time": "2024-12-29T06:41:43.314482Z",
            "yes_price": 1,
            "no_price": 99,
            "taker_side": "no"
        },
        {
            "trade_id": "d6fe4899-1ea9-4529-afad-1b1b1944d801",
            "ticker": "KXHIGHCHI-24DEC29-B45.5",
            "count": 50,
            "created_time": "2024-12-29T06:41:43.314482Z",
            "yes_price": 3,
            "no_price": 97,
            "taker_side": "no"
        },
        {
            "trade_id": "c9bcb13a-1a67-4099-9950-26162ca5374c",
            "ticker": "KXHIGHCHI-24DEC29-B45.5",
            "count": 1312,
            "created_time": "2024-12-29T06:41:43.314482Z",
            "yes_price": 1,
            "no_price": 99,
            "taker_side": "no"
        },
        {
            "trade_id": "a55ead80-385f-4706-a8f3-11ed78ad14af",
            "ticker": "KXHIGHCHI-24DEC29-B45.5",
            "count": 200,
            "created_time": "2024-12-29T06:41:43.314482Z",
            "yes_price": 1,
            "no_price": 99,
            "taker_side": "no"
        },
        {
            "trade_id": "45a0a1ee-3eff-4e94-a33d-67414807b256",
            "ticker": "KXHIGHCHI-24DEC29-B45.5",
            "count": 20,
            "created_time": "2024-12-29T06:41:43.314482Z",
            "yes_price": 4,
            "no_price": 96,
            "taker_side": "no"
        },
        {
            "trade_id": "0667a2dc-0be4-4436-9a9c-5cb9ad2dbbc3",
            "ticker": "KXHIGHCHI-24DEC29-B45.5",
            "count": 500,
            "created_time": "2024-12-29T06:41:43.314482Z",
            "yes_price": 1,
            "no_price": 99,
            "taker_side": "no"
        },
        {
            "trade_id": "93aa2f6d-f246-48eb-9083-99cf28dacf16",
            "ticker": "KXHIGHCHI-24DEC29-B45.5",
            "count": 1,
            "created_time": "2024-12-29T06:41:42.58344Z",
            "yes_price": 4,
            "no_price": 96,
            "taker_side": "no"
        },
        {
            "trade_id": "672df6d0-74d6-45f0-9543-5bf53442e63b",
            "ticker": "KXHIGHCHI-24DEC29-B45.5",
            "count": 20,
            "created_time": "2024-12-29T06:41:41.443808Z",
            "yes_price": 5,
            "no_price": 95,
            "taker_side": "yes"
        },
        {
            "trade_id": "0abe8591-c26a-44a0-acd2-f5f17172151b",
            "ticker": "KXHIGHCHI-24DEC29-B45.5",
            "count": 1,
            "created_time": "2024-12-29T06:41:40.34494Z",
            "yes_price": 4,
            "no_price": 96,
            "taker_side": "no"
        },
        {
            "trade_id": "c9d92597-f567-423e-bc9b-d8573c3efc9b",
            "ticker": "KXHIGHCHI-24DEC29-B45.5",
            "count": 1,
            "created_time": "2024-12-29T06:38:37.208275Z",
            "yes_price": 6,
            "no_price": 94,
            "taker_side": "no"
        },
        {
            "trade_id": "2dbec1a0-b0d0-4603-b1cf-8f9f46f2e434",
            "ticker": "KXHIGHCHI-24DEC29-B45.5",
            "count": 100,
            "created_time": "2024-12-29T06:38:37.208275Z",
            "yes_price": 6,
            "no_price": 94,
            "taker_side": "no"
        },
        {
            "trade_id": "21c7cc51-6b06-4f4c-a52c-8c41fdc7ab8c",
            "ticker": "KXHIGHCHI-24DEC29-B45.5",
            "count": 200,
            "created_time": "2024-12-29T06:38:37.208275Z",
            "yes_price": 5,
            "no_price": 95,
            "taker_side": "no"
        },
        {
            "trade_id": "4903059d-bdd5-4196-9c09-8d326526a7d7",
            "ticker": "KXHIGHCHI-24DEC29-B45.5",
            "count": 1,
            "created_time": "2024-12-29T06:34:06.054789Z",
            "yes_price": 11,
            "no_price": 89,
            "taker_side": "yes"
        },
        {
            "trade_id": "4a571899-a66c-4782-8131-b790c6e70cfa",
            "ticker": "KXHIGHCHI-24DEC29-B45.5",
            "count": 25,
            "created_time": "2024-12-29T06:33:52.877141Z",
            "yes_price": 11,
            "no_price": 89,
            "taker_side": "yes"
        },
        {
            "trade_id": "8d5e4fe0-4e74-4665-8f9a-5a3d35787898",
            "ticker": "KXHIGHCHI-24DEC29-B45.5",
            "count": 50,
            "created_time": "2024-12-29T06:33:29.637276Z",
            "yes_price": 11,
            "no_price": 89,
            "taker_side": "yes"
        },
        {
            "trade_id": "c807cf63-7e44-4186-ad04-24a56677f5c0",
            "ticker": "KXHIGHCHI-24DEC29-B45.5",
            "count": 340,
            "created_time": "2024-12-29T06:33:21.944026Z",
            "yes_price": 8,
            "no_price": 92,
            "taker_side": "yes"
        },
        {
            "trade_id": "3fd9049e-c60c-4ec7-a3bc-7e08d3b2a506",
            "ticker": "KXHIGHCHI-24DEC29-B45.5",
            "count": 20,
            "created_time": "2024-12-29T06:33:10.257318Z",
            "yes_price": 8,
            "no_price": 92,
            "taker_side": "yes"
        },
        {
            "trade_id": "3aae5e52-d86b-4176-9f82-4cd2f55ec5d1",
            "ticker": "KXHIGHCHI-24DEC29-B45.5",
            "count": 20,
            "created_time": "2024-12-29T06:33:04.785887Z",
            "yes_price": 8,
            "no_price": 92,
            "taker_side": "yes"
        },
        {
            "trade_id": "ced0555f-dca6-4445-acb5-ce74d389300d",
            "ticker": "KXHIGHCHI-24DEC29-B45.5",
            "count": 20,
            "created_time": "2024-12-29T06:32:53.576469Z",
            "yes_price": 8,
            "no_price": 92,
            "taker_side": "yes"
        },
        {
            "trade_id": "7f912a34-bebd-4e2a-83cd-4bafd444939b",
            "ticker": "KXHIGHCHI-24DEC29-B45.5",
            "count": 20,
            "created_time": "2024-12-29T06:32:38.883995Z",
            "yes_price": 7,
            "no_price": 93,
            "taker_side": "yes"
        },
        {
            "trade_id": "8b930746-e75c-499f-9417-b42d0c845fd4",
            "ticker": "KXHIGHCHI-24DEC29-B45.5",
            "count": 20,
            "created_time": "2024-12-29T06:32:32.53105Z",
            "yes_price": 7,
            "no_price": 93,
            "taker_side": "yes"
        },
        {
            "trade_id": "28136b49-6943-4a3e-9005-4a0b598f245b",
            "ticker": "KXHIGHCHI-24DEC29-B45.5",
            "count": 20,
            "created_time": "2024-12-29T06:32:27.162108Z",
            "yes_price": 7,
            "no_price": 93,
            "taker_side": "yes"
        },
        {
            "trade_id": "d5863fe2-5076-4123-99f6-f4716f90b1a0",
            "ticker": "KXHIGHCHI-24DEC29-B45.5",
            "count": 10,
            "created_time": "2024-12-29T06:32:20.506686Z",
            "yes_price": 7,
            "no_price": 93,
            "taker_side": "yes"
        },
        {
            "trade_id": "be382f42-9834-403d-a371-c969ad7098f2",
            "ticker": "KXHIGHCHI-24DEC29-B45.5",
            "count": 10,
            "created_time": "2024-12-29T06:32:20.506686Z",
            "yes_price": 7,
            "no_price": 93,
            "taker_side": "yes"
        },
        {
            "trade_id": "5ebaa37b-63a3-4289-954e-5855c9ed59d3",
            "ticker": "KXHIGHCHI-24DEC29-B45.5",
            "count": 1,
            "created_time": "2024-12-29T06:32:13.696398Z",
            "yes_price": 6,
            "no_price": 94,
            "taker_side": "no"
        },
        {
            "trade_id": "e1cf07cc-2155-436c-af4c-cc521262a964",
            "ticker": "KXHIGHCHI-24DEC29-B45.5",
            "count": 1,
            "created_time": "2024-12-29T06:32:13.553843Z",
            "yes_price": 6,
            "no_price": 94,
            "taker_side": "yes"
        },
        {
            "trade_id": "b6970bbe-3329-4a38-b17d-d2a42c5a93aa",
            "ticker": "KXHIGHCHI-24DEC29-B45.5",
            "count": 84,
            "created_time": "2024-12-29T06:11:24.351617Z",
            "yes_price": 7,
            "no_price": 93,
            "taker_side": "yes"
        },
        {
            "trade_id": "0bb6a582-9cc9-429c-a149-22db9b31f801",
            "ticker": "KXHIGHCHI-24DEC29-B45.5",
            "count": 100,
            "created_time": "2024-12-29T06:11:24.351617Z",
            "yes_price": 7,
            "no_price": 93,
            "taker_side": "yes"
        },
        {
            "trade_id": "02c8b10f-f0f9-43d3-af90-205747da06fb",
            "ticker": "KXHIGHCHI-24DEC29-B45.5",
            "count": 100,
            "created_time": "2024-12-29T06:11:13.741581Z",
            "yes_price": 7,
            "no_price": 93,
            "taker_side": "yes"
        },
        {
            "trade_id": "e83c0050-8fa3-4616-b0f1-98a069027d7f",
            "ticker": "KXHIGHCHI-24DEC29-B45.5",
            "count": 113,
            "created_time": "2024-12-29T06:10:19.030188Z",
            "yes_price": 7,
            "no_price": 93,
            "taker_side": "yes"
        },
        {
            "trade_id": "bdd719b0-4351-424c-bb2b-7ee450756eca",
            "ticker": "KXHIGHCHI-24DEC29-B45.5",
            "count": 21,
            "created_time": "2024-12-29T06:10:19.030188Z",
            "yes_price": 7,
            "no_price": 93,
            "taker_side": "yes"
        },
        {
            "trade_id": "0d33092a-731e-414f-a282-9a2c3a1ea67b",
            "ticker": "KXHIGHCHI-24DEC29-B45.5",
            "count": 497,
            "created_time": "2024-12-29T06:09:11.056434Z",
            "yes_price": 6,
            "no_price": 94,
            "taker_side": "yes"
        },
        {
            "trade_id": "b35dd7dc-2ba6-4435-87c1-01d669f0ffe4",
            "ticker": "KXHIGHCHI-24DEC29-B45.5",
            "count": 1,
            "created_time": "2024-12-29T06:07:56.609697Z",
            "yes_price": 7,
            "no_price": 93,
            "taker_side": "yes"
        },
        {
            "trade_id": "82b1ccb6-4e4c-45bc-bbba-e57975d48671",
            "ticker": "KXHIGHCHI-24DEC29-B45.5",
            "count": 199,
            "created_time": "2024-12-29T06:07:56.609697Z",
            "yes_price": 8,
            "no_price": 92,
            "taker_side": "yes"
        },
        {
            "trade_id": "754046c0-3139-43a2-96f0-13827716a792",
            "ticker": "KXHIGHCHI-24DEC29-B45.5",
            "count": 95,
            "created_time": "2024-12-29T06:07:30.059096Z",
            "yes_price": 6,
            "no_price": 94,
            "taker_side": "yes"
        },
        {
            "trade_id": "48494671-ea7c-4d9e-8273-b9a30466ace5",
            "ticker": "KXHIGHCHI-24DEC29-B45.5",
            "count": 105,
            "created_time": "2024-12-29T06:07:30.059096Z",
            "yes_price": 6,
            "no_price": 94,
            "taker_side": "yes"
        },
        {
            "trade_id": "f47725f4-b072-4cf3-92fb-2bdfcb599900",
            "ticker": "KXHIGHCHI-24DEC29-B45.5",
            "count": 100,
            "created_time": "2024-12-29T06:07:19.09031Z",
            "yes_price": 5,
            "no_price": 95,
            "taker_side": "yes"
        },
        {
            "trade_id": "b2a05935-211a-482f-ad4d-ab1ad35b2c12",
            "ticker": "KXHIGHCHI-24DEC29-B45.5",
            "count": 895,
            "created_time": "2024-12-29T06:05:47.934419Z",
            "yes_price": 6,
            "no_price": 94,
            "taker_side": "yes"
        },
        {
            "trade_id": "38b195b8-60a9-427a-9672-b0125883ae84",
            "ticker": "KXHIGHCHI-24DEC29-B45.5",
            "count": 1000,
            "created_time": "2024-12-29T06:05:47.934419Z",
            "yes_price": 4,
            "no_price": 96,
            "taker_side": "yes"
        },
        {
            "trade_id": "2d6ee825-daeb-4710-9514-54a982c63ee4",
            "ticker": "KXHIGHCHI-24DEC29-B45.5",
            "count": 9,
            "created_time": "2024-12-29T06:03:25.866811Z",
            "yes_price": 4,
            "no_price": 96,
            "taker_side": "yes"
        },
        {
            "trade_id": "c6d3b8cd-698e-4323-ab0a-963580f9d88e",
            "ticker": "KXHIGHCHI-24DEC29-B45.5",
            "count": 13,
            "created_time": "2024-12-29T06:03:08.796175Z",
            "yes_price": 5,
            "no_price": 95,
            "taker_side": "yes"
        },
        {
            "trade_id": "2f7d5c22-5d63-48a1-95b6-aca82663c789",
            "ticker": "KXHIGHCHI-24DEC29-B45.5",
            "count": 100,
            "created_time": "2024-12-29T06:03:08.796175Z",
            "yes_price": 4,
            "no_price": 96,
            "taker_side": "yes"
        },
        {
            "trade_id": "201fd8c7-ec76-44aa-8a96-1b1b4d5259a8",
            "ticker": "KXHIGHCHI-24DEC29-B45.5",
            "count": 1,
            "created_time": "2024-12-29T05:59:22.199257Z",
            "yes_price": 4,
            "no_price": 96,
            "taker_side": "yes"
        },
        {
            "trade_id": "c4ba216c-1b92-4ca0-8d77-7021f4353499",
            "ticker": "KXHIGHCHI-24DEC29-B45.5",
            "count": 768,
            "created_time": "2024-12-29T05:56:47.631731Z",
            "yes_price": 3,
            "no_price": 97,
            "taker_side": "yes"
        },
        {
            "trade_id": "93ccfe7f-1aac-4d62-a561-e6ebc9976851",
            "ticker": "KXHIGHCHI-24DEC29-B45.5",
            "count": 30,
            "created_time": "2024-12-29T05:56:47.631731Z",
            "yes_price": 3,
            "no_price": 97,
            "taker_side": "yes"
        },
        {
            "trade_id": "9e808224-862e-48be-a10b-b2e7739756b5",
            "ticker": "KXHIGHCHI-24DEC29-B45.5",
            "count": 14,
            "created_time": "2024-12-29T05:55:55.830417Z",
            "yes_price": 3,
            "no_price": 97,
            "taker_side": "yes"
        },
        {
            "trade_id": "0c899e8b-4b6d-447f-b2e8-ec85178a1d3e",
            "ticker": "KXHIGHCHI-24DEC29-B45.5",
            "count": 183,
            "created_time": "2024-12-29T05:55:52.867213Z",
            "yes_price": 3,
            "no_price": 97,
            "taker_side": "yes"
        },
        {
            "trade_id": "fab72823-4842-4f5b-83ef-02c827425489",
            "ticker": "KXHIGHCHI-24DEC29-B45.5",
            "count": 10,
            "created_time": "2024-12-29T05:49:17.820115Z",
            "yes_price": 7,
            "no_price": 93,
            "taker_side": "yes"
        },
        {
            "trade_id": "9cc2fb70-da17-4830-8d1b-53fb4f86d54b",
            "ticker": "KXHIGHCHI-24DEC29-B45.5",
            "count": 25,
            "created_time": "2024-12-29T05:48:34.483752Z",
            "yes_price": 7,
            "no_price": 93,
            "taker_side": "yes"
        },
        {
            "trade_id": "979eeb6c-8c10-46e1-9049-dd3bbaf966dc",
            "ticker": "KXHIGHCHI-24DEC29-B45.5",
            "count": 59,
            "created_time": "2024-12-29T05:48:26.307804Z",
            "yes_price": 2,
            "no_price": 98,
            "taker_side": "no"
        },
        {
            "trade_id": "dfe88f37-32a2-4d10-bb21-31be2e7075d3",
            "ticker": "KXHIGHCHI-24DEC29-B45.5",
            "count": 31,
            "created_time": "2024-12-29T05:48:18.647236Z",
            "yes_price": 6,
            "no_price": 94,
            "taker_side": "yes"
        },
        {
            "trade_id": "14936977-b515-4c2f-8f58-56cc85b9b0e4",
            "ticker": "KXHIGHCHI-24DEC29-B45.5",
            "count": 550,
            "created_time": "2024-12-29T05:48:18.647236Z",
            "yes_price": 6,
            "no_price": 94,
            "taker_side": "yes"
        },
        {
            "trade_id": "3fce0508-7a86-4e83-ad43-b830b8732099",
            "ticker": "KXHIGHCHI-24DEC29-B45.5",
            "count": 199,
            "created_time": "2024-12-29T05:47:20.372117Z",
            "yes_price": 3,
            "no_price": 97,
            "taker_side": "no"
        },
        {
            "trade_id": "d3f42c85-2632-40b2-a4a6-cfdaaaddf893",
            "ticker": "KXHIGHCHI-24DEC29-B45.5",
            "count": 1,
            "created_time": "2024-12-29T05:47:18.139229Z",
            "yes_price": 3,
            "no_price": 97,
            "taker_side": "no"
        },
        {
            "trade_id": "d7b87165-642e-4e7a-9bdc-89139f47335f",
            "ticker": "KXHIGHCHI-24DEC29-B45.5",
            "count": 31,
            "created_time": "2024-12-29T05:47:15.811892Z",
            "yes_price": 6,
            "no_price": 94,
            "taker_side": "no"
        },
        {
            "trade_id": "d37900b1-f4fe-413e-87af-6f414efd924e",
            "ticker": "KXHIGHCHI-24DEC29-B45.5",
            "count": 476,
            "created_time": "2024-12-29T05:47:15.754653Z",
            "yes_price": 5,
            "no_price": 95,
            "taker_side": "yes"
        },
        {
            "trade_id": "bddb6822-c569-4063-980e-514ebb729dbe",
            "ticker": "KXHIGHCHI-24DEC29-B45.5",
            "count": 25,
            "created_time": "2024-12-29T05:47:05.093538Z",
            "yes_price": 5,
            "no_price": 95,
            "taker_side": "yes"
        },
        {
            "trade_id": "f4cbdb58-4199-4d53-ad41-c478919d1a68",
            "ticker": "KXHIGHCHI-24DEC29-B45.5",
            "count": 3,
            "created_time": "2024-12-29T05:44:56.464799Z",
            "yes_price": 1,
            "no_price": 99,
            "taker_side": "no"
        },
        {
            "trade_id": "c4b8fe07-e9c9-446b-9316-9b6d5e3011be",
            "ticker": "KXHIGHCHI-24DEC29-B45.5",
            "count": 1,
            "created_time": "2024-12-29T05:44:56.464799Z",
            "yes_price": 2,
            "no_price": 98,
            "taker_side": "no"
        },
        {
            "trade_id": "fbd305bb-0bdf-4f4a-bb5d-9d2528f5ae7c",
            "ticker": "KXHIGHCHI-24DEC29-B45.5",
            "count": 1,
            "created_time": "2024-12-29T05:44:15.303149Z",
            "yes_price": 5,
            "no_price": 95,
            "taker_side": "yes"
        },
        {
            "trade_id": "29e28466-fedd-43d0-9d5b-634238daeb8f",
            "ticker": "KXHIGHCHI-24DEC29-B45.5",
            "count": 499,
            "created_time": "2024-12-29T05:44:15.303149Z",
            "yes_price": 6,
            "no_price": 94,
            "taker_side": "yes"
        },
        {
            "trade_id": "c0626e63-bb07-425b-a588-22381e88badb",
            "ticker": "KXHIGHCHI-24DEC29-B45.5",
            "count": 1,
            "created_time": "2024-12-29T05:44:13.595934Z",
            "yes_price": 3,
            "no_price": 97,
            "taker_side": "no"
        },
        {
            "trade_id": "886069d0-8796-4055-8b1a-d0e0f348883a",
            "ticker": "KXHIGHCHI-24DEC29-B45.5",
            "count": 56,
            "created_time": "2024-12-29T05:44:13.595934Z",
            "yes_price": 1,
            "no_price": 99,
            "taker_side": "no"
        },
        {
            "trade_id": "10ceb5f3-542c-48dc-b5fa-ea49e1ba31e1",
            "ticker": "KXHIGHCHI-24DEC29-B45.5",
            "count": 204,
            "created_time": "2024-12-29T05:43:34.482831Z",
            "yes_price": 7,
            "no_price": 93,
            "taker_side": "yes"
        },
        {
            "trade_id": "a92e8f4e-dfb1-4cb6-80d3-2a3f16248cd3",
            "ticker": "KXHIGHCHI-24DEC29-B45.5",
            "count": 100,
            "created_time": "2024-12-29T05:42:57.048215Z",
            "yes_price": 5,
            "no_price": 95,
            "taker_side": "no"
        },
        {
            "trade_id": "434d9084-4cbf-456b-83d4-4ec25cea8fb4",
            "ticker": "KXHIGHCHI-24DEC29-B45.5",
            "count": 598,
            "created_time": "2024-12-29T05:42:57.048215Z",
            "yes_price": 5,
            "no_price": 95,
            "taker_side": "no"
        },
        {
            "trade_id": "e71e45fc-9f48-49cf-831e-7bd7a16b9998",
            "ticker": "KXHIGHCHI-24DEC29-B45.5",
            "count": 25,
            "created_time": "2024-12-29T05:42:17.551538Z",
            "yes_price": 8,
            "no_price": 92,
            "taker_side": "no"
        },
        {
            "trade_id": "29910546-09c3-4132-93df-52551c06581f",
            "ticker": "KXHIGHCHI-24DEC29-B45.5",
            "count": 10,
            "created_time": "2024-12-29T05:42:12.567891Z",
            "yes_price": 8,
            "no_price": 92,
            "taker_side": "no"
        },
        {
            "trade_id": "3bd48663-0ff4-4097-986f-f4a1023d0cee",
            "ticker": "KXHIGHCHI-24DEC29-B45.5",
            "count": 1,
            "created_time": "2024-12-29T05:39:02.871718Z",
            "yes_price": 9,
            "no_price": 91,
            "taker_side": "no"
        },
        {
            "trade_id": "180b7e53-f32f-4192-b104-03671d604a33",
            "ticker": "KXHIGHCHI-24DEC29-B45.5",
            "count": 100,
            "created_time": "2024-12-29T05:39:02.871718Z",
            "yes_price": 8,
            "no_price": 92,
            "taker_side": "no"
        },
        {
            "trade_id": "4502972a-60aa-46b0-b150-9973a889cbd5",
            "ticker": "KXHIGHCHI-24DEC29-B45.5",
            "count": 32,
            "created_time": "2024-12-29T05:38:10.70102Z",
            "yes_price": 12,
            "no_price": 88,
            "taker_side": "no"
        },
        {
            "trade_id": "274d5cfa-489d-47be-bea0-9553dd695436",
            "ticker": "KXHIGHCHI-24DEC29-B45.5",
            "count": 149,
            "created_time": "2024-12-29T05:33:57.171319Z",
            "yes_price": 27,
            "no_price": 73,
            "taker_side": "no"
        },
        {
            "trade_id": "24e4994d-c181-47e6-a79e-544a70ca81e0",
            "ticker": "KXHIGHCHI-24DEC29-B45.5",
            "count": 151,
            "created_time": "2024-12-29T05:33:51.949037Z",
            "yes_price": 16,
            "no_price": 84,
            "taker_side": "yes"
        },
        {
            "trade_id": "a7a30211-2221-4e04-bbea-24c4813f2e1e",
            "ticker": "KXHIGHCHI-24DEC29-B45.5",
            "count": 150,
            "created_time": "2024-12-29T05:33:48.058937Z",
            "yes_price": 16,
            "no_price": 84,
            "taker_side": "no"
        },
        {
            "trade_id": "76f0cf53-7edd-48c4-b06a-1dd69e651b61",
            "ticker": "KXHIGHCHI-24DEC29-B45.5",
            "count": 35,
            "created_time": "2024-12-29T05:33:48.058937Z",
            "yes_price": 14,
            "no_price": 86,
            "taker_side": "no"
        },
        {
            "trade_id": "68d0ebd2-6c9a-421f-8a5b-148f9aee8c92",
            "ticker": "KXHIGHCHI-24DEC29-B45.5",
            "count": 1,
            "created_time": "2024-12-29T05:33:48.058937Z",
            "yes_price": 17,
            "no_price": 83,
            "taker_side": "no"
        },
        {
            "trade_id": "83ecd3c6-a93d-48e2-98f2-d6ebf7a83eb8",
            "ticker": "KXHIGHCHI-24DEC29-B45.5",
            "count": 46,
            "created_time": "2024-12-29T05:32:20.053906Z",
            "yes_price": 18,
            "no_price": 82,
            "taker_side": "no"
        },
        {
            "trade_id": "2adcb322-2352-4249-9022-b11daf35a3d7",
            "ticker": "KXHIGHCHI-24DEC29-B45.5",
            "count": 5,
            "created_time": "2024-12-29T05:32:20.053906Z",
            "yes_price": 19,
            "no_price": 81,
            "taker_side": "no"
        },
        {
            "trade_id": "a211d1e5-db55-4c75-a0e9-f951e7ff2dc4",
            "ticker": "KXHIGHCHI-24DEC29-B45.5",
            "count": 3,
            "created_time": "2024-12-29T05:15:03.140699Z",
            "yes_price": 21,
            "no_price": 79,
            "taker_side": "no"
        },
        {
            "trade_id": "7c463245-9ac4-4abd-b69c-479d70076280",
            "ticker": "KXHIGHCHI-24DEC29-B45.5",
            "count": 52,
            "created_time": "2024-12-29T05:15:03.140699Z",
            "yes_price": 22,
            "no_price": 78,
            "taker_side": "no"
        },
        {
            "trade_id": "1bf92a6d-f441-415e-af94-d573ef1836bc",
            "ticker": "KXHIGHCHI-24DEC29-B45.5",
            "count": 30,
            "created_time": "2024-12-29T05:15:03.140699Z",
            "yes_price": 25,
            "no_price": 75,
            "taker_side": "no"
        },
        {
            "trade_id": "c35de0ce-9a0c-424a-a7c8-6acab3ed6e4e",
            "ticker": "KXHIGHCHI-24DEC29-B45.5",
            "count": 60,
            "created_time": "2024-12-29T05:11:36.509309Z",
            "yes_price": 26,
            "no_price": 74,
            "taker_side": "no"
        },
        {
            "trade_id": "4b47127d-0d12-4dd7-ba9b-29ed65b83a6f",
            "ticker": "KXHIGHCHI-24DEC29-B45.5",
            "count": 76,
            "created_time": "2024-12-29T05:11:36.509309Z",
            "yes_price": 25,
            "no_price": 75,
            "taker_side": "no"
        },
        {
            "trade_id": "31bf64f5-1db3-48f0-b788-d1b2e356f27d",
            "ticker": "KXHIGHCHI-24DEC29-B45.5",
            "count": 100,
            "created_time": "2024-12-29T05:11:36.509309Z",
            "yes_price": 26,
            "no_price": 74,
            "taker_side": "no"
        },
        {
            "trade_id": "32560fbf-468c-4cf0-b33f-ed630a688668",
            "ticker": "KXHIGHCHI-24DEC29-B45.5",
            "count": 49,
            "created_time": "2024-12-29T05:10:56.092756Z",
            "yes_price": 28,
            "no_price": 72,
            "taker_side": "no"
        },
        {
            "trade_id": "cbd4155b-f567-428c-b0e7-adc313b876e5",
            "ticker": "KXHIGHCHI-24DEC29-B45.5",
            "count": 4,
            "created_time": "2024-12-29T05:08:29.190618Z",
            "yes_price": 28,
            "no_price": 72,
            "taker_side": "yes"
        },
        {
            "trade_id": "fc59840b-31aa-4d4f-876e-9a058004e916",
            "ticker": "KXHIGHCHI-24DEC29-B45.5",
            "count": 5,
            "created_time": "2024-12-29T05:05:07.647764Z",
            "yes_price": 27,
            "no_price": 73,
            "taker_side": "yes"
        },
        {
            "trade_id": "d8341bdb-63be-4541-a23d-91b6a295af64",
            "ticker": "KXHIGHCHI-24DEC29-B45.5",
            "count": 4,
            "created_time": "2024-12-29T05:05:07.647764Z",
            "yes_price": 27,
            "no_price": 73,
            "taker_side": "yes"
        },
        {
            "trade_id": "fe73a4ba-edd2-41f3-a390-201fba02fd93",
            "ticker": "KXHIGHCHI-24DEC29-B45.5",
            "count": 7,
            "created_time": "2024-12-29T04:59:10.025891Z",
            "yes_price": 26,
            "no_price": 74,
            "taker_side": "yes"
        },
        {
            "trade_id": "3f99272e-7e27-44e7-bfb4-38bb16467791",
            "ticker": "KXHIGHCHI-24DEC29-B45.5",
            "count": 40,
            "created_time": "2024-12-29T04:59:10.025891Z",
            "yes_price": 26,
            "no_price": 74,
            "taker_side": "yes"
        },
        {
            "trade_id": "a1dd1606-d43a-4cb0-bc1a-1a5b3a5b97e0",
            "ticker": "KXHIGHCHI-24DEC29-B45.5",
            "count": 21,
            "created_time": "2024-12-29T04:53:52.175202Z",
            "yes_price": 28,
            "no_price": 72,
            "taker_side": "yes"
        },
        {
            "trade_id": "0d73c340-5b8d-4981-8ca4-c1dc8810fd6b",
            "ticker": "KXHIGHCHI-24DEC29-B45.5",
            "count": 2,
            "created_time": "2024-12-29T04:53:52.175202Z",
            "yes_price": 27,
            "no_price": 73,
            "taker_side": "yes"
        },
        {
            "trade_id": "fbbe679d-78af-4bd8-9849-dde733cd1988",
            "ticker": "KXHIGHCHI-24DEC29-B45.5",
            "count": 88,
            "created_time": "2024-12-29T04:52:53.477048Z",
            "yes_price": 27,
            "no_price": 73,
            "taker_side": "yes"
        },
        {
            "trade_id": "7f8602be-20df-4d48-98a4-1ba6b61ae256",
            "ticker": "KXHIGHCHI-24DEC29-B45.5",
            "count": 49,
            "created_time": "2024-12-29T04:51:07.750563Z",
            "yes_price": 27,
            "no_price": 73,
            "taker_side": "yes"
        },
        {
            "trade_id": "60b08c69-939e-4d14-bd95-1a9d908aa581",
            "ticker": "KXHIGHCHI-24DEC29-B45.5",
            "count": 1,
            "created_time": "2024-12-29T04:50:42.032761Z",
            "yes_price": 27,
            "no_price": 73,
            "taker_side": "yes"
        },
        {
            "trade_id": "1ca34e67-b4bd-4f92-86f6-4c15ca98e1d3",
            "ticker": "KXHIGHCHI-24DEC29-B45.5",
            "count": 4,
            "created_time": "2024-12-29T04:50:42.032761Z",
            "yes_price": 27,
            "no_price": 73,
            "taker_side": "yes"
        },
        {
            "trade_id": "adada24f-5026-4d28-9fc3-f6a34c0ca176",
            "ticker": "KXHIGHCHI-24DEC29-B45.5",
            "count": 100,
            "created_time": "2024-12-29T04:49:44.76356Z",
            "yes_price": 21,
            "no_price": 79,
            "taker_side": "no"
        },
        {
            "trade_id": "7432fca8-f75a-4d13-a42c-8563eff3c5b2",
            "ticker": "KXHIGHCHI-24DEC29-B45.5",
            "count": 83,
            "created_time": "2024-12-29T04:49:44.76356Z",
            "yes_price": 21,
            "no_price": 79,
            "taker_side": "no"
        },
        {
            "trade_id": "21d22be6-6236-4dd8-b482-4efbbbb06fba",
            "ticker": "KXHIGHCHI-24DEC29-B45.5",
            "count": 50,
            "created_time": "2024-12-29T04:49:08.65424Z",
            "yes_price": 24,
            "no_price": 76,
            "taker_side": "no"
        },
        {
            "trade_id": "fe2d4ffc-69f4-41b2-805f-0b1e458eab8a",
            "ticker": "KXHIGHCHI-24DEC29-B45.5",
            "count": 20,
            "created_time": "2024-12-29T04:45:25.955835Z",
            "yes_price": 36,
            "no_price": 64,
            "taker_side": "no"
        },
        {
            "trade_id": "3f61968f-8a35-42f4-80af-6c80b1e6aac3",
            "ticker": "KXHIGHCHI-24DEC29-B45.5",
            "count": 6,
            "created_time": "2024-12-29T04:45:25.955835Z",
            "yes_price": 37,
            "no_price": 63,
            "taker_side": "no"
        },
        {
            "trade_id": "1a60f822-ee68-4e3e-a2d4-819bed318119",
            "ticker": "KXHIGHCHI-24DEC29-B45.5",
            "count": 50,
            "created_time": "2024-12-29T04:45:25.955835Z",
            "yes_price": 37,
            "no_price": 63,
            "taker_side": "no"
        },
        {
            "trade_id": "7e5c4dd4-09a9-4964-aca5-8795888d46b2",
            "ticker": "KXHIGHCHI-24DEC29-B45.5",
            "count": 50,
            "created_time": "2024-12-29T04:45:03.968353Z",
            "yes_price": 38,
            "no_price": 62,
            "taker_side": "no"
        },
        {
            "trade_id": "21b11811-4032-4425-a694-d4abd6e8966a",
            "ticker": "KXHIGHCHI-24DEC29-B45.5",
            "count": 21,
            "created_time": "2024-12-29T04:45:03.968353Z",
            "yes_price": 38,
            "no_price": 62,
            "taker_side": "no"
        },
        {
            "trade_id": "c364405b-afbd-4411-9373-8ca3efc0d7ae",
            "ticker": "KXHIGHCHI-24DEC29-B45.5",
            "count": 3,
            "created_time": "2024-12-29T04:44:35.685362Z",
            "yes_price": 38,
            "no_price": 62,
            "taker_side": "no"
        },
        {
            "trade_id": "afa77f19-a845-4e3a-bbed-d78fb51f8177",
            "ticker": "KXHIGHCHI-24DEC29-B45.5",
            "count": 5,
            "created_time": "2024-12-29T04:43:06.060598Z",
            "yes_price": 39,
            "no_price": 61,
            "taker_side": "no"
        },
        {
            "trade_id": "93f83efb-0bcd-4d83-8605-4c65c7e68189",
            "ticker": "KXHIGHCHI-24DEC29-B45.5",
            "count": 4,
            "created_time": "2024-12-29T04:31:10.721232Z",
            "yes_price": 39,
            "no_price": 61,
            "taker_side": "yes"
        },
        {
            "trade_id": "8d16f755-062f-4b29-8f82-f73f1154965c",
            "ticker": "KXHIGHCHI-24DEC29-B45.5",
            "count": 16,
            "created_time": "2024-12-29T04:31:10.721232Z",
            "yes_price": 51,
            "no_price": 49,
            "taker_side": "yes"
        },
        {
            "trade_id": "7082de34-ba3f-4332-831e-a2a6918c6792",
            "ticker": "KXHIGHCHI-24DEC29-B45.5",
            "count": 20,
            "created_time": "2024-12-29T04:31:10.721232Z",
            "yes_price": 46,
            "no_price": 54,
            "taker_side": "yes"
        },
        {
            "trade_id": "71c002e7-3819-498b-94a4-0c0426c7a5af",
            "ticker": "KXHIGHCHI-24DEC29-B45.5",
            "count": 1,
            "created_time": "2024-12-29T04:03:27.536732Z",
            "yes_price": 40,
            "no_price": 60,
            "taker_side": "no"
        },
        {
            "trade_id": "c9f6c505-f7eb-4516-b740-5354105d84bd",
            "ticker": "KXHIGHCHI-24DEC29-B45.5",
            "count": 48,
            "created_time": "2024-12-29T03:18:43.199275Z",
            "yes_price": 43,
            "no_price": 57,
            "taker_side": "yes"
        },
        {
            "trade_id": "559593c1-d106-47e7-94b6-ce7952ea27c3",
            "ticker": "KXHIGHCHI-24DEC29-B45.5",
            "count": 4,
            "created_time": "2024-12-29T03:18:43.199275Z",
            "yes_price": 43,
            "no_price": 57,
            "taker_side": "yes"
        },
        {
            "trade_id": "334cd0eb-d091-409d-aeab-fc57a7c9ea04",
            "ticker": "KXHIGHCHI-24DEC29-B45.5",
            "count": 57,
            "created_time": "2024-12-29T03:18:43.199275Z",
            "yes_price": 44,
            "no_price": 56,
            "taker_side": "yes"
        },
        {
            "trade_id": "bb84d620-6339-4cab-8872-d9f254643efc",
            "ticker": "KXHIGHCHI-24DEC29-B45.5",
            "count": 12,
            "created_time": "2024-12-29T03:06:32.034996Z",
            "yes_price": 44,
            "no_price": 56,
            "taker_side": "yes"
        },
        {
            "trade_id": "e635b219-4eea-4483-90a6-8dad145f74f1",
            "ticker": "KXHIGHCHI-24DEC29-B45.5",
            "count": 35,
            "created_time": "2024-12-29T03:03:16.741215Z",
            "yes_price": 43,
            "no_price": 57,
            "taker_side": "yes"
        },
        {
            "trade_id": "6de81b75-b7c9-40a3-9fe0-2c722bd81d02",
            "ticker": "KXHIGHCHI-24DEC29-B45.5",
            "count": 1,
            "created_time": "2024-12-29T03:03:16.741215Z",
            "yes_price": 42,
            "no_price": 58,
            "taker_side": "yes"
        },
        {
            "trade_id": "aa62a4ea-c9d9-4ecf-9b6f-f70e9452af59",
            "ticker": "KXHIGHCHI-24DEC29-B45.5",
            "count": 1,
            "created_time": "2024-12-29T02:06:29.19843Z",
            "yes_price": 42,
            "no_price": 58,
            "taker_side": "no"
        },
        {
            "trade_id": "21363980-9472-4d18-8c1a-0b6494792cb1",
            "ticker": "KXHIGHCHI-24DEC29-B45.5",
            "count": 1,
            "created_time": "2024-12-29T02:06:29.19843Z",
            "yes_price": 42,
            "no_price": 58,
            "taker_side": "no"
        },
        {
            "trade_id": "c7d6cde6-fdd1-4d9d-8db3-c1781cc6de87",
            "ticker": "KXHIGHCHI-24DEC29-B45.5",
            "count": 100,
            "created_time": "2024-12-29T01:26:11.853358Z",
            "yes_price": 44,
            "no_price": 56,
            "taker_side": "yes"
        },
        {
            "trade_id": "a4103be9-2681-4f52-bc7d-336062e3d036",
            "ticker": "KXHIGHCHI-24DEC29-B45.5",
            "count": 9,
            "created_time": "2024-12-29T01:26:11.853358Z",
            "yes_price": 43,
            "no_price": 57,
            "taker_side": "yes"
        },
        {
            "trade_id": "95830041-8d44-4829-8f2a-baf4bd7f57b9",
            "ticker": "KXHIGHCHI-24DEC29-B45.5",
            "count": 35,
            "created_time": "2024-12-29T01:26:11.853358Z",
            "yes_price": 44,
            "no_price": 56,
            "taker_side": "yes"
        },
        {
            "trade_id": "f42a16cd-a865-49d8-9e13-f612262b5425",
            "ticker": "KXHIGHCHI-24DEC29-B45.5",
            "count": 11,
            "created_time": "2024-12-29T00:29:33.137727Z",
            "yes_price": 43,
            "no_price": 57,
            "taker_side": "yes"
        },
        {
            "trade_id": "08c2210f-03f5-410f-a6e5-15f0006e232c",
            "ticker": "KXHIGHCHI-24DEC29-B45.5",
            "count": 14,
            "created_time": "2024-12-29T00:29:33.137727Z",
            "yes_price": 44,
            "no_price": 56,
            "taker_side": "yes"
        },
        {
            "trade_id": "a2658498-bd3e-40bb-885d-a72f9cbaa99c",
            "ticker": "KXHIGHCHI-24DEC29-B45.5",
            "count": 17,
            "created_time": "2024-12-29T00:14:25.803867Z",
            "yes_price": 44,
            "no_price": 56,
            "taker_side": "yes"
        },
        {
            "trade_id": "3c6a3edf-2dc9-4a7b-9f1f-b423e3cbe97a",
            "ticker": "KXHIGHCHI-24DEC29-B45.5",
            "count": 4,
            "created_time": "2024-12-29T00:14:25.803867Z",
            "yes_price": 43,
            "no_price": 57,
            "taker_side": "yes"
        },
        {
            "trade_id": "185d4877-e9df-4384-a7da-9146efd3e78a",
            "ticker": "KXHIGHCHI-24DEC29-B45.5",
            "count": 5,
            "created_time": "2024-12-29T00:14:25.803867Z",
            "yes_price": 45,
            "no_price": 55,
            "taker_side": "yes"
        },
        {
            "trade_id": "077d6c13-768c-4195-96fe-3e187a0aa759",
            "ticker": "KXHIGHCHI-24DEC29-B45.5",
            "count": 83,
            "created_time": "2024-12-29T00:14:25.803867Z",
            "yes_price": 44,
            "no_price": 56,
            "taker_side": "yes"
        },
        {
            "trade_id": "0e3f545e-8b38-491f-a2c2-48db1afc15df",
            "ticker": "KXHIGHCHI-24DEC29-B45.5",
            "count": 17,
            "created_time": "2024-12-28T23:52:58.100789Z",
            "yes_price": 44,
            "no_price": 56,
            "taker_side": "yes"
        },
        {
            "trade_id": "a55f1083-46cd-4247-abde-8041f9738416",
            "ticker": "KXHIGHCHI-24DEC29-B45.5",
            "count": 53,
            "created_time": "2024-12-28T23:02:45.758327Z",
            "yes_price": 43,
            "no_price": 57,
            "taker_side": "yes"
        },
        {
            "trade_id": "42981646-fe0e-43b5-85f2-ad71b161026f",
            "ticker": "KXHIGHCHI-24DEC29-B45.5",
            "count": 20,
            "created_time": "2024-12-28T22:20:07.161633Z",
            "yes_price": 36,
            "no_price": 64,
            "taker_side": "no"
        },
        {
            "trade_id": "f7d30c50-da27-412a-b1e3-46601167345f",
            "ticker": "KXHIGHCHI-24DEC29-B45.5",
            "count": 1,
            "created_time": "2024-12-28T17:30:19.770624Z",
            "yes_price": 41,
            "no_price": 59,
            "taker_side": "no"
        },
        {
            "trade_id": "063a7984-eaca-4e24-a56f-d557761aadd5",
            "ticker": "KXHIGHCHI-24DEC29-B45.5",
            "count": 50,
            "created_time": "2024-12-28T16:06:31.520855Z",
            "yes_price": 40,
            "no_price": 60,
            "taker_side": "no"
        }
    ],
    "KXHIGHCHI-24DEC29-T46": [
        {
            "trade_id": "8f28a7d4-b89b-4b55-8c97-0be09dc52011",
            "ticker": "KXHIGHCHI-24DEC29-T46",
            "count": 200,
            "created_time": "2024-12-30T03:36:28.975464Z",
            "yes_price": 99,
            "no_price": 1,
            "taker_side": "no"
        },
        {
            "trade_id": "40e26d8f-3cf1-4306-96b2-72d6e530b37e",
            "ticker": "KXHIGHCHI-24DEC29-T46",
            "count": 300,
            "created_time": "2024-12-29T18:33:51.329579Z",
            "yes_price": 99,
            "no_price": 1,
            "taker_side": "no"
        },
        {
            "trade_id": "be1b81a3-586f-4158-b6b0-0c9ae3cf1b8f",
            "ticker": "KXHIGHCHI-24DEC29-T46",
            "count": 1299,
            "created_time": "2024-12-29T16:17:33.968732Z",
            "yes_price": 99,
            "no_price": 1,
            "taker_side": "no"
        },
        {
            "trade_id": "baa0ed5c-2ed0-4613-a3cc-851fde871b9a",
            "ticker": "KXHIGHCHI-24DEC29-T46",
            "count": 467,
            "created_time": "2024-12-29T15:05:58.854902Z",
            "yes_price": 99,
            "no_price": 1,
            "taker_side": "no"
        },
        {
            "trade_id": "8153e41a-2e12-48f4-935b-aafbee8096b4",
            "ticker": "KXHIGHCHI-24DEC29-T46",
            "count": 2,
            "created_time": "2024-12-29T14:33:32.083414Z",
            "yes_price": 99,
            "no_price": 1,
            "taker_side": "no"
        },
        {
            "trade_id": "cb82d99e-5611-40b0-83b6-9857827deb88",
            "ticker": "KXHIGHCHI-24DEC29-T46",
            "count": 278,
            "created_time": "2024-12-29T13:57:04.695971Z",
            "yes_price": 99,
            "no_price": 1,
            "taker_side": "no"
        },
        {
            "trade_id": "eb469bc1-f73d-483e-abe3-e411c7def34a",
            "ticker": "KXHIGHCHI-24DEC29-T46",
            "count": 93,
            "created_time": "2024-12-29T07:37:04.363332Z",
            "yes_price": 99,
            "no_price": 1,
            "taker_side": "no"
        },
        {
            "trade_id": "9d40d1b2-3e8c-4827-818a-53eda0e41df0",
            "ticker": "KXHIGHCHI-24DEC29-T46",
            "count": 59,
            "created_time": "2024-12-29T07:22:34.27348Z",
            "yes_price": 99,
            "no_price": 1,
            "taker_side": "no"
        },
        {
            "trade_id": "0c04885b-14d4-41e9-a817-f69373b104d8",
            "ticker": "KXHIGHCHI-24DEC29-T46",
            "count": 90,
            "created_time": "2024-12-29T06:44:02.077058Z",
            "yes_price": 99,
            "no_price": 1,
            "taker_side": "no"
        },
        {
            "trade_id": "f64265a1-b78f-4a81-bd68-46e60b5a522a",
            "ticker": "KXHIGHCHI-24DEC29-T46",
            "count": 10,
            "created_time": "2024-12-29T06:41:39.743572Z",
            "yes_price": 99,
            "no_price": 1,
            "taker_side": "yes"
        },
        {
            "trade_id": "e2c4d7f2-d994-47cb-9a02-862ef11bcbce",
            "ticker": "KXHIGHCHI-24DEC29-T46",
            "count": 26,
            "created_time": "2024-12-29T06:41:39.743572Z",
            "yes_price": 98,
            "no_price": 2,
            "taker_side": "yes"
        },
        {
            "trade_id": "ca15d728-b963-4a35-bd3e-c40130290406",
            "ticker": "KXHIGHCHI-24DEC29-T46",
            "count": 1569,
            "created_time": "2024-12-29T06:41:39.743572Z",
            "yes_price": 99,
            "no_price": 1,
            "taker_side": "yes"
        },
        {
            "trade_id": "5fbc39f6-888b-43c5-a3bd-9d2341807a68",
            "ticker": "KXHIGHCHI-24DEC29-T46",
            "count": 110,
            "created_time": "2024-12-29T06:41:39.743572Z",
            "yes_price": 98,
            "no_price": 2,
            "taker_side": "yes"
        },
        {
            "trade_id": "575bab78-8ed4-4610-ba61-7b869168a1b8",
            "ticker": "KXHIGHCHI-24DEC29-T46",
            "count": 412,
            "created_time": "2024-12-29T06:41:39.743572Z",
            "yes_price": 99,
            "no_price": 1,
            "taker_side": "yes"
        },
        {
            "trade_id": "4bbea44b-f8e6-4332-a415-3b3513cb8860",
            "ticker": "KXHIGHCHI-24DEC29-T46",
            "count": 80,
            "created_time": "2024-12-29T06:41:39.743572Z",
            "yes_price": 99,
            "no_price": 1,
            "taker_side": "yes"
        },
        {
            "trade_id": "47dd7631-cf17-43d0-8e1d-0a314523f114",
            "ticker": "KXHIGHCHI-24DEC29-T46",
            "count": 1,
            "created_time": "2024-12-29T06:41:39.743572Z",
            "yes_price": 96,
            "no_price": 4,
            "taker_side": "yes"
        },
        {
            "trade_id": "2a5cb028-8fd7-4ee7-a959-15f6d41402d7",
            "ticker": "KXHIGHCHI-24DEC29-T46",
            "count": 50,
            "created_time": "2024-12-29T06:41:39.743572Z",
            "yes_price": 97,
            "no_price": 3,
            "taker_side": "yes"
        },
        {
            "trade_id": "29d49fbf-dd1d-4878-b7cc-c9dd20bdea04",
            "ticker": "KXHIGHCHI-24DEC29-T46",
            "count": 25,
            "created_time": "2024-12-29T06:41:39.743572Z",
            "yes_price": 97,
            "no_price": 3,
            "taker_side": "yes"
        },
        {
            "trade_id": "1e07ea2b-ff0c-4bf5-8be7-6d0de807ea7f",
            "ticker": "KXHIGHCHI-24DEC29-T46",
            "count": 1000,
            "created_time": "2024-12-29T06:41:39.743572Z",
            "yes_price": 99,
            "no_price": 1,
            "taker_side": "yes"
        },
        {
            "trade_id": "0d5015aa-94dd-43f6-8df0-57b5186304ac",
            "ticker": "KXHIGHCHI-24DEC29-T46",
            "count": 37,
            "created_time": "2024-12-29T06:41:39.743572Z",
            "yes_price": 99,
            "no_price": 1,
            "taker_side": "yes"
        },
        {
            "trade_id": "9c7ed2b4-766f-4669-8fca-b45e588c7a84",
            "ticker": "KXHIGHCHI-24DEC29-T46",
            "count": 27,
            "created_time": "2024-12-29T06:40:58.216579Z",
            "yes_price": 94,
            "no_price": 6,
            "taker_side": "no"
        },
        {
            "trade_id": "1df5fca8-9603-4e0f-bda4-1eb2a343e9a2",
            "ticker": "KXHIGHCHI-24DEC29-T46",
            "count": 1,
            "created_time": "2024-12-29T06:34:09.416662Z",
            "yes_price": 93,
            "no_price": 7,
            "taker_side": "no"
        },
        {
            "trade_id": "cd7fda62-12d9-43ae-bdb3-0f25d1280ff3",
            "ticker": "KXHIGHCHI-24DEC29-T46",
            "count": 1,
            "created_time": "2024-12-29T06:34:08.015949Z",
            "yes_price": 93,
            "no_price": 7,
            "taker_side": "no"
        },
        {
            "trade_id": "ed5d3974-40f6-4148-82ec-bf16518f74e6",
            "ticker": "KXHIGHCHI-24DEC29-T46",
            "count": 1,
            "created_time": "2024-12-29T06:34:06.762795Z",
            "yes_price": 93,
            "no_price": 7,
            "taker_side": "no"
        },
        {
            "trade_id": "f6bb408a-af70-4511-b995-af3ea198b735",
            "ticker": "KXHIGHCHI-24DEC29-T46",
            "count": 1,
            "created_time": "2024-12-29T06:34:06.136051Z",
            "yes_price": 93,
            "no_price": 7,
            "taker_side": "no"
        },
        {
            "trade_id": "213de48f-d6c9-4a67-b8e5-91424dfd7a58",
            "ticker": "KXHIGHCHI-24DEC29-T46",
            "count": 1,
            "created_time": "2024-12-29T06:34:05.617235Z",
            "yes_price": 93,
            "no_price": 7,
            "taker_side": "no"
        },
        {
            "trade_id": "720541bf-fbac-4d93-813f-29cf55976d52",
            "ticker": "KXHIGHCHI-24DEC29-T46",
            "count": 1,
            "created_time": "2024-12-29T06:34:04.460542Z",
            "yes_price": 93,
            "no_price": 7,
            "taker_side": "no"
        },
        {
            "trade_id": "f4532ee6-c597-4245-8e25-3a8369c623bf",
            "ticker": "KXHIGHCHI-24DEC29-T46",
            "count": 1,
            "created_time": "2024-12-29T06:34:03.308354Z",
            "yes_price": 93,
            "no_price": 7,
            "taker_side": "no"
        },
        {
            "trade_id": "9c1c5cfa-634c-42e5-abfa-0d2f49773253",
            "ticker": "KXHIGHCHI-24DEC29-T46",
            "count": 1,
            "created_time": "2024-12-29T06:34:02.06607Z",
            "yes_price": 93,
            "no_price": 7,
            "taker_side": "no"
        },
        {
            "trade_id": "405a7e17-78e7-4cb1-8675-3007fdcb9d2a",
            "ticker": "KXHIGHCHI-24DEC29-T46",
            "count": 1,
            "created_time": "2024-12-29T06:34:00.908582Z",
            "yes_price": 93,
            "no_price": 7,
            "taker_side": "no"
        },
        {
            "trade_id": "a9d41f14-0cbd-43ce-8bd0-e2fae92e69c5",
            "ticker": "KXHIGHCHI-24DEC29-T46",
            "count": 25,
            "created_time": "2024-12-29T06:33:52.984589Z",
            "yes_price": 92,
            "no_price": 8,
            "taker_side": "no"
        },
        {
            "trade_id": "429bb8eb-6607-478c-b73d-cafd14855553",
            "ticker": "KXHIGHCHI-24DEC29-T46",
            "count": 50,
            "created_time": "2024-12-29T06:33:29.722741Z",
            "yes_price": 92,
            "no_price": 8,
            "taker_side": "no"
        },
        {
            "trade_id": "90f5b2a8-0e25-47c7-9c60-45cb64c36bbe",
            "ticker": "KXHIGHCHI-24DEC29-T46",
            "count": 1,
            "created_time": "2024-12-29T06:32:13.631617Z",
            "yes_price": 95,
            "no_price": 5,
            "taker_side": "no"
        },
        {
            "trade_id": "710849ff-4a68-4698-983e-6eb09abcef37",
            "ticker": "KXHIGHCHI-24DEC29-T46",
            "count": 30,
            "created_time": "2024-12-29T06:28:34.944224Z",
            "yes_price": 96,
            "no_price": 4,
            "taker_side": "yes"
        },
        {
            "trade_id": "9fdfee81-76a8-4bf0-bc84-52f938d9325d",
            "ticker": "KXHIGHCHI-24DEC29-T46",
            "count": 35,
            "created_time": "2024-12-29T06:28:20.647222Z",
            "yes_price": 96,
            "no_price": 4,
            "taker_side": "yes"
        },
        {
            "trade_id": "63847263-6df9-4536-8da5-0e82c6d1de2f",
            "ticker": "KXHIGHCHI-24DEC29-T46",
            "count": 25,
            "created_time": "2024-12-29T06:28:20.647222Z",
            "yes_price": 96,
            "no_price": 4,
            "taker_side": "yes"
        },
        {
            "trade_id": "df316747-ee93-4661-bab7-98bb5de77939",
            "ticker": "KXHIGHCHI-24DEC29-T46",
            "count": 1,
            "created_time": "2024-12-29T06:13:57.24505Z",
            "yes_price": 92,
            "no_price": 8,
            "taker_side": "no"
        },
        {
            "trade_id": "0281479e-7f31-4b86-bb8b-d23edf3600c5",
            "ticker": "KXHIGHCHI-24DEC29-T46",
            "count": 1,
            "created_time": "2024-12-29T06:12:32.597016Z",
            "yes_price": 93,
            "no_price": 7,
            "taker_side": "no"
        },
        {
            "trade_id": "c64fdd49-fb70-4e6d-bcf0-25c44ebd3a47",
            "ticker": "KXHIGHCHI-24DEC29-T46",
            "count": 84,
            "created_time": "2024-12-29T06:11:24.413341Z",
            "yes_price": 94,
            "no_price": 6,
            "taker_side": "no"
        },
        {
            "trade_id": "dfce0a29-ce10-4ac1-b092-234a76288e01",
            "ticker": "KXHIGHCHI-24DEC29-T46",
            "count": 300,
            "created_time": "2024-12-29T06:07:49.674285Z",
            "yes_price": 95,
            "no_price": 5,
            "taker_side": "no"
        },
        {
            "trade_id": "7a9e9019-1242-4abf-951d-f344a3f07c2c",
            "ticker": "KXHIGHCHI-24DEC29-T46",
            "count": 300,
            "created_time": "2024-12-29T06:07:40.098141Z",
            "yes_price": 95,
            "no_price": 5,
            "taker_side": "no"
        },
        {
            "trade_id": "86fa8f7c-44bd-46f3-a1b2-ca86e2016807",
            "ticker": "KXHIGHCHI-24DEC29-T46",
            "count": 95,
            "created_time": "2024-12-29T06:07:30.154441Z",
            "yes_price": 95,
            "no_price": 5,
            "taker_side": "no"
        },
        {
            "trade_id": "9ecdd744-b4fb-454b-85fe-80c5a0bcade5",
            "ticker": "KXHIGHCHI-24DEC29-T46",
            "count": 100,
            "created_time": "2024-12-29T06:07:19.155613Z",
            "yes_price": 96,
            "no_price": 4,
            "taker_side": "no"
        },
        {
            "trade_id": "37a2171a-15c4-4f7f-be30-55b94e0e5be3",
            "ticker": "KXHIGHCHI-24DEC29-T46",
            "count": 10,
            "created_time": "2024-12-29T06:07:18.715823Z",
            "yes_price": 96,
            "no_price": 4,
            "taker_side": "no"
        },
        {
            "trade_id": "c82ed27a-653c-4700-87c0-124680b6b3b6",
            "ticker": "KXHIGHCHI-24DEC29-T46",
            "count": 459,
            "created_time": "2024-12-29T06:05:19.19627Z",
            "yes_price": 96,
            "no_price": 4,
            "taker_side": "no"
        },
        {
            "trade_id": "9fabf554-5c89-4219-86e7-e0406aa792e6",
            "ticker": "KXHIGHCHI-24DEC29-T46",
            "count": 1,
            "created_time": "2024-12-29T06:02:11.124876Z",
            "yes_price": 97,
            "no_price": 3,
            "taker_side": "yes"
        },
        {
            "trade_id": "4aff633d-86a6-4e3f-8e44-66856781b96d",
            "ticker": "KXHIGHCHI-24DEC29-T46",
            "count": 455,
            "created_time": "2024-12-29T06:02:11.124876Z",
            "yes_price": 97,
            "no_price": 3,
            "taker_side": "yes"
        },
        {
            "trade_id": "04529ae0-6074-4423-8cee-94bd9efcf644",
            "ticker": "KXHIGHCHI-24DEC29-T46",
            "count": 10,
            "created_time": "2024-12-29T06:00:56.271785Z",
            "yes_price": 97,
            "no_price": 3,
            "taker_side": "yes"
        },
        {
            "trade_id": "67f1c482-4d7b-4838-b842-57c7d1ecccd0",
            "ticker": "KXHIGHCHI-24DEC29-T46",
            "count": 1000,
            "created_time": "2024-12-29T06:00:53.252559Z",
            "yes_price": 95,
            "no_price": 5,
            "taker_side": "no"
        },
        {
            "trade_id": "9a7c213a-5757-4fbd-aa01-6c11bec3c3e7",
            "ticker": "KXHIGHCHI-24DEC29-T46",
            "count": 200,
            "created_time": "2024-12-29T06:00:17.80481Z",
            "yes_price": 97,
            "no_price": 3,
            "taker_side": "yes"
        },
        {
            "trade_id": "b07611c8-0560-4aa7-871b-63f903a3d84c",
            "ticker": "KXHIGHCHI-24DEC29-T46",
            "count": 10,
            "created_time": "2024-12-29T05:58:47.162643Z",
            "yes_price": 97,
            "no_price": 3,
            "taker_side": "yes"
        },
        {
            "trade_id": "e62648f0-df6b-4d4d-85a5-687b1f729de2",
            "ticker": "KXHIGHCHI-24DEC29-T46",
            "count": 39,
            "created_time": "2024-12-29T05:56:26.449839Z",
            "yes_price": 97,
            "no_price": 3,
            "taker_side": "yes"
        },
        {
            "trade_id": "b41f59f5-de06-4c4c-91ce-572b9b8fab13",
            "ticker": "KXHIGHCHI-24DEC29-T46",
            "count": 1,
            "created_time": "2024-12-29T05:56:26.449839Z",
            "yes_price": 97,
            "no_price": 3,
            "taker_side": "yes"
        },
        {
            "trade_id": "d42a2a52-ccde-4ae9-8850-7e1274876b78",
            "ticker": "KXHIGHCHI-24DEC29-T46",
            "count": 27,
            "created_time": "2024-12-29T05:54:56.763974Z",
            "yes_price": 98,
            "no_price": 2,
            "taker_side": "yes"
        },
        {
            "trade_id": "287bf000-9d67-4899-a413-0816e2c65ed2",
            "ticker": "KXHIGHCHI-24DEC29-T46",
            "count": 42,
            "created_time": "2024-12-29T05:53:47.992665Z",
            "yes_price": 97,
            "no_price": 3,
            "taker_side": "yes"
        },
        {
            "trade_id": "1c043cdc-ef2a-4d83-851c-3e8190f2273b",
            "ticker": "KXHIGHCHI-24DEC29-T46",
            "count": 1,
            "created_time": "2024-12-29T05:53:05.11483Z",
            "yes_price": 96,
            "no_price": 4,
            "taker_side": "no"
        },
        {
            "trade_id": "94f016ab-5bf3-4271-9577-c92850a98957",
            "ticker": "KXHIGHCHI-24DEC29-T46",
            "count": 1,
            "created_time": "2024-12-29T05:53:03.774933Z",
            "yes_price": 96,
            "no_price": 4,
            "taker_side": "no"
        },
        {
            "trade_id": "07a0a04c-ca07-49c7-b4ba-66300949bb34",
            "ticker": "KXHIGHCHI-24DEC29-T46",
            "count": 1,
            "created_time": "2024-12-29T05:53:02.452368Z",
            "yes_price": 96,
            "no_price": 4,
            "taker_side": "no"
        },
        {
            "trade_id": "560a2d6b-de2b-4a71-a9e1-2ce683f62252",
            "ticker": "KXHIGHCHI-24DEC29-T46",
            "count": 1,
            "created_time": "2024-12-29T05:53:00.925948Z",
            "yes_price": 96,
            "no_price": 4,
            "taker_side": "no"
        },
        {
            "trade_id": "def7068e-0ffc-4135-a588-7b8613b32f7c",
            "ticker": "KXHIGHCHI-24DEC29-T46",
            "count": 1,
            "created_time": "2024-12-29T05:52:59.39049Z",
            "yes_price": 96,
            "no_price": 4,
            "taker_side": "no"
        },
        {
            "trade_id": "5fb744a1-e6df-4077-b069-b372e614c283",
            "ticker": "KXHIGHCHI-24DEC29-T46",
            "count": 1,
            "created_time": "2024-12-29T05:52:57.648619Z",
            "yes_price": 96,
            "no_price": 4,
            "taker_side": "no"
        },
        {
            "trade_id": "9b2e997c-ea68-46c6-8b30-cdf0a3774448",
            "ticker": "KXHIGHCHI-24DEC29-T46",
            "count": 1,
            "created_time": "2024-12-29T05:52:56.320533Z",
            "yes_price": 96,
            "no_price": 4,
            "taker_side": "no"
        },
        {
            "trade_id": "ae9e8417-f9f2-46bd-84a7-bb5dacb2f7a5",
            "ticker": "KXHIGHCHI-24DEC29-T46",
            "count": 1,
            "created_time": "2024-12-29T05:52:54.982539Z",
            "yes_price": 96,
            "no_price": 4,
            "taker_side": "no"
        },
        {
            "trade_id": "e2656bcf-337e-40c6-ab15-6ba85e6c25d1",
            "ticker": "KXHIGHCHI-24DEC29-T46",
            "count": 1,
            "created_time": "2024-12-29T05:52:53.48228Z",
            "yes_price": 96,
            "no_price": 4,
            "taker_side": "no"
        },
        {
            "trade_id": "f74b94b1-8e79-424e-87a4-d9c8e5d5c8a7",
            "ticker": "KXHIGHCHI-24DEC29-T46",
            "count": 1,
            "created_time": "2024-12-29T05:52:52.032814Z",
            "yes_price": 96,
            "no_price": 4,
            "taker_side": "no"
        },
        {
            "trade_id": "3581a25f-ce2c-4640-80ee-2da3369ff799",
            "ticker": "KXHIGHCHI-24DEC29-T46",
            "count": 1,
            "created_time": "2024-12-29T05:52:50.688821Z",
            "yes_price": 96,
            "no_price": 4,
            "taker_side": "no"
        },
        {
            "trade_id": "a2a0603a-399f-420d-b88c-0d7e234fb8b8",
            "ticker": "KXHIGHCHI-24DEC29-T46",
            "count": 1,
            "created_time": "2024-12-29T05:52:50.230375Z",
            "yes_price": 95,
            "no_price": 5,
            "taker_side": "yes"
        },
        {
            "trade_id": "13072cd2-230e-407e-b7e9-219cdd9b0c49",
            "ticker": "KXHIGHCHI-24DEC29-T46",
            "count": 11,
            "created_time": "2024-12-29T05:52:50.230375Z",
            "yes_price": 96,
            "no_price": 4,
            "taker_side": "yes"
        },
        {
            "trade_id": "6d35e38b-e766-4173-85de-b2c799e49ac4",
            "ticker": "KXHIGHCHI-24DEC29-T46",
            "count": 299,
            "created_time": "2024-12-29T05:52:37.367232Z",
            "yes_price": 93,
            "no_price": 7,
            "taker_side": "no"
        },
        {
            "trade_id": "9f67705e-5652-4b8d-960f-249e73d9cd6a",
            "ticker": "KXHIGHCHI-24DEC29-T46",
            "count": 447,
            "created_time": "2024-12-29T05:49:32.060137Z",
            "yes_price": 95,
            "no_price": 5,
            "taker_side": "yes"
        },
        {
            "trade_id": "1b646869-e988-4f36-91b1-2f3d7885b17b",
            "ticker": "KXHIGHCHI-24DEC29-T46",
            "count": 84,
            "created_time": "2024-12-29T05:47:44.368955Z",
            "yes_price": 95,
            "no_price": 5,
            "taker_side": "no"
        },
        {
            "trade_id": "a5ee313d-7229-4216-ba49-3d624b11b45c",
            "ticker": "KXHIGHCHI-24DEC29-T46",
            "count": 555,
            "created_time": "2024-12-29T05:47:26.573966Z",
            "yes_price": 95,
            "no_price": 5,
            "taker_side": "no"
        },
        {
            "trade_id": "597c0460-0af6-48a5-bb75-5740ad7326a4",
            "ticker": "KXHIGHCHI-24DEC29-T46",
            "count": 1,
            "created_time": "2024-12-29T05:47:20.684422Z",
            "yes_price": 98,
            "no_price": 2,
            "taker_side": "no"
        },
        {
            "trade_id": "03a22914-d829-4212-a8b9-09344278d4c7",
            "ticker": "KXHIGHCHI-24DEC29-T46",
            "count": 280,
            "created_time": "2024-12-29T05:47:20.684422Z",
            "yes_price": 95,
            "no_price": 5,
            "taker_side": "no"
        },
        {
            "trade_id": "b536f729-e590-4a0b-81b3-714ec08c7a81",
            "ticker": "KXHIGHCHI-24DEC29-T46",
            "count": 199,
            "created_time": "2024-12-29T05:47:20.294233Z",
            "yes_price": 98,
            "no_price": 2,
            "taker_side": "yes"
        },
        {
            "trade_id": "c49cf8e4-d1ce-4f79-aab9-73c0d41b0566",
            "ticker": "KXHIGHCHI-24DEC29-T46",
            "count": 1,
            "created_time": "2024-12-29T05:47:18.071593Z",
            "yes_price": 98,
            "no_price": 2,
            "taker_side": "yes"
        },
        {
            "trade_id": "fb3a7c1f-7f5e-4ee9-9069-8e2e68357bc7",
            "ticker": "KXHIGHCHI-24DEC29-T46",
            "count": 31,
            "created_time": "2024-12-29T05:47:15.81779Z",
            "yes_price": 95,
            "no_price": 5,
            "taker_side": "no"
        },
        {
            "trade_id": "b590f4eb-86d4-45e6-92d3-349230e092c4",
            "ticker": "KXHIGHCHI-24DEC29-T46",
            "count": 31,
            "created_time": "2024-12-29T05:47:15.81029Z",
            "yes_price": 95,
            "no_price": 5,
            "taker_side": "no"
        },
        {
            "trade_id": "b733c14d-c9db-4b35-9950-99498a5ff74f",
            "ticker": "KXHIGHCHI-24DEC29-T46",
            "count": 100,
            "created_time": "2024-12-29T05:47:10.85046Z",
            "yes_price": 98,
            "no_price": 2,
            "taker_side": "yes"
        },
        {
            "trade_id": "85a947fe-0771-43f3-a68b-9f925d225c3b",
            "ticker": "KXHIGHCHI-24DEC29-T46",
            "count": 10,
            "created_time": "2024-12-29T05:47:10.85046Z",
            "yes_price": 97,
            "no_price": 3,
            "taker_side": "yes"
        },
        {
            "trade_id": "72eb95db-82d3-434c-b988-1e05524c604b",
            "ticker": "KXHIGHCHI-24DEC29-T46",
            "count": 63,
            "created_time": "2024-12-29T05:47:10.85046Z",
            "yes_price": 96,
            "no_price": 4,
            "taker_side": "yes"
        },
        {
            "trade_id": "4a73799e-0f5f-4a12-ae63-1ba2b1f68dce",
            "ticker": "KXHIGHCHI-24DEC29-T46",
            "count": 50,
            "created_time": "2024-12-29T05:47:10.85046Z",
            "yes_price": 98,
            "no_price": 2,
            "taker_side": "yes"
        },
        {
            "trade_id": "473893db-0dc3-4084-baed-f1ade459c1fa",
            "ticker": "KXHIGHCHI-24DEC29-T46",
            "count": 10,
            "created_time": "2024-12-29T05:47:10.85046Z",
            "yes_price": 98,
            "no_price": 2,
            "taker_side": "yes"
        },
        {
            "trade_id": "423d7cb8-c525-4bef-8e25-94f0f9c13e40",
            "ticker": "KXHIGHCHI-24DEC29-T46",
            "count": 20,
            "created_time": "2024-12-29T05:47:10.85046Z",
            "yes_price": 97,
            "no_price": 3,
            "taker_side": "yes"
        },
        {
            "trade_id": "026bcf16-84dd-4570-8e5f-d07fb30c0e88",
            "ticker": "KXHIGHCHI-24DEC29-T46",
            "count": 100,
            "created_time": "2024-12-29T05:47:10.85046Z",
            "yes_price": 97,
            "no_price": 3,
            "taker_side": "yes"
        },
        {
            "trade_id": "79ba172b-69f7-4515-811c-5dd680b0c654",
            "ticker": "KXHIGHCHI-24DEC29-T46",
            "count": 19,
            "created_time": "2024-12-29T05:45:42.195505Z",
            "yes_price": 95,
            "no_price": 5,
            "taker_side": "no"
        },
        {
            "trade_id": "503bf708-cab6-4c6d-87df-76af2cb05df5",
            "ticker": "KXHIGHCHI-24DEC29-T46",
            "count": 15,
            "created_time": "2024-12-29T05:44:40.303049Z",
            "yes_price": 96,
            "no_price": 4,
            "taker_side": "yes"
        },
        {
            "trade_id": "f834ca73-b1f6-4dc0-8c96-b52b4f6d1b0b",
            "ticker": "KXHIGHCHI-24DEC29-T46",
            "count": 36,
            "created_time": "2024-12-29T05:44:07.47295Z",
            "yes_price": 96,
            "no_price": 4,
            "taker_side": "yes"
        },
        {
            "trade_id": "dba4cc22-20e7-4258-9fbe-4b7f34b6047e",
            "ticker": "KXHIGHCHI-24DEC29-T46",
            "count": 1,
            "created_time": "2024-12-29T05:44:07.47295Z",
            "yes_price": 95,
            "no_price": 5,
            "taker_side": "yes"
        },
        {
            "trade_id": "bc7cc482-6bcf-4dfd-9c53-617e263f567d",
            "ticker": "KXHIGHCHI-24DEC29-T46",
            "count": 1,
            "created_time": "2024-12-29T05:43:48.676482Z",
            "yes_price": 95,
            "no_price": 5,
            "taker_side": "yes"
        },
        {
            "trade_id": "d71d7b7c-4d0a-4a01-b336-299bc24b7382",
            "ticker": "KXHIGHCHI-24DEC29-T46",
            "count": 10,
            "created_time": "2024-12-29T05:43:29.842308Z",
            "yes_price": 96,
            "no_price": 4,
            "taker_side": "yes"
        },
        {
            "trade_id": "a49b6f17-79f7-4274-b021-921dadec5110",
            "ticker": "KXHIGHCHI-24DEC29-T46",
            "count": 1,
            "created_time": "2024-12-29T05:43:29.842308Z",
            "yes_price": 96,
            "no_price": 4,
            "taker_side": "yes"
        },
        {
            "trade_id": "f85c932e-268c-411a-a402-b36f7b830b66",
            "ticker": "KXHIGHCHI-24DEC29-T46",
            "count": 39,
            "created_time": "2024-12-29T05:42:50.774961Z",
            "yes_price": 95,
            "no_price": 5,
            "taker_side": "yes"
        },
        {
            "trade_id": "d8510bba-d236-48da-ad68-75d939d1a444",
            "ticker": "KXHIGHCHI-24DEC29-T46",
            "count": 10,
            "created_time": "2024-12-29T05:42:50.774961Z",
            "yes_price": 95,
            "no_price": 5,
            "taker_side": "yes"
        },
        {
            "trade_id": "b9c72654-a953-4828-bbc1-103d682ddd08",
            "ticker": "KXHIGHCHI-24DEC29-T46",
            "count": 15,
            "created_time": "2024-12-29T05:42:50.774961Z",
            "yes_price": 95,
            "no_price": 5,
            "taker_side": "yes"
        },
        {
            "trade_id": "cdbcf787-554a-4ce4-a89c-80e42f0b24b2",
            "ticker": "KXHIGHCHI-24DEC29-T46",
            "count": 10,
            "created_time": "2024-12-29T05:42:46.660116Z",
            "yes_price": 94,
            "no_price": 6,
            "taker_side": "yes"
        },
        {
            "trade_id": "b9fdf841-351d-45c3-bad9-6683c188776c",
            "ticker": "KXHIGHCHI-24DEC29-T46",
            "count": 10,
            "created_time": "2024-12-29T05:42:26.281558Z",
            "yes_price": 93,
            "no_price": 7,
            "taker_side": "yes"
        },
        {
            "trade_id": "35d7cf93-0aeb-4532-9567-2c747addfca0",
            "ticker": "KXHIGHCHI-24DEC29-T46",
            "count": 100,
            "created_time": "2024-12-29T05:42:26.281558Z",
            "yes_price": 93,
            "no_price": 7,
            "taker_side": "yes"
        },
        {
            "trade_id": "4806d425-3a31-4fd1-b5f3-cc84dfb90b9d",
            "ticker": "KXHIGHCHI-24DEC29-T46",
            "count": 1,
            "created_time": "2024-12-29T05:42:06.338289Z",
            "yes_price": 91,
            "no_price": 9,
            "taker_side": "yes"
        },
        {
            "trade_id": "3c5d1828-1f27-44e6-847c-25abd26ab305",
            "ticker": "KXHIGHCHI-24DEC29-T46",
            "count": 10,
            "created_time": "2024-12-29T05:42:06.338289Z",
            "yes_price": 92,
            "no_price": 8,
            "taker_side": "yes"
        },
        {
            "trade_id": "94b1093f-e235-4c6f-94f7-fa7e394a5691",
            "ticker": "KXHIGHCHI-24DEC29-T46",
            "count": 26,
            "created_time": "2024-12-29T05:40:56.345235Z",
            "yes_price": 85,
            "no_price": 15,
            "taker_side": "yes"
        },
        {
            "trade_id": "62b20654-572c-42fa-b113-03c4c2d73f14",
            "ticker": "KXHIGHCHI-24DEC29-T46",
            "count": 10,
            "created_time": "2024-12-29T05:39:13.616981Z",
            "yes_price": 91,
            "no_price": 9,
            "taker_side": "yes"
        },
        {
            "trade_id": "f1e260c3-a39a-46a4-8bd8-55806e697a46",
            "ticker": "KXHIGHCHI-24DEC29-T46",
            "count": 10,
            "created_time": "2024-12-29T05:38:34.865939Z",
            "yes_price": 90,
            "no_price": 10,
            "taker_side": "yes"
        },
        {
            "trade_id": "382f0b91-ec0e-4306-a748-1c807a030629",
            "ticker": "KXHIGHCHI-24DEC29-T46",
            "count": 32,
            "created_time": "2024-12-29T05:38:10.614399Z",
            "yes_price": 89,
            "no_price": 11,
            "taker_side": "yes"
        },
        {
            "trade_id": "a84d39ce-6b50-4af8-ac46-c0506b5e1d11",
            "ticker": "KXHIGHCHI-24DEC29-T46",
            "count": 45,
            "created_time": "2024-12-29T05:37:48.075157Z",
            "yes_price": 88,
            "no_price": 12,
            "taker_side": "yes"
        },
        {
            "trade_id": "6927ef1a-58d6-4af0-a7ef-3a3b7a935d59",
            "ticker": "KXHIGHCHI-24DEC29-T46",
            "count": 1,
            "created_time": "2024-12-29T05:37:48.075157Z",
            "yes_price": 87,
            "no_price": 13,
            "taker_side": "yes"
        },
        {
            "trade_id": "53df1b6a-214c-4d50-81f8-94a10c97c34c",
            "ticker": "KXHIGHCHI-24DEC29-T46",
            "count": 1,
            "created_time": "2024-12-29T05:37:29.521768Z",
            "yes_price": 78,
            "no_price": 22,
            "taker_side": "no"
        },
        {
            "trade_id": "a7103154-cd24-4aff-824f-4da63e1e76f7",
            "ticker": "KXHIGHCHI-24DEC29-T46",
            "count": 28,
            "created_time": "2024-12-29T05:35:39.535326Z",
            "yes_price": 83,
            "no_price": 17,
            "taker_side": "yes"
        },
        {
            "trade_id": "4ff257b3-e363-4df9-a9a1-fd0c18c29035",
            "ticker": "KXHIGHCHI-24DEC29-T46",
            "count": 39,
            "created_time": "2024-12-29T05:34:59.464272Z",
            "yes_price": 86,
            "no_price": 14,
            "taker_side": "yes"
        },
        {
            "trade_id": "ed71bd46-f4f9-4b5d-81f8-4270aadb40f6",
            "ticker": "KXHIGHCHI-24DEC29-T46",
            "count": 1,
            "created_time": "2024-12-29T05:34:57.679921Z",
            "yes_price": 86,
            "no_price": 14,
            "taker_side": "yes"
        },
        {
            "trade_id": "e272f356-d3ba-40ca-b10d-895dc87f2811",
            "ticker": "KXHIGHCHI-24DEC29-T46",
            "count": 10,
            "created_time": "2024-12-29T05:34:19.828928Z",
            "yes_price": 86,
            "no_price": 14,
            "taker_side": "yes"
        },
        {
