{
    "KXHIGHCHI-24DEC08-T45": [
        {
            "trade_id": "e64782ab-7034-42ad-812f-ab82a1e88f1f",
            "ticker": "KXHIGHCHI-24DEC08-T45",
            "count": 20,
            "created_time": "2024-12-08T07:23:31.82686Z",
            "yes_price": 1,
            "no_price": 99,
            "taker_side": "yes"
        },
        {
            "trade_id": "a097709f-604d-4d9f-9ad0-7471924c6a82",
            "ticker": "KXHIGHCHI-24DEC08-T45",
            "count": 500,
            "created_time": "2024-12-08T06:16:46.430553Z",
            "yes_price": 1,
            "no_price": 99,
            "taker_side": "yes"
        },
        {
            "trade_id": "641d6ca9-fda8-49b3-a841-c278b8f98f99",
            "ticker": "KXHIGHCHI-24DEC08-T45",
            "count": 1140,
            "created_time": "2024-12-08T02:44:56.503948Z",
            "yes_price": 1,
            "no_price": 99,
            "taker_side": "yes"
        },
        {
            "trade_id": "d20f9df9-fc8c-494b-8695-01e8a96f70e8",
            "ticker": "KXHIGHCHI-24DEC08-T45",
            "count": 50,
            "created_time": "2024-12-07T21:13:52.373211Z",
            "yes_price": 1,
            "no_price": 99,
            "taker_side": "no"
        },
        {
            "trade_id": "0f9760bb-a102-48fa-8cad-71c8e6c23d9c",
            "ticker": "KXHIGHCHI-24DEC08-T45",
            "count": 2860,
            "created_time": "2024-12-07T17:46:28.68102Z",
            "yes_price": 2,
            "no_price": 98,
            "taker_side": "no"
        },
        {
            "trade_id": "9c83beb4-383d-420b-b112-b9d7bede0b58",
            "ticker": "KXHIGHCHI-24DEC08-T45",
            "count": 300,
            "created_time": "2024-12-07T15:26:26.489214Z",
            "yes_price": 2,
            "no_price": 98,
            "taker_side": "no"
        },
        {
            "trade_id": "3ddc54da-5b51-45d4-822f-65c3c4b9a3c8",
            "ticker": "KXHIGHCHI-24DEC08-T45",
            "count": 200,
            "created_time": "2024-12-07T15:26:10.591554Z",
            "yes_price": 2,
            "no_price": 98,
            "taker_side": "no"
        },
        {
            "trade_id": "1a9c87bf-43d2-4198-a59e-cbf86f57cb29",
            "ticker": "KXHIGHCHI-24DEC08-T45",
            "count": 100,
            "created_time": "2024-12-07T15:25:58.294195Z",
            "yes_price": 2,
            "no_price": 98,
            "taker_side": "no"
        },
        {
            "trade_id": "5d8d1383-5fa1-4f8c-8f03-d2d92b49b7ce",
            "ticker": "KXHIGHCHI-24DEC08-T45",
            "count": 20,
            "created_time": "2024-12-07T15:25:46.559745Z",
            "yes_price": 2,
            "no_price": 98,
            "taker_side": "no"
        },
        {
            "trade_id": "83dddac9-9a6b-451c-b714-2facb968be97",
            "ticker": "KXHIGHCHI-24DEC08-T45",
            "count": 10,
            "created_time": "2024-12-07T15:25:10.859524Z",
            "yes_price": 2,
            "no_price": 98,
            "taker_side": "no"
        },
        {
            "trade_id": "0fb302a0-e90e-47bb-a967-7eca8a3ba7f3",
            "ticker": "KXHIGHCHI-24DEC08-T45",
            "count": 510,
            "created_time": "2024-12-07T15:09:52.082416Z",
            "yes_price": 2,
            "no_price": 98,
            "taker_side": "no"
        }
    ],
    "KXHIGHCHI-24DEC08-B45.5": [
        {
            "trade_id": "701f0ea6-89f4-4c04-b62e-d98f16726662",
            "ticker": "KXHIGHCHI-24DEC08-B45.5",
            "count": 237,
            "created_time": "2024-12-09T01:36:08.4374Z",
            "yes_price": 1,
            "no_price": 99,
            "taker_side": "yes"
        },
        {
            "trade_id": "4fcdcfa7-534d-46de-8046-5da97f4fbdcf",
            "ticker": "KXHIGHCHI-24DEC08-B45.5",
            "count": 230,
            "created_time": "2024-12-09T01:36:08.4374Z",
            "yes_price": 1,
            "no_price": 99,
            "taker_side": "yes"
        },
        {
            "trade_id": "ced2aa68-6ade-48eb-a132-46a89bcc4073",
            "ticker": "KXHIGHCHI-24DEC08-B45.5",
            "count": 299,
            "created_time": "2024-12-08T07:58:52.988301Z",
            "yes_price": 1,
            "no_price": 99,
            "taker_side": "no"
        },
        {
            "trade_id": "0c6cbf9a-87f7-4581-8e37-b69ab073b7eb",
            "ticker": "KXHIGHCHI-24DEC08-B45.5",
            "count": 1,
            "created_time": "2024-12-08T07:56:58.735616Z",
            "yes_price": 1,
            "no_price": 99,
            "taker_side": "no"
        },
        {
            "trade_id": "ab052b34-9d9c-46a4-bb09-92afdc6d6a75",
            "ticker": "KXHIGHCHI-24DEC08-B45.5",
            "count": 17,
            "created_time": "2024-12-08T06:55:35.786858Z",
            "yes_price": 1,
            "no_price": 99,
            "taker_side": "no"
        },
        {
            "trade_id": "5961774c-c5f2-441e-99b4-371f502be039",
            "ticker": "KXHIGHCHI-24DEC08-B45.5",
            "count": 17,
            "created_time": "2024-12-08T06:55:35.743541Z",
            "yes_price": 1,
            "no_price": 99,
            "taker_side": "no"
        },
        {
            "trade_id": "86d9414f-371e-4327-b751-9a1c759e9cc5",
            "ticker": "KXHIGHCHI-24DEC08-B45.5",
            "count": 234,
            "created_time": "2024-12-08T06:48:09.604631Z",
            "yes_price": 2,
            "no_price": 98,
            "taker_side": "no"
        },
        {
            "trade_id": "02870a13-8ef2-4d49-8eb7-d932da3d2799",
            "ticker": "KXHIGHCHI-24DEC08-B45.5",
            "count": 66,
            "created_time": "2024-12-08T06:41:57.837192Z",
            "yes_price": 2,
            "no_price": 98,
            "taker_side": "yes"
        },
        {
            "trade_id": "48316774-c210-4e2e-adf3-7e0e5d2af475",
            "ticker": "KXHIGHCHI-24DEC08-B45.5",
            "count": 17,
            "created_time": "2024-12-08T06:34:30.527618Z",
            "yes_price": 2,
            "no_price": 98,
            "taker_side": "no"
        },
        {
            "trade_id": "ab72d1f0-c830-4cc4-af71-b02823e6db20",
            "ticker": "KXHIGHCHI-24DEC08-B45.5",
            "count": 83,
            "created_time": "2024-12-08T06:34:30.420255Z",
            "yes_price": 2,
            "no_price": 98,
            "taker_side": "no"
        },
        {
            "trade_id": "d5a2255b-6384-4346-baca-b5de436c3845",
            "ticker": "KXHIGHCHI-24DEC08-B45.5",
            "count": 31,
            "created_time": "2024-12-08T06:31:23.398756Z",
            "yes_price": 1,
            "no_price": 99,
            "taker_side": "no"
        },
        {
            "trade_id": "6eeb663b-5224-4f3d-a708-5495c67e8938",
            "ticker": "KXHIGHCHI-24DEC08-B45.5",
            "count": 31,
            "created_time": "2024-12-08T06:31:23.295987Z",
            "yes_price": 1,
            "no_price": 99,
            "taker_side": "no"
        },
        {
            "trade_id": "b70a8e17-f9f5-4196-b564-fd475e441749",
            "ticker": "KXHIGHCHI-24DEC08-B45.5",
            "count": 100,
            "created_time": "2024-12-08T06:16:36.486481Z",
            "yes_price": 2,
            "no_price": 98,
            "taker_side": "no"
        },
        {
            "trade_id": "9649f234-db99-407f-b94f-f4f76595cfd0",
            "ticker": "KXHIGHCHI-24DEC08-B45.5",
            "count": 100,
            "created_time": "2024-12-08T06:16:36.414903Z",
            "yes_price": 2,
            "no_price": 98,
            "taker_side": "no"
        },
        {
            "trade_id": "28f5d6fc-6979-4000-bcbd-88fcc889e32e",
            "ticker": "KXHIGHCHI-24DEC08-B45.5",
            "count": 100,
            "created_time": "2024-12-08T06:16:36.350875Z",
            "yes_price": 2,
            "no_price": 98,
            "taker_side": "yes"
        },
        {
            "trade_id": "11abf0fd-491b-48d8-a0a1-5528452bc653",
            "ticker": "KXHIGHCHI-24DEC08-B45.5",
            "count": 99,
            "created_time": "2024-12-08T06:16:36.350875Z",
            "yes_price": 2,
            "no_price": 98,
            "taker_side": "yes"
        },
        {
            "trade_id": "9d34c2be-68b7-4158-9b33-5e9b22241867",
            "ticker": "KXHIGHCHI-24DEC08-B45.5",
            "count": 1,
            "created_time": "2024-12-07T22:09:30.471946Z",
            "yes_price": 1,
            "no_price": 99,
            "taker_side": "no"
        },
        {
            "trade_id": "236b9472-4cc3-429f-b4c6-51643104781b",
            "ticker": "KXHIGHCHI-24DEC08-B45.5",
            "count": 50,
            "created_time": "2024-12-07T22:09:30.471946Z",
            "yes_price": 1,
            "no_price": 99,
            "taker_side": "no"
        },
        {
            "trade_id": "6823e23b-f315-4d0d-a97b-ac271f4833c2",
            "ticker": "KXHIGHCHI-24DEC08-B45.5",
            "count": 49,
            "created_time": "2024-12-07T18:39:07.23867Z",
            "yes_price": 6,
            "no_price": 94,
            "taker_side": "yes"
        },
        {
            "trade_id": "6c958509-20d1-4d11-8402-36911f4c5976",
            "ticker": "KXHIGHCHI-24DEC08-B45.5",
            "count": 101,
            "created_time": "2024-12-07T18:39:07.215085Z",
            "yes_price": 5,
            "no_price": 95,
            "taker_side": "yes"
        }
    ],
    "KXHIGHCHI-24DEC08-B47.5": [
        {
            "trade_id": "972e3385-82b3-4099-a31b-b8e1b8002529",
            "ticker": "KXHIGHCHI-24DEC08-B47.5",
            "count": 93,
            "created_time": "2024-12-09T01:12:11.983235Z",
            "yes_price": 1,
            "no_price": 99,
            "taker_side": "yes"
        },
        {
            "trade_id": "9cb24ec3-bbf3-4a72-a4b4-98fb8510e03f",
            "ticker": "KXHIGHCHI-24DEC08-B47.5",
            "count": 50,
            "created_time": "2024-12-08T16:55:19.045418Z",
            "yes_price": 1,
            "no_price": 99,
            "taker_side": "yes"
        },
        {
            "trade_id": "6ab371c9-de60-4bc0-83b2-dc31492306ad",
            "ticker": "KXHIGHCHI-24DEC08-B47.5",
            "count": 43,
            "created_time": "2024-12-08T16:55:19.045418Z",
            "yes_price": 1,
            "no_price": 99,
            "taker_side": "yes"
        },
        {
            "trade_id": "a83dcfd7-36ef-4677-a0d6-62e24448cc80",
            "ticker": "KXHIGHCHI-24DEC08-B47.5",
            "count": 20,
            "created_time": "2024-12-08T15:03:05.603214Z",
            "yes_price": 4,
            "no_price": 96,
            "taker_side": "yes"
        },
        {
            "trade_id": "869f77c8-204a-47cc-85a5-6dae89628d04",
            "ticker": "KXHIGHCHI-24DEC08-B47.5",
            "count": 30,
            "created_time": "2024-12-08T15:03:05.603214Z",
            "yes_price": 3,
            "no_price": 97,
            "taker_side": "yes"
        },
        {
            "trade_id": "8319f1f7-5a1d-4193-9f53-6af1591028bc",
            "ticker": "KXHIGHCHI-24DEC08-B47.5",
            "count": 100,
            "created_time": "2024-12-08T15:03:05.603214Z",
            "yes_price": 2,
            "no_price": 98,
            "taker_side": "yes"
        },
        {
            "trade_id": "78cb8889-9798-431e-9505-c871e847a658",
            "ticker": "KXHIGHCHI-24DEC08-B47.5",
            "count": 77,
            "created_time": "2024-12-08T15:03:05.603214Z",
            "yes_price": 4,
            "no_price": 96,
            "taker_side": "yes"
        },
        {
            "trade_id": "47b43a58-49fa-4373-a7c7-0c6e7eb1a022",
            "ticker": "KXHIGHCHI-24DEC08-B47.5",
            "count": 51,
            "created_time": "2024-12-08T15:03:05.603214Z",
            "yes_price": 5,
            "no_price": 95,
            "taker_side": "yes"
        },
        {
            "trade_id": "cda8a3cb-5d6e-45f2-a3e2-749b1131a2d5",
            "ticker": "KXHIGHCHI-24DEC08-B47.5",
            "count": 25,
            "created_time": "2024-12-08T13:52:15.083891Z",
            "yes_price": 3,
            "no_price": 97,
            "taker_side": "yes"
        },
        {
            "trade_id": "84b179cb-08ee-4d20-b84e-d547aa8b3ca3",
            "ticker": "KXHIGHCHI-24DEC08-B47.5",
            "count": 230,
            "created_time": "2024-12-08T13:52:15.083891Z",
            "yes_price": 1,
            "no_price": 99,
            "taker_side": "yes"
        },
        {
            "trade_id": "7f77c281-3d59-4724-96a3-3c0cbb08a94e",
            "ticker": "KXHIGHCHI-24DEC08-B47.5",
            "count": 17,
            "created_time": "2024-12-08T13:52:15.083891Z",
            "yes_price": 4,
            "no_price": 96,
            "taker_side": "yes"
        },
        {
            "trade_id": "7479e76c-621e-42e6-9a5f-fc6ffad0a5ce",
            "ticker": "KXHIGHCHI-24DEC08-B47.5",
            "count": 23,
            "created_time": "2024-12-08T13:52:15.083891Z",
            "yes_price": 4,
            "no_price": 96,
            "taker_side": "yes"
        },
        {
            "trade_id": "98449b63-366e-4185-92a3-a7bbeee1c60b",
            "ticker": "KXHIGHCHI-24DEC08-B47.5",
            "count": 97,
            "created_time": "2024-12-08T13:00:15.261257Z",
            "yes_price": 1,
            "no_price": 99,
            "taker_side": "no"
        },
        {
            "trade_id": "c6ff742c-94ed-415c-82c7-b150bd07bf5d",
            "ticker": "KXHIGHCHI-24DEC08-B47.5",
            "count": 3,
            "created_time": "2024-12-08T13:00:07.696657Z",
            "yes_price": 1,
            "no_price": 99,
            "taker_side": "no"
        },
        {
            "trade_id": "a8894bf3-29b4-48c0-947f-e1c105f6352f",
            "ticker": "KXHIGHCHI-24DEC08-B47.5",
            "count": 33,
            "created_time": "2024-12-08T13:00:07.696657Z",
            "yes_price": 1,
            "no_price": 99,
            "taker_side": "no"
        },
        {
            "trade_id": "f38355ee-3e98-4aee-a7d5-db1256799c24",
            "ticker": "KXHIGHCHI-24DEC08-B47.5",
            "count": 30,
            "created_time": "2024-12-08T13:00:07.535888Z",
            "yes_price": 1,
            "no_price": 99,
            "taker_side": "no"
        },
        {
            "trade_id": "cb843ef3-a5c1-4b52-86bb-e5fc59824c9d",
            "ticker": "KXHIGHCHI-24DEC08-B47.5",
            "count": 58,
            "created_time": "2024-12-08T13:00:07.535888Z",
            "yes_price": 1,
            "no_price": 99,
            "taker_side": "no"
        },
        {
            "trade_id": "2583fc5e-84da-4f9d-854d-8184e3c9dd2a",
            "ticker": "KXHIGHCHI-24DEC08-B47.5",
            "count": 14,
            "created_time": "2024-12-08T13:00:07.535888Z",
            "yes_price": 1,
            "no_price": 99,
            "taker_side": "no"
        },
        {
            "trade_id": "c960a7f6-9323-431a-875e-1b34427ffa13",
            "ticker": "KXHIGHCHI-24DEC08-B47.5",
            "count": 1,
            "created_time": "2024-12-08T07:56:58.750912Z",
            "yes_price": 3,
            "no_price": 97,
            "taker_side": "no"
        },
        {
            "trade_id": "5cd79aa8-92d2-4007-9023-79b2e0789ff5",
            "ticker": "KXHIGHCHI-24DEC08-B47.5",
            "count": 17,
            "created_time": "2024-12-08T07:20:27.29405Z",
            "yes_price": 3,
            "no_price": 97,
            "taker_side": "yes"
        },
        {
            "trade_id": "5834e6e2-3a6a-496e-b91d-5ece6b3c8b81",
            "ticker": "KXHIGHCHI-24DEC08-B47.5",
            "count": 100,
            "created_time": "2024-12-08T07:10:23.361091Z",
            "yes_price": 2,
            "no_price": 98,
            "taker_side": "no"
        },
        {
            "trade_id": "5871e31f-7d22-4281-a382-12f7ac4b7056",
            "ticker": "KXHIGHCHI-24DEC08-B47.5",
            "count": 17,
            "created_time": "2024-12-08T06:55:35.703351Z",
            "yes_price": 4,
            "no_price": 96,
            "taker_side": "no"
        },
        {
            "trade_id": "f5779ed0-3735-48f6-9de7-ba77a4a2d083",
            "ticker": "KXHIGHCHI-24DEC08-B47.5",
            "count": 83,
            "created_time": "2024-12-08T06:40:47.631456Z",
            "yes_price": 4,
            "no_price": 96,
            "taker_side": "yes"
        },
        {
            "trade_id": "8d4e20d2-ed0e-47be-be9d-81f42e267fa0",
            "ticker": "KXHIGHCHI-24DEC08-B47.5",
            "count": 83,
            "created_time": "2024-12-08T06:34:30.419728Z",
            "yes_price": 4,
            "no_price": 96,
            "taker_side": "no"
        },
        {
            "trade_id": "aca0d604-bcd4-425c-832b-a311c5493bfc",
            "ticker": "KXHIGHCHI-24DEC08-B47.5",
            "count": 5,
            "created_time": "2024-12-08T06:33:00.404974Z",
            "yes_price": 4,
            "no_price": 96,
            "taker_side": "no"
        },
        {
            "trade_id": "5edad640-b427-478a-abeb-10aaf3896738",
            "ticker": "KXHIGHCHI-24DEC08-B47.5",
            "count": 31,
            "created_time": "2024-12-08T06:31:23.347168Z",
            "yes_price": 4,
            "no_price": 96,
            "taker_side": "no"
        },
        {
            "trade_id": "29773e2f-f2c9-4017-b514-282b818c5205",
            "ticker": "KXHIGHCHI-24DEC08-B47.5",
            "count": 31,
            "created_time": "2024-12-08T06:31:23.294527Z",
            "yes_price": 4,
            "no_price": 96,
            "taker_side": "no"
        },
        {
            "trade_id": "2935052a-1dd3-4128-b4bf-8c5ede783faa",
            "ticker": "KXHIGHCHI-24DEC08-B47.5",
            "count": 100,
            "created_time": "2024-12-08T06:19:28.162576Z",
            "yes_price": 2,
            "no_price": 98,
            "taker_side": "yes"
        },
        {
            "trade_id": "0b458d8a-3e1c-4d14-b616-361d0d23f39c",
            "ticker": "KXHIGHCHI-24DEC08-B47.5",
            "count": 100,
            "created_time": "2024-12-08T06:19:28.162576Z",
            "yes_price": 2,
            "no_price": 98,
            "taker_side": "yes"
        },
        {
            "trade_id": "99b20a3d-c803-4d5b-8f06-2d498103893a",
            "ticker": "KXHIGHCHI-24DEC08-B47.5",
            "count": 100,
            "created_time": "2024-12-08T06:16:36.494028Z",
            "yes_price": 1,
            "no_price": 99,
            "taker_side": "no"
        },
        {
            "trade_id": "2fe2f32a-8363-4f8c-b331-b513f0cd4291",
            "ticker": "KXHIGHCHI-24DEC08-B47.5",
            "count": 23,
            "created_time": "2024-12-08T06:15:04.268367Z",
            "yes_price": 1,
            "no_price": 99,
            "taker_side": "no"
        },
        {
            "trade_id": "8aa99729-f260-48fd-ae26-e944754e77e1",
            "ticker": "KXHIGHCHI-24DEC08-B47.5",
            "count": 71,
            "created_time": "2024-12-08T06:09:32.434934Z",
            "yes_price": 1,
            "no_price": 99,
            "taker_side": "no"
        },
        {
            "trade_id": "f7e49aaa-113a-4520-a9d3-3a2fcb52b72d",
            "ticker": "KXHIGHCHI-24DEC08-B47.5",
            "count": 52,
            "created_time": "2024-12-08T05:21:41.45678Z",
            "yes_price": 6,
            "no_price": 94,
            "taker_side": "yes"
        },
        {
            "trade_id": "2bad3331-b1c4-4735-9322-7c7e6d788a09",
            "ticker": "KXHIGHCHI-24DEC08-B47.5",
            "count": 26,
            "created_time": "2024-12-08T05:21:41.45678Z",
            "yes_price": 6,
            "no_price": 94,
            "taker_side": "yes"
        },
        {
            "trade_id": "59908f64-3da6-4653-8ec4-50b84279fbe5",
            "ticker": "KXHIGHCHI-24DEC08-B47.5",
            "count": 1,
            "created_time": "2024-12-08T05:18:22.564221Z",
            "yes_price": 6,
            "no_price": 94,
            "taker_side": "yes"
        },
        {
            "trade_id": "5060ee25-a727-4140-9a05-ff36acb1b7e9",
            "ticker": "KXHIGHCHI-24DEC08-B47.5",
            "count": 52,
            "created_time": "2024-12-08T05:17:33.665816Z",
            "yes_price": 1,
            "no_price": 99,
            "taker_side": "no"
        },
        {
            "trade_id": "6f99d1aa-148e-4176-bfe3-ed335382a16a",
            "ticker": "KXHIGHCHI-24DEC08-B47.5",
            "count": 10,
            "created_time": "2024-12-08T05:17:01.60993Z",
            "yes_price": 2,
            "no_price": 98,
            "taker_side": "yes"
        },
        {
            "trade_id": "509c085f-3ddd-4774-b164-0c7b90475766",
            "ticker": "KXHIGHCHI-24DEC08-B47.5",
            "count": 1,
            "created_time": "2024-12-08T05:17:01.60993Z",
            "yes_price": 5,
            "no_price": 95,
            "taker_side": "yes"
        },
        {
            "trade_id": "1b43b356-587d-4c2a-8b61-3875aedee7eb",
            "ticker": "KXHIGHCHI-24DEC08-B47.5",
            "count": 73,
            "created_time": "2024-12-08T05:17:01.60993Z",
            "yes_price": 6,
            "no_price": 94,
            "taker_side": "yes"
        },
        {
            "trade_id": "38e98c3e-91cc-451f-a340-589e99e5e291",
            "ticker": "KXHIGHCHI-24DEC08-B47.5",
            "count": 36,
            "created_time": "2024-12-08T05:16:32.1994Z",
            "yes_price": 1,
            "no_price": 99,
            "taker_side": "no"
        },
        {
            "trade_id": "be8d3aed-6de5-47ef-88b1-016c83b43bf2",
            "ticker": "KXHIGHCHI-24DEC08-B47.5",
            "count": 20,
            "created_time": "2024-12-08T05:04:09.915185Z",
            "yes_price": 1,
            "no_price": 99,
            "taker_side": "no"
        },
        {
            "trade_id": "c5a58400-7c29-4216-9ef9-69e2f48ab690",
            "ticker": "KXHIGHCHI-24DEC08-B47.5",
            "count": 1,
            "created_time": "2024-12-08T05:02:35.630313Z",
            "yes_price": 2,
            "no_price": 98,
            "taker_side": "yes"
        },
        {
            "trade_id": "ca020f7c-e6e1-4356-a258-864543391d64",
            "ticker": "KXHIGHCHI-24DEC08-B47.5",
            "count": 18,
            "created_time": "2024-12-08T04:56:59.102061Z",
            "yes_price": 1,
            "no_price": 99,
            "taker_side": "no"
        },
        {
            "trade_id": "e63163cf-a848-4d4d-933d-a38a101f2710",
            "ticker": "KXHIGHCHI-24DEC08-B47.5",
            "count": 13,
            "created_time": "2024-12-08T04:56:59.07833Z",
            "yes_price": 1,
            "no_price": 99,
            "taker_side": "no"
        },
        {
            "trade_id": "71b889b4-c8e9-4bc8-84a9-032400f1fa00",
            "ticker": "KXHIGHCHI-24DEC08-B47.5",
            "count": 20,
            "created_time": "2024-12-08T04:53:01.714958Z",
            "yes_price": 1,
            "no_price": 99,
            "taker_side": "no"
        },
        {
            "trade_id": "941ed06b-48de-45d5-87fd-07802f532cde",
            "ticker": "KXHIGHCHI-24DEC08-B47.5",
            "count": 18,
            "created_time": "2024-12-08T04:51:58.704379Z",
            "yes_price": 1,
            "no_price": 99,
            "taker_side": "no"
        },
        {
            "trade_id": "9607d5fd-5d7f-4316-aecb-8fab90d3cc9a",
            "ticker": "KXHIGHCHI-24DEC08-B47.5",
            "count": 18,
            "created_time": "2024-12-08T04:51:58.678501Z",
            "yes_price": 1,
            "no_price": 99,
            "taker_side": "no"
        },
        {
            "trade_id": "2f68b985-e3ba-41ee-bf55-8d4c73365f51",
            "ticker": "KXHIGHCHI-24DEC08-B47.5",
            "count": 180,
            "created_time": "2024-12-08T04:49:48.286326Z",
            "yes_price": 1,
            "no_price": 99,
            "taker_side": "no"
        },
        {
            "trade_id": "1fe204c2-1673-4c1a-823b-bb31357569b2",
            "ticker": "KXHIGHCHI-24DEC08-B47.5",
            "count": 50,
            "created_time": "2024-12-08T04:48:06.123428Z",
            "yes_price": 1,
            "no_price": 99,
            "taker_side": "no"
        },
        {
            "trade_id": "74be0dd7-9d30-491f-b6d1-5c8e3939616c",
            "ticker": "KXHIGHCHI-24DEC08-B47.5",
            "count": 1000,
            "created_time": "2024-12-08T04:39:59.354584Z",
            "yes_price": 3,
            "no_price": 97,
            "taker_side": "no"
        },
        {
            "trade_id": "302cb5d0-090b-427b-8c1b-6a8f39bb9940",
            "ticker": "KXHIGHCHI-24DEC08-B47.5",
            "count": 2000,
            "created_time": "2024-12-08T04:37:17.158529Z",
            "yes_price": 5,
            "no_price": 95,
            "taker_side": "yes"
        },
        {
            "trade_id": "4432f523-4833-4f99-acb2-79ad31062f69",
            "ticker": "KXHIGHCHI-24DEC08-B47.5",
            "count": 18,
            "created_time": "2024-12-08T04:21:20.960273Z",
            "yes_price": 1,
            "no_price": 99,
            "taker_side": "no"
        },
        {
            "trade_id": "2f070286-c9f5-458c-8bce-f731a1145e34",
            "ticker": "KXHIGHCHI-24DEC08-B47.5",
            "count": 24,
            "created_time": "2024-12-08T04:10:46.253414Z",
            "yes_price": 2,
            "no_price": 98,
            "taker_side": "no"
        },
        {
            "trade_id": "e955bf47-60a8-423e-b1f1-5f33c43156f4",
            "ticker": "KXHIGHCHI-24DEC08-B47.5",
            "count": 76,
            "created_time": "2024-12-08T03:58:07.927237Z",
            "yes_price": 2,
            "no_price": 98,
            "taker_side": "yes"
        },
        {
            "trade_id": "8bf0cc26-58c7-4578-8d16-0c543125ce38",
            "ticker": "KXHIGHCHI-24DEC08-B47.5",
            "count": 5,
            "created_time": "2024-12-08T03:57:17.931561Z",
            "yes_price": 1,
            "no_price": 99,
            "taker_side": "no"
        },
        {
            "trade_id": "a3b22fb0-57fa-4fb6-ae22-8dea75e5e446",
            "ticker": "KXHIGHCHI-24DEC08-B47.5",
            "count": 1,
            "created_time": "2024-12-08T03:57:04.97484Z",
            "yes_price": 1,
            "no_price": 99,
            "taker_side": "no"
        },
        {
            "trade_id": "d68c7953-6634-4c34-8f6f-5a063d1f9638",
            "ticker": "KXHIGHCHI-24DEC08-B47.5",
            "count": 10,
            "created_time": "2024-12-08T03:55:25.342297Z",
            "yes_price": 1,
            "no_price": 99,
            "taker_side": "no"
        },
        {
            "trade_id": "a5ae98b0-94f6-4c9e-bfc1-3f16d00ffd26",
            "ticker": "KXHIGHCHI-24DEC08-B47.5",
            "count": 1,
            "created_time": "2024-12-08T03:49:13.803321Z",
            "yes_price": 1,
            "no_price": 99,
            "taker_side": "no"
        },
        {
            "trade_id": "1a4f570f-39fb-4f42-a001-d8b7665f3e5a",
            "ticker": "KXHIGHCHI-24DEC08-B47.5",
            "count": 158,
            "created_time": "2024-12-08T03:48:32.030285Z",
            "yes_price": 1,
            "no_price": 99,
            "taker_side": "no"
        },
        {
            "trade_id": "808c5adc-5e26-4d30-a1ba-ba8591f79847",
            "ticker": "KXHIGHCHI-24DEC08-B47.5",
            "count": 158,
            "created_time": "2024-12-08T03:48:31.98283Z",
            "yes_price": 1,
            "no_price": 99,
            "taker_side": "no"
        },
        {
            "trade_id": "02444118-9c1c-401f-a76a-3b13ef21df4b",
            "ticker": "KXHIGHCHI-24DEC08-B47.5",
            "count": 76,
            "created_time": "2024-12-08T03:43:55.848247Z",
            "yes_price": 2,
            "no_price": 98,
            "taker_side": "no"
        },
        {
            "trade_id": "bef6f990-318e-42b9-8c78-0331d9dbc423",
            "ticker": "KXHIGHCHI-24DEC08-B47.5",
            "count": 15,
            "created_time": "2024-12-08T03:43:04.714133Z",
            "yes_price": 2,
            "no_price": 98,
            "taker_side": "no"
        },
        {
            "trade_id": "9f53e8b7-5e18-4f41-a696-bc5b04484fd6",
            "ticker": "KXHIGHCHI-24DEC08-B47.5",
            "count": 59,
            "created_time": "2024-12-08T03:41:19.548786Z",
            "yes_price": 2,
            "no_price": 98,
            "taker_side": "no"
        },
        {
            "trade_id": "ce5bbb6d-18b2-42fa-8ae7-3fff6845d254",
            "ticker": "KXHIGHCHI-24DEC08-B47.5",
            "count": 1247,
            "created_time": "2024-12-08T03:38:24.282154Z",
            "yes_price": 1,
            "no_price": 99,
            "taker_side": "no"
        },
        {
            "trade_id": "d902713a-7fc9-4fa0-b37c-79e726f86a5f",
            "ticker": "KXHIGHCHI-24DEC08-B47.5",
            "count": 650,
            "created_time": "2024-12-08T03:38:18.208631Z",
            "yes_price": 1,
            "no_price": 99,
            "taker_side": "no"
        },
        {
            "trade_id": "a867c1fc-0e6c-41cb-8ec8-6dbc7c1f24ec",
            "ticker": "KXHIGHCHI-24DEC08-B47.5",
            "count": 50,
            "created_time": "2024-12-08T03:38:18.208631Z",
            "yes_price": 1,
            "no_price": 99,
            "taker_side": "no"
        },
        {
            "trade_id": "e0de6a2a-7d93-4f00-91c4-b2c7f07a0deb",
            "ticker": "KXHIGHCHI-24DEC08-B47.5",
            "count": 400,
            "created_time": "2024-12-08T03:37:58.903747Z",
            "yes_price": 2,
            "no_price": 98,
            "taker_side": "no"
        },
        {
            "trade_id": "d927ee7d-068c-4419-8b61-c062bdd73a14",
            "ticker": "KXHIGHCHI-24DEC08-B47.5",
            "count": 400,
            "created_time": "2024-12-08T03:37:58.903747Z",
            "yes_price": 2,
            "no_price": 98,
            "taker_side": "no"
        },
        {
            "trade_id": "5cd88daf-1b9a-4e76-8240-d406a4f1b837",
            "ticker": "KXHIGHCHI-24DEC08-B47.5",
            "count": 197,
            "created_time": "2024-12-08T03:37:18.295354Z",
            "yes_price": 4,
            "no_price": 96,
            "taker_side": "no"
        },
        {
            "trade_id": "a5741184-f43c-46b2-827f-d9e528ab6768",
            "ticker": "KXHIGHCHI-24DEC08-B47.5",
            "count": 28,
            "created_time": "2024-12-08T03:37:09.729213Z",
            "yes_price": 4,
            "no_price": 96,
            "taker_side": "no"
        },
        {
            "trade_id": "583953ec-f523-44e0-a41d-38bb0db7b5c5",
            "ticker": "KXHIGHCHI-24DEC08-B47.5",
            "count": 75,
            "created_time": "2024-12-08T03:33:53.482506Z",
            "yes_price": 4,
            "no_price": 96,
            "taker_side": "no"
        },
        {
            "trade_id": "a5de7e88-a295-4351-ac2e-d6ee8236e67c",
            "ticker": "KXHIGHCHI-24DEC08-B47.5",
            "count": 100,
            "created_time": "2024-12-08T03:32:51.553167Z",
            "yes_price": 4,
            "no_price": 96,
            "taker_side": "no"
        },
        {
            "trade_id": "7a3cd2d9-f82a-4f36-9545-e11a40545090",
            "ticker": "KXHIGHCHI-24DEC08-B47.5",
            "count": 23,
            "created_time": "2024-12-08T03:25:59.932781Z",
            "yes_price": 4,
            "no_price": 96,
            "taker_side": "no"
        },
        {
            "trade_id": "38ac484e-f634-4f7b-88dc-4ca46d5b4dca",
            "ticker": "KXHIGHCHI-24DEC08-B47.5",
            "count": 5,
            "created_time": "2024-12-08T03:07:02.877335Z",
            "yes_price": 4,
            "no_price": 96,
            "taker_side": "no"
        },
        {
            "trade_id": "5e01e9a7-0392-47e2-88a2-ca9a88693bfa",
            "ticker": "KXHIGHCHI-24DEC08-B47.5",
            "count": 72,
            "created_time": "2024-12-08T02:45:21.323911Z",
            "yes_price": 4,
            "no_price": 96,
            "taker_side": "yes"
        },
        {
            "trade_id": "8a1c249f-a351-4f92-9222-8c76c5195ad8",
            "ticker": "KXHIGHCHI-24DEC08-B47.5",
            "count": 58,
            "created_time": "2024-12-08T00:54:24.622915Z",
            "yes_price": 4,
            "no_price": 96,
            "taker_side": "no"
        },
        {
            "trade_id": "8d66ee48-2402-41ea-b19f-38c7324572f9",
            "ticker": "KXHIGHCHI-24DEC08-B47.5",
            "count": 84,
            "created_time": "2024-12-07T23:33:28.494296Z",
            "yes_price": 5,
            "no_price": 95,
            "taker_side": "no"
        },
        {
            "trade_id": "d8fc15cc-8dd0-4626-8e86-ee5ae9cd004f",
            "ticker": "KXHIGHCHI-24DEC08-B47.5",
            "count": 16,
            "created_time": "2024-12-07T23:29:19.095072Z",
            "yes_price": 5,
            "no_price": 95,
            "taker_side": "no"
        },
        {
            "trade_id": "498e08d3-8e30-4629-bc85-00518d004951",
            "ticker": "KXHIGHCHI-24DEC08-B47.5",
            "count": 25,
            "created_time": "2024-12-07T22:55:30.299361Z",
            "yes_price": 3,
            "no_price": 97,
            "taker_side": "no"
        },
        {
            "trade_id": "604ba08b-6541-49ea-903b-e949048a94c9",
            "ticker": "KXHIGHCHI-24DEC08-B47.5",
            "count": 25,
            "created_time": "2024-12-07T22:55:30.288996Z",
            "yes_price": 3,
            "no_price": 97,
            "taker_side": "no"
        },
        {
            "trade_id": "b652c7cd-46e0-4d76-b114-c381838cacef",
            "ticker": "KXHIGHCHI-24DEC08-B47.5",
            "count": 25,
            "created_time": "2024-12-07T22:55:30.055179Z",
            "yes_price": 3,
            "no_price": 97,
            "taker_side": "no"
        },
        {
            "trade_id": "897c8c6d-57f0-4b6f-83b3-dd88adc8a864",
            "ticker": "KXHIGHCHI-24DEC08-B47.5",
            "count": 200,
            "created_time": "2024-12-07T22:00:28.144236Z",
            "yes_price": 4,
            "no_price": 96,
            "taker_side": "no"
        },
        {
            "trade_id": "4db2b747-4141-4909-b799-d8856ca8b7ba",
            "ticker": "KXHIGHCHI-24DEC08-B47.5",
            "count": 300,
            "created_time": "2024-12-07T22:00:10.561305Z",
            "yes_price": 4,
            "no_price": 96,
            "taker_side": "no"
        },
        {
            "trade_id": "63cb5a53-5b7b-4aa1-a91e-4788cf352047",
            "ticker": "KXHIGHCHI-24DEC08-B47.5",
            "count": 57,
            "created_time": "2024-12-07T20:11:54.656842Z",
            "yes_price": 5,
            "no_price": 95,
            "taker_side": "no"
        },
        {
            "trade_id": "15d5b103-0ca6-4837-92ba-67c3a6376ad1",
            "ticker": "KXHIGHCHI-24DEC08-B47.5",
            "count": 26,
            "created_time": "2024-12-07T20:11:54.656842Z",
            "yes_price": 5,
            "no_price": 95,
            "taker_side": "no"
        },
        {
            "trade_id": "0b1146c1-c3ab-4c62-9aef-4444cb3f3b46",
            "ticker": "KXHIGHCHI-24DEC08-B47.5",
            "count": 417,
            "created_time": "2024-12-07T20:11:54.656842Z",
            "yes_price": 5,
            "no_price": 95,
            "taker_side": "no"
        },
        {
            "trade_id": "4b6d5006-14ce-480d-bf40-837e90d3d93f",
            "ticker": "KXHIGHCHI-24DEC08-B47.5",
            "count": 100,
            "created_time": "2024-12-07T20:02:28.406632Z",
            "yes_price": 7,
            "no_price": 93,
            "taker_side": "no"
        },
        {
            "trade_id": "b78e9285-9884-4c02-afa0-cec04feca7c0",
            "ticker": "KXHIGHCHI-24DEC08-B47.5",
            "count": 3000,
            "created_time": "2024-12-07T20:00:38.96449Z",
            "yes_price": 8,
            "no_price": 92,
            "taker_side": "no"
        },
        {
            "trade_id": "b8073a2c-73d2-42f5-831b-a2eb091d4c30",
            "ticker": "KXHIGHCHI-24DEC08-B47.5",
            "count": 8,
            "created_time": "2024-12-07T19:48:28.744569Z",
            "yes_price": 10,
            "no_price": 90,
            "taker_side": "yes"
        },
        {
            "trade_id": "0d8f63e2-d276-450f-8bb2-0de711e5f78f",
            "ticker": "KXHIGHCHI-24DEC08-B47.5",
            "count": 60,
            "created_time": "2024-12-07T19:48:28.744569Z",
            "yes_price": 10,
            "no_price": 90,
            "taker_side": "yes"
        },
        {
            "trade_id": "8a29e26c-f309-4b6c-81ce-e220147a0305",
            "ticker": "KXHIGHCHI-24DEC08-B47.5",
            "count": 100,
            "created_time": "2024-12-07T19:45:53.517961Z",
            "yes_price": 9,
            "no_price": 91,
            "taker_side": "no"
        },
        {
            "trade_id": "5e8f4ec8-92c1-4685-9d2f-e87ecf0177ed",
            "ticker": "KXHIGHCHI-24DEC08-B47.5",
            "count": 100,
            "created_time": "2024-12-07T19:45:53.517961Z",
            "yes_price": 9,
            "no_price": 91,
            "taker_side": "no"
        },
        {
            "trade_id": "1c325b7b-4221-44e5-a0ce-fcc17691a43a",
            "ticker": "KXHIGHCHI-24DEC08-B47.5",
            "count": 200,
            "created_time": "2024-12-07T19:45:53.517961Z",
            "yes_price": 9,
            "no_price": 91,
            "taker_side": "no"
        },
        {
            "trade_id": "32467896-be1b-4595-ae88-6c8cf814600e",
            "ticker": "KXHIGHCHI-24DEC08-B47.5",
            "count": 72,
            "created_time": "2024-12-07T18:39:07.635687Z",
            "yes_price": 11,
            "no_price": 89,
            "taker_side": "yes"
        },
        {
            "trade_id": "41f1dfb5-f766-4fbf-85ef-02268cd8de70",
            "ticker": "KXHIGHCHI-24DEC08-B47.5",
            "count": 100,
            "created_time": "2024-12-07T18:38:53.705346Z",
            "yes_price": 10,
            "no_price": 90,
            "taker_side": "no"
        },
        {
            "trade_id": "14750bf2-10ef-482a-83b1-af42b30b036f",
            "ticker": "KXHIGHCHI-24DEC08-B47.5",
            "count": 100,
            "created_time": "2024-12-07T16:58:34.130444Z",
            "yes_price": 10,
            "no_price": 90,
            "taker_side": "yes"
        },
        {
            "trade_id": "4f309275-5557-4aa9-bc6a-9ee2f7ae6c47",
            "ticker": "KXHIGHCHI-24DEC08-B47.5",
            "count": 34,
            "created_time": "2024-12-07T15:40:04.588741Z",
            "yes_price": 11,
            "no_price": 89,
            "taker_side": "no"
        },
        {
            "trade_id": "06a42dc6-fde6-4650-a5b5-b00d62766eee",
            "ticker": "KXHIGHCHI-24DEC08-B47.5",
            "count": 33,
            "created_time": "2024-12-07T15:40:04.588741Z",
            "yes_price": 11,
            "no_price": 89,
            "taker_side": "no"
        },
        {
            "trade_id": "655a5f6d-f23e-452e-b9da-3d7a54d29a50",
            "ticker": "KXHIGHCHI-24DEC08-B47.5",
            "count": 38,
            "created_time": "2024-12-07T15:12:32.767229Z",
            "yes_price": 15,
            "no_price": 85,
            "taker_side": "no"
        }
    ],
    "KXHIGHCHI-24DEC08-B49.5": [
        {
            "trade_id": "dbb9bc25-e133-422c-8dcf-b0978165841d",
            "ticker": "KXHIGHCHI-24DEC08-B49.5",
            "count": 382,
            "created_time": "2024-12-09T03:37:35.719677Z",
            "yes_price": 1,
            "no_price": 99,
            "taker_side": "yes"
        },
        {
            "trade_id": "a8d430a7-11c0-4358-a013-ba9f75a02098",
            "ticker": "KXHIGHCHI-24DEC08-B49.5",
            "count": 182,
            "created_time": "2024-12-08T20:42:56.389639Z",
            "yes_price": 1,
            "no_price": 99,
            "taker_side": "yes"
        },
        {
            "trade_id": "29937456-410d-4082-b19d-6b81348fab02",
            "ticker": "KXHIGHCHI-24DEC08-B49.5",
            "count": 551,
            "created_time": "2024-12-08T20:42:56.389639Z",
            "yes_price": 1,
            "no_price": 99,
            "taker_side": "yes"
        },
        {
            "trade_id": "a6543b54-0bd1-4f07-adb4-68983c16eeaf",
            "ticker": "KXHIGHCHI-24DEC08-B49.5",
            "count": 91,
            "created_time": "2024-12-08T16:55:33.662815Z",
            "yes_price": 1,
            "no_price": 99,
            "taker_side": "yes"
        },
        {
            "trade_id": "5baad080-9307-482e-ada3-6c73173bbb7a",
            "ticker": "KXHIGHCHI-24DEC08-B49.5",
            "count": 48,
            "created_time": "2024-12-08T16:55:33.662815Z",
            "yes_price": 1,
            "no_price": 99,
            "taker_side": "yes"
        },
        {
            "trade_id": "c07d9daf-46cf-4416-b39f-a2c11abf5264",
            "ticker": "KXHIGHCHI-24DEC08-B49.5",
            "count": 9,
            "created_time": "2024-12-08T16:51:48.983876Z",
            "yes_price": 1,
            "no_price": 99,
            "taker_side": "yes"
        },
        {
            "trade_id": "4558b652-bef6-439a-9989-2acb292f55d8",
            "ticker": "KXHIGHCHI-24DEC08-B49.5",
            "count": 1000,
            "created_time": "2024-12-08T16:15:32.252924Z",
            "yes_price": 1,
            "no_price": 99,
            "taker_side": "yes"
        },
        {
            "trade_id": "6c88040a-183b-4ef4-8c81-b1ff24ab686e",
            "ticker": "KXHIGHCHI-24DEC08-B49.5",
            "count": 115,
            "created_time": "2024-12-08T15:56:01.97105Z",
            "yes_price": 1,
            "no_price": 99,
            "taker_side": "no"
        },
        {
            "trade_id": "48b12a9f-65e4-437b-9a66-2ec6364283a8",
            "ticker": "KXHIGHCHI-24DEC08-B49.5",
            "count": 10,
            "created_time": "2024-12-08T15:48:24.583357Z",
            "yes_price": 2,
            "no_price": 98,
            "taker_side": "yes"
        },
        {
            "trade_id": "14251897-4f88-40ea-88e2-4ff498948fe1",
            "ticker": "KXHIGHCHI-24DEC08-B49.5",
            "count": 1,
            "created_time": "2024-12-08T15:44:14.314283Z",
            "yes_price": 2,
            "no_price": 98,
            "taker_side": "yes"
        },
        {
            "trade_id": "81c9ed1c-44f1-48df-a0ed-d8a94876c4bc",
            "ticker": "KXHIGHCHI-24DEC08-B49.5",
            "count": 1,
            "created_time": "2024-12-08T15:38:29.969802Z",
            "yes_price": 1,
            "no_price": 99,
            "taker_side": "no"
        },
        {
            "trade_id": "15bacc79-756a-4925-9493-eabbd6a549a6",
            "ticker": "KXHIGHCHI-24DEC08-B49.5",
            "count": 86,
            "created_time": "2024-12-08T15:34:23.65485Z",
            "yes_price": 1,
            "no_price": 99,
            "taker_side": "no"
        },
        {
            "trade_id": "410fdf0c-bafa-4411-9c65-c9320603393b",
            "ticker": "KXHIGHCHI-24DEC08-B49.5",
            "count": 41,
            "created_time": "2024-12-08T15:15:33.304085Z",
            "yes_price": 1,
            "no_price": 99,
            "taker_side": "no"
        },
        {
            "trade_id": "a051c76e-0f22-47b5-ab5f-479b40c4f8e9",
            "ticker": "KXHIGHCHI-24DEC08-B49.5",
            "count": 459,
            "created_time": "2024-12-08T15:10:49.719378Z",
            "yes_price": 2,
            "no_price": 98,
            "taker_side": "yes"
        },
        {
            "trade_id": "1d447c16-09a4-46b6-9678-dde07f3ff506",
            "ticker": "KXHIGHCHI-24DEC08-B49.5",
            "count": 476,
            "created_time": "2024-12-08T15:10:49.719378Z",
            "yes_price": 2,
            "no_price": 98,
            "taker_side": "yes"
        },
        {
            "trade_id": "76c748d3-474c-4ed2-85da-1cac74b9b656",
            "ticker": "KXHIGHCHI-24DEC08-B49.5",
            "count": 41,
            "created_time": "2024-12-08T15:06:26.567885Z",
            "yes_price": 2,
            "no_price": 98,
            "taker_side": "yes"
        },
        {
            "trade_id": "a35a24f9-2ae8-4341-a455-83b1ca586e1e",
            "ticker": "KXHIGHCHI-24DEC08-B49.5",
            "count": 10,
            "created_time": "2024-12-08T15:00:57.757772Z",
            "yes_price": 1,
            "no_price": 99,
            "taker_side": "no"
        },
        {
            "trade_id": "87aa1aac-aadc-48fd-b571-46b6d869da85",
            "ticker": "KXHIGHCHI-24DEC08-B49.5",
            "count": 195,
            "created_time": "2024-12-08T15:00:57.757772Z",
            "yes_price": 1,
            "no_price": 99,
            "taker_side": "no"
        },
        {
            "trade_id": "81e0770d-e6cb-40b5-a23c-6a9e97cbd7a8",
            "ticker": "KXHIGHCHI-24DEC08-B49.5",
            "count": 503,
            "created_time": "2024-12-08T15:00:57.757772Z",
            "yes_price": 1,
            "no_price": 99,
            "taker_side": "no"
        },
        {
            "trade_id": "c5626793-dd98-4769-8a8e-5701a6c8680b",
            "ticker": "KXHIGHCHI-24DEC08-B49.5",
            "count": 12,
            "created_time": "2024-12-08T14:59:28.472456Z",
            "yes_price": 1,
            "no_price": 99,
            "taker_side": "no"
        },
        {
            "trade_id": "e808bfa8-9cb6-459f-a767-7f7de3415712",
            "ticker": "KXHIGHCHI-24DEC08-B49.5",
            "count": 168,
            "created_time": "2024-12-08T14:53:34.89461Z",
            "yes_price": 1,
            "no_price": 99,
            "taker_side": "no"
        },
        {
            "trade_id": "2d9e9dda-4d7c-4e7e-81ab-9e68a6d69e75",
            "ticker": "KXHIGHCHI-24DEC08-B49.5",
            "count": 32,
            "created_time": "2024-12-08T14:53:34.89461Z",
            "yes_price": 1,
            "no_price": 99,
            "taker_side": "no"
        },
        {
            "trade_id": "3782ce6f-b79f-48c3-bd7f-583e986a5c28",
            "ticker": "KXHIGHCHI-24DEC08-B49.5",
            "count": 10,
            "created_time": "2024-12-08T14:45:37.130998Z",
            "yes_price": 1,
            "no_price": 99,
            "taker_side": "no"
        },
        {
            "trade_id": "c807e8e4-2e4f-4de9-96d9-0ce6c50d6ed2",
            "ticker": "KXHIGHCHI-24DEC08-B49.5",
            "count": 25,
            "created_time": "2024-12-08T14:44:06.597792Z",
            "yes_price": 3,
            "no_price": 97,
            "taker_side": "yes"
        },
        {
            "trade_id": "73b4b53f-7295-438a-be56-773639256386",
            "ticker": "KXHIGHCHI-24DEC08-B49.5",
            "count": 8,
            "created_time": "2024-12-08T14:42:32.077235Z",
            "yes_price": 1,
            "no_price": 99,
            "taker_side": "no"
        },
        {
            "trade_id": "631bb3ba-2fbc-41a0-abb5-ab2a902e08d9",
            "ticker": "KXHIGHCHI-24DEC08-B49.5",
            "count": 5,
            "created_time": "2024-12-08T14:15:10.527292Z",
            "yes_price": 2,
            "no_price": 98,
            "taker_side": "yes"
        },
        {
            "trade_id": "e61fa5dc-fda0-41fa-a4b1-4a7305f74ac1",
            "ticker": "KXHIGHCHI-24DEC08-B49.5",
            "count": 20,
            "created_time": "2024-12-08T14:11:08.386802Z",
            "yes_price": 2,
            "no_price": 98,
            "taker_side": "no"
        },
        {
            "trade_id": "9e465562-b6c6-4b1b-b421-16d0c9502a4c",
            "ticker": "KXHIGHCHI-24DEC08-B49.5",
            "count": 34,
            "created_time": "2024-12-08T14:09:30.624761Z",
            "yes_price": 2,
            "no_price": 98,
            "taker_side": "no"
        },
        {
            "trade_id": "58770c14-b64f-467e-91e4-85fbbe702c3f",
            "ticker": "KXHIGHCHI-24DEC08-B49.5",
            "count": 46,
            "created_time": "2024-12-08T14:05:15.834416Z",
            "yes_price": 2,
            "no_price": 98,
            "taker_side": "no"
        },
        {
            "trade_id": "62856463-d0c9-4ac8-a4a7-e34d5b9e50fc",
            "ticker": "KXHIGHCHI-24DEC08-B49.5",
            "count": 624,
            "created_time": "2024-12-08T14:02:00.113045Z",
            "yes_price": 3,
            "no_price": 97,
            "taker_side": "yes"
        },
        {
            "trade_id": "af8394bc-b797-4362-ab1e-d8fad066c1f3",
            "ticker": "KXHIGHCHI-24DEC08-B49.5",
            "count": 21,
            "created_time": "2024-12-08T13:54:18.571031Z",
            "yes_price": 2,
            "no_price": 98,
            "taker_side": "yes"
        },
        {
            "trade_id": "00952d2f-96b9-4dde-ab0b-6e8cf4b0de55",
            "ticker": "KXHIGHCHI-24DEC08-B49.5",
            "count": 142,
            "created_time": "2024-12-08T13:54:18.571031Z",
            "yes_price": 3,
            "no_price": 97,
            "taker_side": "yes"
        },
        {
            "trade_id": "f1ec3adb-0c75-48c6-aff3-8e9748b9a934",
            "ticker": "KXHIGHCHI-24DEC08-B49.5",
            "count": 46,
            "created_time": "2024-12-08T13:53:35.801186Z",
            "yes_price": 2,
            "no_price": 98,
            "taker_side": "yes"
        },
        {
            "trade_id": "acbb1a93-0e22-4bd4-9413-f590fc659dba",
            "ticker": "KXHIGHCHI-24DEC08-B49.5",
            "count": 233,
            "created_time": "2024-12-08T13:50:26.798117Z",
            "yes_price": 2,
            "no_price": 98,
            "taker_side": "yes"
        },
        {
            "trade_id": "ed2c1176-9873-476c-8e94-f26e790dfbc3",
            "ticker": "KXHIGHCHI-24DEC08-B49.5",
            "count": 120,
            "created_time": "2024-12-08T13:40:43.969051Z",
            "yes_price": 3,
            "no_price": 97,
            "taker_side": "no"
        },
        {
            "trade_id": "6332c1e2-54e6-488c-b1a8-0e706e38b754",
            "ticker": "KXHIGHCHI-24DEC08-B49.5",
            "count": 200,
            "created_time": "2024-12-08T13:38:21.93363Z",
            "yes_price": 3,
            "no_price": 97,
            "taker_side": "no"
        },
        {
            "trade_id": "cf3d261d-9880-4c93-83b5-610308ae732d",
            "ticker": "KXHIGHCHI-24DEC08-B49.5",
            "count": 10,
            "created_time": "2024-12-08T13:32:31.832609Z",
            "yes_price": 6,
            "no_price": 94,
            "taker_side": "yes"
        },
        {
            "trade_id": "ca71c429-d1c5-4b7b-b4e4-629fabb4b329",
            "ticker": "KXHIGHCHI-24DEC08-B49.5",
            "count": 25,
            "created_time": "2024-12-08T13:32:31.832609Z",
            "yes_price": 5,
            "no_price": 95,
            "taker_side": "yes"
        },
        {
            "trade_id": "6d4ca608-ab64-4668-a3c2-761c0965ece8",
            "ticker": "KXHIGHCHI-24DEC08-B49.5",
            "count": 240,
            "created_time": "2024-12-08T13:01:17.499473Z",
            "yes_price": 4,
            "no_price": 96,
            "taker_side": "no"
        },
        {
            "trade_id": "9fd16360-6eda-4fee-8bc5-7fa94c57f5c6",
            "ticker": "KXHIGHCHI-24DEC08-B49.5",
            "count": 240,
            "created_time": "2024-12-08T13:01:17.247887Z",
            "yes_price": 4,
            "no_price": 96,
            "taker_side": "no"
        },
        {
            "trade_id": "4513f354-1bee-40f4-8f24-c1cb85dffda6",
            "ticker": "KXHIGHCHI-24DEC08-B49.5",
            "count": 200,
            "created_time": "2024-12-08T13:00:56.612188Z",
            "yes_price": 3,
            "no_price": 97,
            "taker_side": "no"
        },
        {
            "trade_id": "393d329b-3a1d-4ad4-a318-1bc632ed22da",
            "ticker": "KXHIGHCHI-24DEC08-B49.5",
            "count": 15,
            "created_time": "2024-12-08T13:00:43.996484Z",
            "yes_price": 2,
            "no_price": 98,
            "taker_side": "no"
        },
        {
            "trade_id": "29bd818f-8fe0-4951-bd92-ea2d3cf0ed33",
            "ticker": "KXHIGHCHI-24DEC08-B49.5",
            "count": 25,
            "created_time": "2024-12-08T13:00:43.996484Z",
            "yes_price": 2,
            "no_price": 98,
            "taker_side": "no"
        },
        {
            "trade_id": "d0157882-3e5b-4906-8853-10d4376c8ff9",
            "ticker": "KXHIGHCHI-24DEC08-B49.5",
            "count": 85,
            "created_time": "2024-12-08T13:00:15.298517Z",
            "yes_price": 2,
            "no_price": 98,
            "taker_side": "no"
        },
        {
            "trade_id": "c796be55-e570-49a3-9154-f0632e005229",
            "ticker": "KXHIGHCHI-24DEC08-B49.5",
            "count": 12,
            "created_time": "2024-12-08T13:00:15.298517Z",
            "yes_price": 3,
            "no_price": 97,
            "taker_side": "no"
        },
        {
            "trade_id": "84e6bc8b-634b-4a69-8222-8c6e5645c24f",
            "ticker": "KXHIGHCHI-24DEC08-B49.5",
            "count": 36,
            "created_time": "2024-12-08T13:00:07.72339Z",
            "yes_price": 3,
            "no_price": 97,
            "taker_side": "no"
        },
        {
            "trade_id": "cd7f14f8-37be-465f-bfdb-d6cdf7ad41b0",
            "ticker": "KXHIGHCHI-24DEC08-B49.5",
            "count": 2,
            "created_time": "2024-12-08T13:00:07.535352Z",
            "yes_price": 3,
            "no_price": 97,
            "taker_side": "no"
        },
        {
            "trade_id": "4029a816-e21a-411f-b3e5-53f77c920993",
            "ticker": "KXHIGHCHI-24DEC08-B49.5",
            "count": 100,
            "created_time": "2024-12-08T13:00:07.535352Z",
            "yes_price": 3,
            "no_price": 97,
            "taker_side": "no"
        },
        {
            "trade_id": "589c21c8-3a50-432b-a15c-e9fb9d6f10da",
            "ticker": "KXHIGHCHI-24DEC08-B49.5",
            "count": 99,
            "created_time": "2024-12-08T07:58:46.058469Z",
            "yes_price": 4,
            "no_price": 96,
            "taker_side": "no"
        },
        {
            "trade_id": "3fe645b4-0b0a-4eab-9af2-cdd6351f2dbc",
            "ticker": "KXHIGHCHI-24DEC08-B49.5",
            "count": 1,
            "created_time": "2024-12-08T07:56:58.747202Z",
            "yes_price": 4,
            "no_price": 96,
            "taker_side": "no"
        },
        {
            "trade_id": "e70c4dd3-f879-4d65-8e71-d0d268fe73bb",
            "ticker": "KXHIGHCHI-24DEC08-B49.5",
            "count": 23,
            "created_time": "2024-12-08T07:27:13.728177Z",
            "yes_price": 8,
            "no_price": 92,
            "taker_side": "yes"
        },
        {
            "trade_id": "6ae724d0-585c-449a-82d8-48c61a3ab11d",
            "ticker": "KXHIGHCHI-24DEC08-B49.5",
            "count": 136,
            "created_time": "2024-12-08T07:27:13.728177Z",
            "yes_price": 9,
            "no_price": 91,
            "taker_side": "yes"
        },
        {
            "trade_id": "3d232362-ec00-460e-9321-2aca9d5c88fd",
            "ticker": "KXHIGHCHI-24DEC08-B49.5",
            "count": 50,
            "created_time": "2024-12-08T07:10:04.316466Z",
            "yes_price": 4,
            "no_price": 96,
            "taker_side": "no"
        },
        {
            "trade_id": "09116086-eede-45fa-b8df-e170eb7dcad3",
            "ticker": "KXHIGHCHI-24DEC08-B49.5",
            "count": 268,
            "created_time": "2024-12-08T07:10:04.316466Z",
            "yes_price": 4,
            "no_price": 96,
            "taker_side": "no"
        },
        {
            "trade_id": "a70b95c6-23bc-4a56-afff-84b59d4bc82b",
            "ticker": "KXHIGHCHI-24DEC08-B49.5",
            "count": 6,
            "created_time": "2024-12-08T07:09:42.245729Z",
            "yes_price": 8,
            "no_price": 92,
            "taker_side": "no"
        },
        {
            "trade_id": "5bce5834-40cd-45bc-b5e3-9d97007fa8cf",
            "ticker": "KXHIGHCHI-24DEC08-B49.5",
            "count": 1,
            "created_time": "2024-12-08T07:06:09.221794Z",
            "yes_price": 8,
            "no_price": 92,
            "taker_side": "no"
        },
        {
            "trade_id": "b1602402-3455-4b7d-983c-f56c88b9f9bc",
            "ticker": "KXHIGHCHI-24DEC08-B49.5",
            "count": 200,
            "created_time": "2024-12-08T07:05:45.076133Z",
            "yes_price": 9,
            "no_price": 91,
            "taker_side": "yes"
        },
        {
            "trade_id": "541a6ae6-258c-4e53-80e0-44b41bc00221",
            "ticker": "KXHIGHCHI-24DEC08-B49.5",
            "count": 150,
            "created_time": "2024-12-08T07:05:45.076133Z",
            "yes_price": 10,
            "no_price": 90,
            "taker_side": "yes"
        },
        {
            "trade_id": "458fd806-64d9-44ba-9062-a325e1e04d39",
            "ticker": "KXHIGHCHI-24DEC08-B49.5",
            "count": 240,
            "created_time": "2024-12-08T07:05:45.076133Z",
            "yes_price": 11,
            "no_price": 89,
            "taker_side": "yes"
        },
        {
            "trade_id": "1c36ccc2-17a7-42fc-a066-6f329295073c",
            "ticker": "KXHIGHCHI-24DEC08-B49.5",
            "count": 240,
            "created_time": "2024-12-08T07:05:45.076133Z",
            "yes_price": 10,
            "no_price": 90,
            "taker_side": "yes"
        },
        {
            "trade_id": "5414ed56-fd79-4348-8243-bd047dc92578",
            "ticker": "KXHIGHCHI-24DEC08-B49.5",
            "count": 1,
            "created_time": "2024-12-08T07:01:05.489401Z",
            "yes_price": 8,
            "no_price": 92,
            "taker_side": "no"
        },
        {
            "trade_id": "189421f3-0d6b-4b0c-a799-bd83203f2789",
            "ticker": "KXHIGHCHI-24DEC08-B49.5",
            "count": 1,
            "created_time": "2024-12-08T06:56:01.092488Z",
            "yes_price": 8,
            "no_price": 92,
            "taker_side": "no"
        },
        {
            "trade_id": "bb4cb27f-3aca-4ae5-8c29-b414c82f90de",
            "ticker": "KXHIGHCHI-24DEC08-B49.5",
            "count": 17,
            "created_time": "2024-12-08T06:55:35.74402Z",
            "yes_price": 8,
            "no_price": 92,
            "taker_side": "no"
        },
        {
            "trade_id": "89abe356-fd0b-45ba-b61c-3980cf9050c0",
            "ticker": "KXHIGHCHI-24DEC08-B49.5",
            "count": 17,
            "created_time": "2024-12-08T06:55:35.654087Z",
            "yes_price": 8,
            "no_price": 92,
            "taker_side": "no"
        },
        {
            "trade_id": "fc0796ae-beb5-4b23-bd24-865eafec3455",
            "ticker": "KXHIGHCHI-24DEC08-B49.5",
            "count": 40,
            "created_time": "2024-12-08T06:55:35.528107Z",
            "yes_price": 8,
            "no_price": 92,
            "taker_side": "yes"
        },
        {
            "trade_id": "d4d618b3-23d2-451b-aad1-cdc4368b0543",
            "ticker": "KXHIGHCHI-24DEC08-B49.5",
            "count": 115,
            "created_time": "2024-12-08T06:55:35.528107Z",
            "yes_price": 8,
            "no_price": 92,
            "taker_side": "yes"
        },
        {
            "trade_id": "21be3151-ab54-415c-95ad-3ef580f660de",
            "ticker": "KXHIGHCHI-24DEC08-B49.5",
            "count": 85,
            "created_time": "2024-12-08T06:55:35.528107Z",
            "yes_price": 8,
            "no_price": 92,
            "taker_side": "yes"
        },
        {
            "trade_id": "0c91a7e6-1079-46d0-b513-39a63a6a0cee",
            "ticker": "KXHIGHCHI-24DEC08-B49.5",
            "count": 17,
            "created_time": "2024-12-08T06:55:35.528107Z",
            "yes_price": 8,
            "no_price": 92,
            "taker_side": "yes"
        },
        {
            "trade_id": "67a1e0b3-971f-4df1-9115-5c4f2410f20a",
            "ticker": "KXHIGHCHI-24DEC08-B49.5",
            "count": 1,
            "created_time": "2024-12-08T06:50:56.216017Z",
            "yes_price": 7,
            "no_price": 93,
            "taker_side": "no"
        },
        {
            "trade_id": "2c179eed-bcb5-4792-8d91-8bedfb3ade48",
            "ticker": "KXHIGHCHI-24DEC08-B49.5",
            "count": 1,
            "created_time": "2024-12-08T06:45:51.622884Z",
            "yes_price": 7,
            "no_price": 93,
            "taker_side": "no"
        },
        {
            "trade_id": "07e33fac-0931-4120-87ae-74c92c52b3f3",
            "ticker": "KXHIGHCHI-24DEC08-B49.5",
            "count": 1,
            "created_time": "2024-12-08T06:40:46.094236Z",
            "yes_price": 7,
            "no_price": 93,
            "taker_side": "no"
        },
        {
            "trade_id": "07ce722f-888b-494b-a76d-8daac664682c",
            "ticker": "KXHIGHCHI-24DEC08-B49.5",
            "count": 54,
            "created_time": "2024-12-08T06:38:22.538935Z",
            "yes_price": 7,
            "no_price": 93,
            "taker_side": "yes"
        },
        {
            "trade_id": "0f9692ce-b39e-4d5c-8fb6-657a652e26d5",
            "ticker": "KXHIGHCHI-24DEC08-B49.5",
            "count": 29,
            "created_time": "2024-12-08T06:34:30.532214Z",
            "yes_price": 7,
            "no_price": 93,
            "taker_side": "no"
        },
        {
            "trade_id": "fe36fa33-016b-4206-ae7b-f3e1c48eecc7",
            "ticker": "KXHIGHCHI-24DEC08-B49.5",
            "count": 71,
            "created_time": "2024-12-08T06:34:30.420796Z",
            "yes_price": 7,
            "no_price": 93,
            "taker_side": "no"
        },
        {
            "trade_id": "88365c51-ad81-4deb-ab55-9e3464afe697",
            "ticker": "KXHIGHCHI-24DEC08-B49.5",
            "count": 12,
            "created_time": "2024-12-08T06:34:30.420796Z",
            "yes_price": 7,
            "no_price": 93,
            "taker_side": "no"
        },
        {
            "trade_id": "49d56c45-ffaa-4f57-bc14-7bb8316bff6b",
            "ticker": "KXHIGHCHI-24DEC08-B49.5",
            "count": 31,
            "created_time": "2024-12-08T06:31:23.394484Z",
            "yes_price": 7,
            "no_price": 93,
            "taker_side": "no"
        },
        {
            "trade_id": "e8326c71-3c36-4a40-b121-786b661bc67e",
            "ticker": "KXHIGHCHI-24DEC08-B49.5",
            "count": 31,
            "created_time": "2024-12-08T06:31:23.285852Z",
            "yes_price": 7,
            "no_price": 93,
            "taker_side": "no"
        },
        {
            "trade_id": "acdf41c4-1f9e-46da-bc09-9416b900c20f",
            "ticker": "KXHIGHCHI-24DEC08-B49.5",
            "count": 1,
            "created_time": "2024-12-08T06:30:37.0381Z",
            "yes_price": 7,
            "no_price": 93,
            "taker_side": "no"
        },
        {
            "trade_id": "918a2e46-6a95-4dd4-bdab-394e2b373713",
            "ticker": "KXHIGHCHI-24DEC08-B49.5",
            "count": 25,
            "created_time": "2024-12-08T06:30:03.893752Z",
            "yes_price": 7,
            "no_price": 93,
            "taker_side": "yes"
        },
        {
            "trade_id": "db560ea2-91a9-4bee-b0a7-3e2bc4f03b5a",
            "ticker": "KXHIGHCHI-24DEC08-B49.5",
            "count": 100,
            "created_time": "2024-12-08T06:17:07.232633Z",
            "yes_price": 7,
            "no_price": 93,
            "taker_side": "yes"
        },
        {
            "trade_id": "d4c61b77-0cf0-420c-a8f2-fdd24885cdd6",
            "ticker": "KXHIGHCHI-24DEC08-B49.5",
            "count": 100,
            "created_time": "2024-12-08T06:17:07.232633Z",
            "yes_price": 7,
            "no_price": 93,
            "taker_side": "yes"
        },
        {
            "trade_id": "c278b29c-933f-4484-a581-e635c437fec0",
            "ticker": "KXHIGHCHI-24DEC08-B49.5",
            "count": 46,
            "created_time": "2024-12-08T06:17:07.232633Z",
            "yes_price": 7,
            "no_price": 93,
            "taker_side": "yes"
        },
        {
            "trade_id": "bda4a413-0d24-4490-8298-2de4444a1ee5",
            "ticker": "KXHIGHCHI-24DEC08-B49.5",
            "count": 100,
            "created_time": "2024-12-08T06:17:07.232633Z",
            "yes_price": 7,
            "no_price": 93,
            "taker_side": "yes"
        },
        {
            "trade_id": "6830ae48-ad9f-4183-9215-8a999dba418d",
            "ticker": "KXHIGHCHI-24DEC08-B49.5",
            "count": 100,
            "created_time": "2024-12-08T06:17:07.232633Z",
            "yes_price": 6,
            "no_price": 94,
            "taker_side": "yes"
        },
        {
            "trade_id": "6517c672-1cbf-41ab-a6d0-a205aeccea4e",
            "ticker": "KXHIGHCHI-24DEC08-B49.5",
            "count": 125,
            "created_time": "2024-12-08T06:17:07.232633Z",
            "yes_price": 8,
            "no_price": 92,
            "taker_side": "yes"
        },
        {
            "trade_id": "561e0c9e-9369-49ae-aa19-e1496a8bb617",
            "ticker": "KXHIGHCHI-24DEC08-B49.5",
            "count": 94,
            "created_time": "2024-12-08T06:17:07.232633Z",
            "yes_price": 7,
            "no_price": 93,
            "taker_side": "yes"
        },
        {
            "trade_id": "1c3cc4ba-26a8-462b-9062-32b46cbf7e3f",
            "ticker": "KXHIGHCHI-24DEC08-B49.5",
            "count": 1,
            "created_time": "2024-12-08T06:17:07.232633Z",
            "yes_price": 7,
            "no_price": 93,
            "taker_side": "yes"
        },
        {
            "trade_id": "0ac7636d-1c1b-4e85-926d-deec3ab483a9",
            "ticker": "KXHIGHCHI-24DEC08-B49.5",
            "count": 100,
            "created_time": "2024-12-08T06:16:36.490448Z",
            "yes_price": 4,
            "no_price": 96,
            "taker_side": "no"
        },
        {
            "trade_id": "51ef431b-5a66-40c9-8166-458c018883e4",
            "ticker": "KXHIGHCHI-24DEC08-B49.5",
            "count": 100,
            "created_time": "2024-12-08T06:16:36.479137Z",
            "yes_price": 4,
            "no_price": 96,
            "taker_side": "no"
        },
        {
            "trade_id": "fc2b3915-f942-4109-b532-d2b68c3f5d57",
            "ticker": "KXHIGHCHI-24DEC08-B49.5",
            "count": 100,
            "created_time": "2024-12-08T06:16:36.416646Z",
            "yes_price": 4,
            "no_price": 96,
            "taker_side": "no"
        },
        {
            "trade_id": "93ec0f63-dcd8-4ec4-a0e3-709514582d31",
            "ticker": "KXHIGHCHI-24DEC08-B49.5",
            "count": 23,
            "created_time": "2024-12-08T06:15:04.264433Z",
            "yes_price": 4,
            "no_price": 96,
            "taker_side": "no"
        },
        {
            "trade_id": "5aaebb4e-1a2d-4830-b1cf-f87f6d81e225",
            "ticker": "KXHIGHCHI-24DEC08-B49.5",
            "count": 71,
            "created_time": "2024-12-08T06:09:32.42901Z",
            "yes_price": 4,
            "no_price": 96,
            "taker_side": "no"
        },
        {
            "trade_id": "3aace99a-4020-408e-9d3b-4eaee96b25b6",
            "ticker": "KXHIGHCHI-24DEC08-B49.5",
            "count": 6,
            "created_time": "2024-12-08T05:57:40.361559Z",
            "yes_price": 7,
            "no_price": 93,
            "taker_side": "yes"
        },
        {
            "trade_id": "6d881d46-b11d-4453-8172-e7a2e5a7ab4b",
            "ticker": "KXHIGHCHI-24DEC08-B49.5",
            "count": 100,
            "created_time": "2024-12-08T05:57:10.739293Z",
            "yes_price": 5,
            "no_price": 95,
            "taker_side": "no"
        },
        {
            "trade_id": "bf9d41fa-ce8d-4e05-8092-96a5722f72e8",
            "ticker": "KXHIGHCHI-24DEC08-B49.5",
            "count": 134,
            "created_time": "2024-12-08T05:28:33.663369Z",
            "yes_price": 7,
            "no_price": 93,
            "taker_side": "yes"
        },
        {
            "trade_id": "6c996240-d951-4927-a216-3518ce86fac7",
            "ticker": "KXHIGHCHI-24DEC08-B49.5",
            "count": 52,
            "created_time": "2024-12-08T05:21:41.576188Z",
            "yes_price": 5,
            "no_price": 95,
            "taker_side": "no"
        },
        {
            "trade_id": "eb778f47-8220-4c1e-9cfa-c1e834196e97",
            "ticker": "KXHIGHCHI-24DEC08-B49.5",
            "count": 78,
            "created_time": "2024-12-08T05:21:18.177482Z",
            "yes_price": 6,
            "no_price": 94,
            "taker_side": "yes"
        },
        {
            "trade_id": "f0780be7-2bf6-4603-a481-20edebe34b9b",
            "ticker": "KXHIGHCHI-24DEC08-B49.5",
            "count": 34,
            "created_time": "2024-12-08T05:17:34.654357Z",
            "yes_price": 6,
            "no_price": 94,
            "taker_side": "yes"
        },
        {
            "trade_id": "d7716a58-724d-4cb9-b5be-c658c3560050",
            "ticker": "KXHIGHCHI-24DEC08-B49.5",
            "count": 121,
            "created_time": "2024-12-08T05:17:34.654357Z",
            "yes_price": 6,
            "no_price": 94,
            "taker_side": "yes"
        },
        {
            "trade_id": "6aee2ab2-7a6b-45a9-8f14-83e382da4c12",
            "ticker": "KXHIGHCHI-24DEC08-B49.5",
            "count": 1,
            "created_time": "2024-12-08T05:17:34.654357Z",
            "yes_price": 6,
            "no_price": 94,
            "taker_side": "yes"
        },
        {
            "trade_id": "c53337e3-3274-4f64-97f6-58001abdf48d",
            "ticker": "KXHIGHCHI-24DEC08-B49.5",
            "count": 52,
            "created_time": "2024-12-08T05:17:33.656584Z",
            "yes_price": 4,
            "no_price": 96,
            "taker_side": "no"
        },
        {
            "trade_id": "42c21064-24f8-4e47-b249-7463b9bcd9ab",
            "ticker": "KXHIGHCHI-24DEC08-B49.5",
            "count": 78,
            "created_time": "2024-12-08T05:17:22.417726Z",
            "yes_price": 6,
            "no_price": 94,
            "taker_side": "yes"
        },
        {
            "trade_id": "36b00e7c-3f19-497b-850e-eeaab8678e11",
            "ticker": "KXHIGHCHI-24DEC08-B49.5",
            "count": 36,
            "created_time": "2024-12-08T05:16:32.190093Z",
            "yes_price": 5,
            "no_price": 95,
            "taker_side": "no"
        },
        {
            "trade_id": "4ef43ff1-b55c-4ae2-aad4-e9fbc126bf91",
            "ticker": "KXHIGHCHI-24DEC08-B49.5",
            "count": 1,
            "created_time": "2024-12-08T05:07:30.587379Z",
            "yes_price": 6,
            "no_price": 94,
            "taker_side": "yes"
        },
        {
            "trade_id": "b3101911-9807-4c00-8259-0cf196929b8a",
            "ticker": "KXHIGHCHI-24DEC08-B49.5",
            "count": 100,
            "created_time": "2024-12-08T05:04:14.679551Z",
            "yes_price": 5,
            "no_price": 95,
            "taker_side": "no"
        },
        {
            "trade_id": "4e5498da-3a47-4b49-a3ec-d9267daa02ab",
            "ticker": "KXHIGHCHI-24DEC08-B49.5",
            "count": 80,
            "created_time": "2024-12-08T05:04:14.679551Z",
            "yes_price": 5,
            "no_price": 95,
            "taker_side": "no"
        },
        {
            "trade_id": "ead130bb-6892-406f-aaaf-f066db8bba17",
            "ticker": "KXHIGHCHI-24DEC08-B49.5",
            "count": 20,
            "created_time": "2024-12-08T05:04:09.918795Z",
            "yes_price": 5,
            "no_price": 95,
            "taker_side": "no"
        },
        {
            "trade_id": "7c2a1bf2-d354-44cf-ac9e-eee5ac1349c4",
            "ticker": "KXHIGHCHI-24DEC08-B49.5",
            "count": 6,
            "created_time": "2024-12-08T04:58:08.044891Z",
            "yes_price": 5,
            "no_price": 95,
            "taker_side": "yes"
        },
        {
            "trade_id": "10eccf4c-1b50-4a9c-b9a2-bb322e2b38b6",
            "ticker": "KXHIGHCHI-24DEC08-B49.5",
            "count": 12,
            "created_time": "2024-12-08T04:56:59.105489Z",
            "yes_price": 5,
            "no_price": 95,
            "taker_side": "no"
        },
        {
            "trade_id": "99b04bf9-b8fb-4fef-89e9-5e337fadb44b",
            "ticker": "KXHIGHCHI-24DEC08-B49.5",
            "count": 10,
            "created_time": "2024-12-08T04:56:59.074533Z",
            "yes_price": 5,
            "no_price": 95,
            "taker_side": "no"
        },
        {
            "trade_id": "21331a7e-9389-42fe-b722-cb4257ef0cb1",
            "ticker": "KXHIGHCHI-24DEC08-B49.5",
            "count": 3,
            "created_time": "2024-12-08T04:56:59.074533Z",
            "yes_price": 5,
            "no_price": 95,
            "taker_side": "no"
        },
        {
            "trade_id": "bcab14d3-1fd4-4b36-aeda-fe34ecfa611a",
            "ticker": "KXHIGHCHI-24DEC08-B49.5",
            "count": 20,
            "created_time": "2024-12-08T04:53:01.711651Z",
            "yes_price": 4,
            "no_price": 96,
            "taker_side": "no"
        },
        {
            "trade_id": "cfc0ccbb-54f4-418d-9c21-a96da5d8aa2e",
            "ticker": "KXHIGHCHI-24DEC08-B49.5",
            "count": 18,
            "created_time": "2024-12-08T04:51:58.67937Z",
            "yes_price": 4,
            "no_price": 96,
            "taker_side": "no"
        },
        {
            "trade_id": "0ce0bd35-3728-4771-b9b4-940f3b782b73",
            "ticker": "KXHIGHCHI-24DEC08-B49.5",
            "count": 18,
            "created_time": "2024-12-08T04:51:58.672134Z",
            "yes_price": 4,
            "no_price": 96,
            "taker_side": "no"
        },
        {
            "trade_id": "7d0bcb8d-548d-4ac6-ae22-3a209e5a3910",
            "ticker": "KXHIGHCHI-24DEC08-B49.5",
            "count": 180,
            "created_time": "2024-12-08T04:49:48.307493Z",
            "yes_price": 4,
            "no_price": 96,
            "taker_side": "no"
        },
        {
            "trade_id": "ddc1903c-4e3d-455f-b160-76a97ce211dd",
            "ticker": "KXHIGHCHI-24DEC08-B49.5",
            "count": 50,
            "created_time": "2024-12-08T04:48:06.132287Z",
            "yes_price": 4,
            "no_price": 96,
            "taker_side": "no"
        },
        {
            "trade_id": "00d5116a-f704-4ec7-908b-3dc47086ab82",
            "ticker": "KXHIGHCHI-24DEC08-B49.5",
            "count": 1000,
            "created_time": "2024-12-08T04:39:59.331278Z",
            "yes_price": 5,
            "no_price": 95,
            "taker_side": "no"
        },
        {
            "trade_id": "c3c5fc11-8345-43fc-9cb9-2250551e529f",
            "ticker": "KXHIGHCHI-24DEC08-B49.5",
            "count": 240,
            "created_time": "2024-12-08T04:36:59.442472Z",
            "yes_price": 6,
            "no_price": 94,
            "taker_side": "yes"
        },
        {
            "trade_id": "6ce92ca6-4c4f-4c58-85f9-c398ca8ccbd6",
            "ticker": "KXHIGHCHI-24DEC08-B49.5",
            "count": 100,
            "created_time": "2024-12-08T04:36:59.442472Z",
            "yes_price": 5,
            "no_price": 95,
            "taker_side": "yes"
        },
        {
            "trade_id": "69b6bfd3-1bba-47d5-9d10-5315d66d4e2e",
            "ticker": "KXHIGHCHI-24DEC08-B49.5",
            "count": 24,
            "created_time": "2024-12-08T04:36:59.442472Z",
            "yes_price": 4,
            "no_price": 96,
            "taker_side": "yes"
        },
        {
            "trade_id": "057b1e44-a6c2-4055-846a-a688e4d7a1d9",
            "ticker": "KXHIGHCHI-24DEC08-B49.5",
            "count": 240,
            "created_time": "2024-12-08T04:36:59.442472Z",
            "yes_price": 7,
            "no_price": 93,
            "taker_side": "yes"
        },
        {
            "trade_id": "b2ef7170-c3fc-4802-a083-36d49da1414c",
            "ticker": "KXHIGHCHI-24DEC08-B49.5",
            "count": 58,
            "created_time": "2024-12-08T04:32:51.68844Z",
            "yes_price": 4,
            "no_price": 96,
            "taker_side": "yes"
        },
        {
            "trade_id": "54fab3d4-00fc-41b3-b346-1da91f8d94f9",
            "ticker": "KXHIGHCHI-24DEC08-B49.5",
            "count": 15,
            "created_time": "2024-12-08T04:32:51.68844Z",
            "yes_price": 5,
            "no_price": 95,
            "taker_side": "yes"
        },
        {
            "trade_id": "245266cc-3286-46e2-920f-6d645e633337",
            "ticker": "KXHIGHCHI-24DEC08-B49.5",
            "count": 200,
            "created_time": "2024-12-08T04:32:51.68844Z",
            "yes_price": 5,
            "no_price": 95,
            "taker_side": "yes"
        },
        {
            "trade_id": "ae105107-09f6-4138-a64b-613bc6f89ff9",
            "ticker": "KXHIGHCHI-24DEC08-B49.5",
            "count": 18,
            "created_time": "2024-12-08T04:21:20.969983Z",
            "yes_price": 3,
            "no_price": 97,
            "taker_side": "no"
        },
        {
            "trade_id": "f868bc60-3688-49b0-b51c-964c3dcbe98c",
            "ticker": "KXHIGHCHI-24DEC08-B49.5",
            "count": 24,
            "created_time": "2024-12-08T04:10:46.248432Z",
            "yes_price": 3,
            "no_price": 97,
            "taker_side": "no"
        },
        {
            "trade_id": "18eaba6e-99b7-407c-9e89-25842a782465",
            "ticker": "KXHIGHCHI-24DEC08-B49.5",
            "count": 3,
            "created_time": "2024-12-08T03:58:27.24642Z",
            "yes_price": 3,
            "no_price": 97,
            "taker_side": "no"
        },
        {
            "trade_id": "0df5b116-add9-4d81-aa80-00a29dbf916b",
            "ticker": "KXHIGHCHI-24DEC08-B49.5",
            "count": 5,
            "created_time": "2024-12-08T03:57:17.908752Z",
            "yes_price": 3,
            "no_price": 97,
            "taker_side": "no"
        },
        {
            "trade_id": "83b4f606-c542-4e64-9ef1-10bf702a69c2",
            "ticker": "KXHIGHCHI-24DEC08-B49.5",
            "count": 1,
            "created_time": "2024-12-08T03:57:04.979393Z",
            "yes_price": 3,
            "no_price": 97,
            "taker_side": "no"
        },
        {
            "trade_id": "aaabd433-a553-43d7-a8ba-6be497e7ca99",
            "ticker": "KXHIGHCHI-24DEC08-B49.5",
            "count": 100,
            "created_time": "2024-12-08T03:56:10.785604Z",
            "yes_price": 4,
            "no_price": 96,
            "taker_side": "yes"
        },
        {
            "trade_id": "d293e841-2285-4e88-a9cf-9e928b03d3cc",
            "ticker": "KXHIGHCHI-24DEC08-B49.5",
            "count": 10,
            "created_time": "2024-12-08T03:55:25.337006Z",
            "yes_price": 3,
            "no_price": 97,
            "taker_side": "no"
        },
        {
            "trade_id": "c7f6ce48-3e7e-4dd0-b54e-a3bbc167dcf6",
            "ticker": "KXHIGHCHI-24DEC08-B49.5",
            "count": 1,
            "created_time": "2024-12-08T03:49:13.798063Z",
            "yes_price": 3,
            "no_price": 97,
            "taker_side": "no"
        },
        {
            "trade_id": "f60e65e1-7e0b-4f23-bd5b-432238977db9",
            "ticker": "KXHIGHCHI-24DEC08-B49.5",
            "count": 68,
            "created_time": "2024-12-08T03:48:31.981343Z",
            "yes_price": 4,
            "no_price": 96,
            "taker_side": "no"
        },
        {
            "trade_id": "0b09c6d1-5933-438e-9b3f-c268f602919f",
            "ticker": "KXHIGHCHI-24DEC08-B49.5",
            "count": 90,
            "created_time": "2024-12-08T03:48:31.981343Z",
            "yes_price": 4,
            "no_price": 96,
            "taker_side": "no"
        },
        {
            "trade_id": "e39ed1fc-5935-4f37-9240-c57065542030",
            "ticker": "KXHIGHCHI-24DEC08-B49.5",
            "count": 27,
            "created_time": "2024-12-08T03:48:31.584995Z",
            "yes_price": 4,
            "no_price": 96,
            "taker_side": "no"
        },
        {
            "trade_id": "b58795c2-d777-4dcb-99e3-7cb410d12f0d",
            "ticker": "KXHIGHCHI-24DEC08-B49.5",
            "count": 31,
            "created_time": "2024-12-08T03:48:31.584995Z",
            "yes_price": 4,
            "no_price": 96,
            "taker_side": "no"
        },
        {
            "trade_id": "8185ed6d-0dc4-4714-89a7-9428f6399f47",
            "ticker": "KXHIGHCHI-24DEC08-B49.5",
            "count": 92,
            "created_time": "2024-12-08T03:48:31.584995Z",
            "yes_price": 4,
            "no_price": 96,
            "taker_side": "no"
        },
        {
            "trade_id": "4a5064ee-e235-484d-b4de-2764b14706b2",
            "ticker": "KXHIGHCHI-24DEC08-B49.5",
            "count": 90,
            "created_time": "2024-12-08T03:48:31.584995Z",
            "yes_price": 4,
            "no_price": 96,
            "taker_side": "no"
        },
        {
            "trade_id": "bf8e661a-ba4e-4d7c-8dd3-7229a65fd515",
            "ticker": "KXHIGHCHI-24DEC08-B49.5",
            "count": 15,
            "created_time": "2024-12-08T03:43:55.840735Z",
            "yes_price": 4,
            "no_price": 96,
            "taker_side": "no"
        },
        {
            "trade_id": "4189412e-cca7-435d-bcea-c8577ab91db5",
            "ticker": "KXHIGHCHI-24DEC08-B49.5",
            "count": 61,
            "created_time": "2024-12-08T03:43:55.840735Z",
            "yes_price": 4,
            "no_price": 96,
            "taker_side": "no"
        },
        {
            "trade_id": "9ff04d44-2f9a-4098-9582-db5860c9ee2b",
            "ticker": "KXHIGHCHI-24DEC08-B49.5",
            "count": 76,
            "created_time": "2024-12-08T03:43:55.833418Z",
            "yes_price": 4,
            "no_price": 96,
            "taker_side": "no"
        },
        {
            "trade_id": "3f33c17e-03b5-4dd8-97ee-fd50df6a58fa",
            "ticker": "KXHIGHCHI-24DEC08-B49.5",
            "count": 15,
            "created_time": "2024-12-08T03:43:04.692328Z",
            "yes_price": 5,
            "no_price": 95,
            "taker_side": "no"
        },
        {
            "trade_id": "e307e6c6-d391-4795-8c41-47c5616d63b7",
            "ticker": "KXHIGHCHI-24DEC08-B49.5",
            "count": 59,
            "created_time": "2024-12-08T03:41:19.553564Z",
            "yes_price": 5,
            "no_price": 95,
            "taker_side": "no"
        },
        {
            "trade_id": "01bdaaf1-143d-4eb2-9cfa-52d093bf8bf2",
            "ticker": "KXHIGHCHI-24DEC08-B49.5",
            "count": 1247,
            "created_time": "2024-12-08T03:38:24.278217Z",
            "yes_price": 9,
            "no_price": 91,
            "taker_side": "no"
        },
        {
            "trade_id": "ea4c237e-b59a-4526-bc7a-8ef97500b014",
            "ticker": "KXHIGHCHI-24DEC08-B49.5",
            "count": 700,
            "created_time": "2024-12-08T03:38:18.249492Z",
            "yes_price": 9,
            "no_price": 91,
            "taker_side": "no"
        },
        {
            "trade_id": "e4718d04-929f-429d-b565-c878ee277d76",
            "ticker": "KXHIGHCHI-24DEC08-B49.5",
            "count": 800,
            "created_time": "2024-12-08T03:37:58.898619Z",
            "yes_price": 9,
            "no_price": 91,
            "taker_side": "no"
        },
        {
            "trade_id": "7d8974c6-b91c-4309-bd60-ec29c24b902e",
            "ticker": "KXHIGHCHI-24DEC08-B49.5",
            "count": 197,
            "created_time": "2024-12-08T03:37:18.290649Z",
            "yes_price": 9,
            "no_price": 91,
            "taker_side": "no"
        },
        {
            "trade_id": "f8238d60-36ba-4b66-a732-02ce79454e59",
            "ticker": "KXHIGHCHI-24DEC08-B49.5",
            "count": 28,
            "created_time": "2024-12-08T03:37:09.714723Z",
            "yes_price": 9,
            "no_price": 91,
            "taker_side": "no"
        },
        {
            "trade_id": "d7f28f56-f1ca-4932-b148-7d9360ece585",
            "ticker": "KXHIGHCHI-24DEC08-B49.5",
            "count": 75,
            "created_time": "2024-12-08T03:33:53.477786Z",
            "yes_price": 10,
            "no_price": 90,
            "taker_side": "no"
        },
        {
            "trade_id": "bcbf30ff-b3f2-4199-add6-b0450078138c",
            "ticker": "KXHIGHCHI-24DEC08-B49.5",
            "count": 100,
            "created_time": "2024-12-08T03:32:51.557778Z",
            "yes_price": 10,
            "no_price": 90,
            "taker_side": "no"
        },
        {
            "trade_id": "7d84a37b-b716-4b89-833f-50db34440a98",
            "ticker": "KXHIGHCHI-24DEC08-B49.5",
            "count": 23,
            "created_time": "2024-12-08T03:25:59.927683Z",
            "yes_price": 9,
            "no_price": 91,
            "taker_side": "no"
        },
        {
            "trade_id": "dfb99423-8745-4a1c-97d0-8dd401275402",
            "ticker": "KXHIGHCHI-24DEC08-B49.5",
            "count": 69,
            "created_time": "2024-12-08T03:18:29.545988Z",
            "yes_price": 10,
            "no_price": 90,
            "taker_side": "yes"
        },
        {
            "trade_id": "bfb06c36-0904-41a9-a110-7dd0866f82a1",
            "ticker": "KXHIGHCHI-24DEC08-B49.5",
            "count": 31,
            "created_time": "2024-12-08T03:08:20.903803Z",
            "yes_price": 10,
            "no_price": 90,
            "taker_side": "no"
        },
        {
            "trade_id": "d5e8de64-d7ad-404f-ae48-228d2254dae5",
            "ticker": "KXHIGHCHI-24DEC08-B49.5",
            "count": 19,
            "created_time": "2024-12-08T03:08:15.180156Z",
            "yes_price": 10,
            "no_price": 90,
            "taker_side": "yes"
        },
        {
            "trade_id": "47092619-6754-4e05-abcb-1143e04c5ccb",
            "ticker": "KXHIGHCHI-24DEC08-B49.5",
            "count": 3,
            "created_time": "2024-12-08T03:07:47.497931Z",
            "yes_price": 10,
            "no_price": 90,
            "taker_side": "yes"
        },
        {
            "trade_id": "984de2eb-7967-44b5-aab3-1257630cb9c3",
            "ticker": "KXHIGHCHI-24DEC08-B49.5",
            "count": 22,
            "created_time": "2024-12-08T03:07:34.565619Z",
            "yes_price": 10,
            "no_price": 90,
            "taker_side": "yes"
        },
        {
            "trade_id": "686facac-2c0c-4983-a431-55fc570e3e70",
            "ticker": "KXHIGHCHI-24DEC08-B49.5",
            "count": 5,
            "created_time": "2024-12-08T03:07:02.885197Z",
            "yes_price": 9,
            "no_price": 91,
            "taker_side": "no"
        },
        {
            "trade_id": "cfb43c22-6cd1-4903-ae20-67e55dd3b4d4",
            "ticker": "KXHIGHCHI-24DEC08-B49.5",
            "count": 75,
            "created_time": "2024-12-08T03:06:30.507662Z",
            "yes_price": 10,
            "no_price": 90,
            "taker_side": "no"
        },
        {
            "trade_id": "8ac711cd-134e-4cae-aed8-a27f44effeb7",
            "ticker": "KXHIGHCHI-24DEC08-B49.5",
            "count": 100,
            "created_time": "2024-12-08T03:06:30.507662Z",
            "yes_price": 10,
            "no_price": 90,
            "taker_side": "no"
        },
        {
            "trade_id": "f15ba405-3292-42b1-9128-42859c658a68",
            "ticker": "KXHIGHCHI-24DEC08-B49.5",
            "count": 2,
            "created_time": "2024-12-08T02:44:41.68916Z",
            "yes_price": 12,
            "no_price": 88,
            "taker_side": "yes"
        },
        {
            "trade_id": "f4ef401e-823a-4961-b7c0-34104abf7d49",
            "ticker": "KXHIGHCHI-24DEC08-B49.5",
            "count": 22,
            "created_time": "2024-12-08T02:44:16.882206Z",
            "yes_price": 12,
            "no_price": 88,
            "taker_side": "yes"
        },
        {
            "trade_id": "65f28220-6296-4817-b603-a05d39ca6a6e",
            "ticker": "KXHIGHCHI-24DEC08-B49.5",
            "count": 100,
            "created_time": "2024-12-08T02:31:36.905495Z",
            "yes_price": 11,
            "no_price": 89,
            "taker_side": "no"
        },
        {
            "trade_id": "885589c5-cc15-4657-ae95-8704dc0a1c63",
            "ticker": "KXHIGHCHI-24DEC08-B49.5",
            "count": 100,
            "created_time": "2024-12-08T02:27:51.767805Z",
            "yes_price": 12,
            "no_price": 88,
            "taker_side": "no"
        },
        {
            "trade_id": "ce3b7441-b019-45da-a68f-f643ab04a4de",
            "ticker": "KXHIGHCHI-24DEC08-B49.5",
            "count": 6,
            "created_time": "2024-12-08T02:07:15.066564Z",
            "yes_price": 16,
            "no_price": 84,
            "taker_side": "yes"
        },
        {
            "trade_id": "18f4b495-10ed-45ae-bb2d-9c4474f7183a",
            "ticker": "KXHIGHCHI-24DEC08-B49.5",
            "count": 28,
            "created_time": "2024-12-08T02:07:15.066564Z",
            "yes_price": 13,
            "no_price": 87,
            "taker_side": "yes"
        },
        {
            "trade_id": "723c0678-f14d-4ca6-b4df-43a7b8f8024e",
            "ticker": "KXHIGHCHI-24DEC08-B49.5",
            "count": 2,
            "created_time": "2024-12-08T01:58:34.85353Z",
            "yes_price": 13,
            "no_price": 87,
            "taker_side": "yes"
        },
        {
            "trade_id": "ef9f8db6-79ed-40e1-a1f6-51b49faad876",
            "ticker": "KXHIGHCHI-24DEC08-B49.5",
            "count": 6,
            "created_time": "2024-12-08T01:57:37.694876Z",
            "yes_price": 13,
            "no_price": 87,
            "taker_side": "yes"
        },
        {
            "trade_id": "78ff3871-2fc4-4201-a4d9-eebb635fa78f",
            "ticker": "KXHIGHCHI-24DEC08-B49.5",
            "count": 80,
            "created_time": "2024-12-08T00:46:56.094927Z",
            "yes_price": 15,
            "no_price": 85,
            "taker_side": "no"
        },
        {
            "trade_id": "4f57ae74-3088-4be6-bb1a-9782d8a3585a",
            "ticker": "KXHIGHCHI-24DEC08-B49.5",
            "count": 150,
            "created_time": "2024-12-08T00:46:56.094927Z",
            "yes_price": 15,
            "no_price": 85,
            "taker_side": "no"
        },
        {
            "trade_id": "26eb6fd0-aaee-4d15-8a60-95f19c1c7a33",
            "ticker": "KXHIGHCHI-24DEC08-B49.5",
            "count": 120,
            "created_time": "2024-12-08T00:46:56.094927Z",
            "yes_price": 15,
            "no_price": 85,
            "taker_side": "no"
        },
        {
            "trade_id": "bb577f20-cfc2-4b34-b546-1fbe54415079",
            "ticker": "KXHIGHCHI-24DEC08-B49.5",
            "count": 20,
            "created_time": "2024-12-08T00:46:37.48283Z",
            "yes_price": 16,
            "no_price": 84,
            "taker_side": "no"
        },
        {
            "trade_id": "37ea6453-a34a-4612-b2cf-b124ef541153",
            "ticker": "KXHIGHCHI-24DEC08-B49.5",
            "count": 80,
            "created_time": "2024-12-08T00:46:37.48283Z",
            "yes_price": 16,
            "no_price": 84,
            "taker_side": "no"
        },
        {
            "trade_id": "13d467fe-d7ba-4d14-8e80-86e2561cfc63",
            "ticker": "KXHIGHCHI-24DEC08-B49.5",
            "count": 75,
            "created_time": "2024-12-07T23:48:34.097328Z",
            "yes_price": 11,
            "no_price": 89,
            "taker_side": "no"
        },
        {
            "trade_id": "0fb6ab67-cdf3-4bb1-9d71-df9309d9ca90",
            "ticker": "KXHIGHCHI-24DEC08-B49.5",
            "count": 50,
            "created_time": "2024-12-07T23:48:34.097328Z",
            "yes_price": 11,
            "no_price": 89,
            "taker_side": "no"
        },
        {
            "trade_id": "458a8a17-3308-41ad-9eab-5f408e30689d",
            "ticker": "KXHIGHCHI-24DEC08-B49.5",
            "count": 60,
            "created_time": "2024-12-07T23:45:46.245866Z",
            "yes_price": 15,
            "no_price": 85,
            "taker_side": "no"
        },
        {
            "trade_id": "fdd9a78a-175e-4001-8ead-8993cec229d8",
            "ticker": "KXHIGHCHI-24DEC08-B49.5",
            "count": 59,
            "created_time": "2024-12-07T23:45:46.186458Z",
            "yes_price": 16,
            "no_price": 84,
            "taker_side": "no"
        },
        {
            "trade_id": "7bf006f1-37d2-4ac1-94f4-e1a89bb3fc7f",
            "ticker": "KXHIGHCHI-24DEC08-B49.5",
            "count": 126,
            "created_time": "2024-12-07T23:45:46.186458Z",
            "yes_price": 15,
            "no_price": 85,
            "taker_side": "no"
        },
        {
            "trade_id": "06a9e36e-1960-417c-a4d9-1444baa894a4",
            "ticker": "KXHIGHCHI-24DEC08-B49.5",
            "count": 15,
            "created_time": "2024-12-07T23:45:46.186458Z",
            "yes_price": 15,
            "no_price": 85,
            "taker_side": "no"
        },
        {
            "trade_id": "a6bccd68-598a-43f8-9706-ddd79a139e2c",
            "ticker": "KXHIGHCHI-24DEC08-B49.5",
            "count": 150,
            "created_time": "2024-12-07T23:41:51.482155Z",
            "yes_price": 16,
            "no_price": 84,
            "taker_side": "yes"
        },
        {
            "trade_id": "f25da09d-2e7f-4cfc-981f-a85d68667cc4",
            "ticker": "KXHIGHCHI-24DEC08-B49.5",
            "count": 36,
            "created_time": "2024-12-07T23:39:36.637257Z",
            "yes_price": 16,
            "no_price": 84,
            "taker_side": "no"
        },
        {
            "trade_id": "f9e4fac9-3a98-40b9-ac8c-040745aa0af8",
            "ticker": "KXHIGHCHI-24DEC08-B49.5",
            "count": 68,
            "created_time": "2024-12-07T23:39:36.546551Z",
            "yes_price": 17,
            "no_price": 83,
            "taker_side": "no"
        },
        {
            "trade_id": "0994a16e-b07e-4a21-b3e5-ef9a9ff8b6aa",
            "ticker": "KXHIGHCHI-24DEC08-B49.5",
            "count": 32,
            "created_time": "2024-12-07T23:39:36.546551Z",
            "yes_price": 16,
            "no_price": 84,
            "taker_side": "no"
        },
        {
            "trade_id": "d7c00f99-f1a5-429c-9992-bed92b7da5c2",
            "ticker": "KXHIGHCHI-24DEC08-B49.5",
            "count": 16,
            "created_time": "2024-12-07T23:29:19.109562Z",
            "yes_price": 20,
            "no_price": 80,
            "taker_side": "no"
        },
        {
            "trade_id": "57713b92-e741-44fe-9acf-ddb2570fe5a9",
            "ticker": "KXHIGHCHI-24DEC08-B49.5",
            "count": 19,
            "created_time": "2024-12-07T23:22:46.474183Z",
            "yes_price": 19,
            "no_price": 81,
            "taker_side": "no"
        },
        {
            "trade_id": "7273d538-9041-443f-9189-f094a94a573e",
            "ticker": "KXHIGHCHI-24DEC08-B49.5",
            "count": 77,
            "created_time": "2024-12-07T23:09:38.841101Z",
            "yes_price": 15,
            "no_price": 85,
            "taker_side": "no"
        },
        {
            "trade_id": "2c822df0-3d49-4c00-b0bf-0f642982d154",
            "ticker": "KXHIGHCHI-24DEC08-B49.5",
            "count": 23,
            "created_time": "2024-12-07T23:09:04.814633Z",
            "yes_price": 15,
            "no_price": 85,
            "taker_side": "no"
        },
        {
            "trade_id": "ff220fd1-a365-4260-979f-3b6402243fd8",
            "ticker": "KXHIGHCHI-24DEC08-B49.5",
            "count": 1,
            "created_time": "2024-12-07T23:05:51.046909Z",
            "yes_price": 19,
            "no_price": 81,
            "taker_side": "yes"
        },
        {
            "trade_id": "8002bdcc-ef50-4eda-a485-818c06d9005f",
            "ticker": "KXHIGHCHI-24DEC08-B49.5",
            "count": 25,
            "created_time": "2024-12-07T22:55:30.348132Z",
            "yes_price": 17,
            "no_price": 83,
            "taker_side": "no"
        },
        {
            "trade_id": "f10a7071-39c3-4047-9a39-e06f7fceb68f",
            "ticker": "KXHIGHCHI-24DEC08-B49.5",
            "count": 25,
            "created_time": "2024-12-07T22:55:30.303724Z",
            "yes_price": 17,
            "no_price": 83,
            "taker_side": "no"
        },
        {
            "trade_id": "3a16752b-e67e-47bd-9a36-148cd62cabb1",
            "ticker": "KXHIGHCHI-24DEC08-B49.5",
            "count": 25,
            "created_time": "2024-12-07T22:55:30.055713Z",
            "yes_price": 17,
            "no_price": 83,
            "taker_side": "no"
        },
        {
            "trade_id": "436f5802-b87f-4bae-934d-5fee63de6a16",
            "ticker": "KXHIGHCHI-24DEC08-B49.5",
            "count": 5,
            "created_time": "2024-12-07T22:40:25.981313Z",
            "yes_price": 24,
            "no_price": 76,
            "taker_side": "no"
        },
        {
            "trade_id": "dda0a3d5-fa59-451e-8168-187d307673ae",
            "ticker": "KXHIGHCHI-24DEC08-B49.5",
            "count": 10,
            "created_time": "2024-12-07T22:39:27.808227Z",
            "yes_price": 25,
            "no_price": 75,
            "taker_side": "no"
        },
        {
            "trade_id": "9423bfb8-4558-435a-9658-19b1588d9294",
            "ticker": "KXHIGHCHI-24DEC08-B49.5",
            "count": 171,
            "created_time": "2024-12-07T22:13:33.860105Z",
            "yes_price": 24,
            "no_price": 76,
            "taker_side": "no"
        },
        {
            "trade_id": "51f9b758-bf1a-4ef3-8de6-f9f1f5b76909",
            "ticker": "KXHIGHCHI-24DEC08-B49.5",
            "count": 29,
            "created_time": "2024-12-07T22:13:33.860105Z",
            "yes_price": 25,
            "no_price": 75,
            "taker_side": "no"
        },
        {
            "trade_id": "a30d9a63-6545-4d1e-9fff-54b9546e98ee",
            "ticker": "KXHIGHCHI-24DEC08-B49.5",
            "count": 100,
            "created_time": "2024-12-07T22:03:34.916613Z",
            "yes_price": 28,
            "no_price": 72,
            "taker_side": "yes"
        },
        {
            "trade_id": "fe006d17-d62b-4230-82f6-fe15589ab5da",
            "ticker": "KXHIGHCHI-24DEC08-B49.5",
            "count": 27,
            "created_time": "2024-12-07T22:03:34.855599Z",
            "yes_price": 27,
            "no_price": 73,
            "taker_side": "yes"
        },
        {
            "trade_id": "48919788-d1d0-4d95-abe4-39bef2b36537",
            "ticker": "KXHIGHCHI-24DEC08-B49.5",
            "count": 100,
            "created_time": "2024-12-07T21:51:59.102076Z",
            "yes_price": 26,
