{
    "HIGHCHI-24SEP02-T70": [
        {
            "trade_id": "f2f34aa9-a808-4ab2-a127-c3d922ff1ef8",
            "ticker": "HIGHCHI-24SEP02-T70",
            "count": 28,
            "created_time": "2024-09-02T14:47:52.929036Z",
            "yes_price": 1,
            "no_price": 99,
            "taker_side": "no"
        },
        {
            "trade_id": "b70ba129-e2d8-40b9-88cb-3b19998ddc10",
            "ticker": "HIGHCHI-24SEP02-T70",
            "count": 22,
            "created_time": "2024-09-02T13:27:33.697017Z",
            "yes_price": 1,
            "no_price": 99,
            "taker_side": "no"
        }
    ],
    "HIGHCHI-24SEP02-B70.5": [
        {
            "trade_id": "f927e41c-8eb3-4afd-a640-dcbcfba25e76",
            "ticker": "HIGHCHI-24SEP02-B70.5",
            "count": 50,
            "created_time": "2024-09-02T16:21:37.530458Z",
            "yes_price": 1,
            "no_price": 99,
            "taker_side": "no"
        }
    ],
    "HIGHCHI-24SEP02-B72.5": [
        {
            "trade_id": "c4c2f5df-c8cc-4db2-8c3b-fcd4bf4337af",
            "ticker": "HIGHCHI-24SEP02-B72.5",
            "count": 41,
            "created_time": "2024-09-02T20:51:57.215515Z",
            "yes_price": 1,
            "no_price": 99,
            "taker_side": "yes"
        },
        {
            "trade_id": "f023fc31-3d59-45a5-88ac-7b6df274f1b3",
            "ticker": "HIGHCHI-24SEP02-B72.5",
            "count": 50,
            "created_time": "2024-09-02T18:42:28.653953Z",
            "yes_price": 1,
            "no_price": 99,
            "taker_side": "no"
        },
        {
            "trade_id": "fec0ebca-7db9-48bd-9711-c800a7b5937d",
            "ticker": "HIGHCHI-24SEP02-B72.5",
            "count": 55,
            "created_time": "2024-09-02T18:25:03.830789Z",
            "yes_price": 23,
            "no_price": 77,
            "taker_side": "yes"
        },
        {
            "trade_id": "eebe0c70-3d60-4185-80a6-e1b929872179",
            "ticker": "HIGHCHI-24SEP02-B72.5",
            "count": 200,
            "created_time": "2024-09-02T14:56:43.45951Z",
            "yes_price": 10,
            "no_price": 90,
            "taker_side": "yes"
        },
        {
            "trade_id": "df9021f1-0b83-4c85-9f30-830039f80204",
            "ticker": "HIGHCHI-24SEP02-B72.5",
            "count": 177,
            "created_time": "2024-09-02T14:56:43.45951Z",
            "yes_price": 11,
            "no_price": 89,
            "taker_side": "yes"
        },
        {
            "trade_id": "95cc4cfa-8f64-4521-856b-0f092b28cbce",
            "ticker": "HIGHCHI-24SEP02-B72.5",
            "count": 54,
            "created_time": "2024-09-02T14:56:43.45951Z",
            "yes_price": 10,
            "no_price": 90,
            "taker_side": "yes"
        },
        {
            "trade_id": "7b8edf00-8f42-49cc-a31c-277186cfe7c5",
            "ticker": "HIGHCHI-24SEP02-B72.5",
            "count": 180,
            "created_time": "2024-09-02T14:56:43.45951Z",
            "yes_price": 12,
            "no_price": 88,
            "taker_side": "yes"
        },
        {
            "trade_id": "cad4c89d-1b9e-49e2-ba7d-150858aec119",
            "ticker": "HIGHCHI-24SEP02-B72.5",
            "count": 90,
            "created_time": "2024-09-02T13:38:18.357238Z",
            "yes_price": 10,
            "no_price": 90,
            "taker_side": "yes"
        },
        {
            "trade_id": "c49b2344-cb12-4da0-800a-184367e9cc2d",
            "ticker": "HIGHCHI-24SEP02-B72.5",
            "count": 3,
            "created_time": "2024-09-02T13:38:18.357238Z",
            "yes_price": 11,
            "no_price": 89,
            "taker_side": "yes"
        },
        {
            "trade_id": "3752ef3a-0cb6-470f-82e8-9bc78cc01ad5",
            "ticker": "HIGHCHI-24SEP02-B72.5",
            "count": 47,
            "created_time": "2024-09-02T13:23:08.742942Z",
            "yes_price": 10,
            "no_price": 90,
            "taker_side": "yes"
        },
        {
            "trade_id": "91a1b532-4242-461d-abfc-41608d6b663a",
            "ticker": "HIGHCHI-24SEP02-B72.5",
            "count": 10,
            "created_time": "2024-09-02T12:33:33.72645Z",
            "yes_price": 9,
            "no_price": 91,
            "taker_side": "yes"
        },
        {
            "trade_id": "5e7b7459-d6e7-4b43-9042-c7da7aa342a3",
            "ticker": "HIGHCHI-24SEP02-B72.5",
            "count": 36,
            "created_time": "2024-09-02T01:53:29.330865Z",
            "yes_price": 10,
            "no_price": 90,
            "taker_side": "yes"
        },
        {
            "trade_id": "ff93f7f9-584f-4d68-bae1-c42ea7904000",
            "ticker": "HIGHCHI-24SEP02-B72.5",
            "count": 20,
            "created_time": "2024-09-01T21:40:40.892397Z",
            "yes_price": 18,
            "no_price": 82,
            "taker_side": "no"
        },
        {
            "trade_id": "1168165f-a24f-4781-b94c-27acfffc9a73",
            "ticker": "HIGHCHI-24SEP02-B72.5",
            "count": 180,
            "created_time": "2024-09-01T21:40:40.876694Z",
            "yes_price": 18,
            "no_price": 82,
            "taker_side": "no"
        },
        {
            "trade_id": "9762da8d-deff-4f5d-89b5-61be17feee45",
            "ticker": "HIGHCHI-24SEP02-B72.5",
            "count": 36,
            "created_time": "2024-09-01T17:43:56.251044Z",
            "yes_price": 17,
            "no_price": 83,
            "taker_side": "no"
        },
        {
            "trade_id": "f43b8bd8-245a-4c01-aad9-320b803efc23",
            "ticker": "HIGHCHI-24SEP02-B72.5",
            "count": 54,
            "created_time": "2024-09-01T16:40:25.445673Z",
            "yes_price": 19,
            "no_price": 81,
            "taker_side": "no"
        },
        {
            "trade_id": "b31e3f9f-5ab4-4cf6-8099-2dea9749fd9d",
            "ticker": "HIGHCHI-24SEP02-B72.5",
            "count": 180,
            "created_time": "2024-09-01T16:40:25.445673Z",
            "yes_price": 17,
            "no_price": 83,
            "taker_side": "no"
        },
        {
            "trade_id": "af817de3-5f32-4af6-a9a5-68faa700bb7b",
            "ticker": "HIGHCHI-24SEP02-B72.5",
            "count": 15,
            "created_time": "2024-09-01T16:08:34.061773Z",
            "yes_price": 18,
            "no_price": 82,
            "taker_side": "yes"
        },
        {
            "trade_id": "5eaf30cc-d5c8-440f-9348-73e008eefc87",
            "ticker": "HIGHCHI-24SEP02-B72.5",
            "count": 50,
            "created_time": "2024-09-01T16:08:34.047325Z",
            "yes_price": 13,
            "no_price": 87,
            "taker_side": "yes"
        },
        {
            "trade_id": "3043b4f0-6b1f-4d2f-9d1c-4954982721a9",
            "ticker": "HIGHCHI-24SEP02-B72.5",
            "count": 40,
            "created_time": "2024-09-01T16:08:34.047325Z",
            "yes_price": 18,
            "no_price": 82,
            "taker_side": "yes"
        },
        {
            "trade_id": "d35acff0-518b-425d-a23c-6631a2703220",
            "ticker": "HIGHCHI-24SEP02-B72.5",
            "count": 41,
            "created_time": "2024-09-01T15:40:52.400247Z",
            "yes_price": 16,
            "no_price": 84,
            "taker_side": "no"
        },
        {
            "trade_id": "52c12ebb-21d2-42c0-b334-4ccb089317a6",
            "ticker": "HIGHCHI-24SEP02-B72.5",
            "count": 5,
            "created_time": "2024-09-01T15:14:04.767269Z",
            "yes_price": 18,
            "no_price": 82,
            "taker_side": "yes"
        }
    ],
    "HIGHCHI-24SEP02-B74.5": [
        {
            "trade_id": "02e1e737-0ec3-4d23-8981-914f1e5449bc",
            "ticker": "HIGHCHI-24SEP02-B74.5",
            "count": 90,
            "created_time": "2024-09-03T00:16:22.112452Z",
            "yes_price": 99,
            "no_price": 1,
            "taker_side": "no"
        },
        {
            "trade_id": "ae74c689-55fa-470b-8d40-fcbcd0502856",
            "ticker": "HIGHCHI-24SEP02-B74.5",
            "count": 10,
            "created_time": "2024-09-03T00:06:57.625165Z",
            "yes_price": 99,
            "no_price": 1,
            "taker_side": "yes"
        },
        {
            "trade_id": "a3a73db2-6f72-4151-9e6a-e01942612fed",
            "ticker": "HIGHCHI-24SEP02-B74.5",
            "count": 70,
            "created_time": "2024-09-02T23:42:05.160789Z",
            "yes_price": 99,
            "no_price": 1,
            "taker_side": "yes"
        },
        {
            "trade_id": "f71cbb88-b4c2-4df1-8e48-e51810c4e850",
            "ticker": "HIGHCHI-24SEP02-B74.5",
            "count": 60,
            "created_time": "2024-09-02T22:50:45.138091Z",
            "yes_price": 99,
            "no_price": 1,
            "taker_side": "yes"
        },
        {
            "trade_id": "9f1369a6-a23f-4535-977c-d39d90f5ee60",
            "ticker": "HIGHCHI-24SEP02-B74.5",
            "count": 70,
            "created_time": "2024-09-02T21:55:27.707969Z",
            "yes_price": 99,
            "no_price": 1,
            "taker_side": "no"
        },
        {
            "trade_id": "c1fdbd0b-0b8d-4f72-a3a2-093908d568a3",
            "ticker": "HIGHCHI-24SEP02-B74.5",
            "count": 50,
            "created_time": "2024-09-02T21:00:25.336995Z",
            "yes_price": 99,
            "no_price": 1,
            "taker_side": "yes"
        },
        {
            "trade_id": "71c7f19a-14ad-4a0c-919e-2ff5a540d4de",
            "ticker": "HIGHCHI-24SEP02-B74.5",
            "count": 20,
            "created_time": "2024-09-02T20:52:18.093354Z",
            "yes_price": 98,
            "no_price": 2,
            "taker_side": "yes"
        },
        {
            "trade_id": "5aaa35d5-1c54-42ac-bda5-83bac02a48be",
            "ticker": "HIGHCHI-24SEP02-B74.5",
            "count": 1,
            "created_time": "2024-09-02T20:51:54.290412Z",
            "yes_price": 93,
            "no_price": 7,
            "taker_side": "yes"
        },
        {
            "trade_id": "53a90aa7-cd82-44fe-a879-01a758daac97",
            "ticker": "HIGHCHI-24SEP02-B74.5",
            "count": 25,
            "created_time": "2024-09-02T20:51:54.290412Z",
            "yes_price": 97,
            "no_price": 3,
            "taker_side": "yes"
        },
        {
            "trade_id": "e4c8ba2a-0050-4abd-862e-2e0dd6fbbc92",
            "ticker": "HIGHCHI-24SEP02-B74.5",
            "count": 16,
            "created_time": "2024-09-02T18:48:30.039673Z",
            "yes_price": 64,
            "no_price": 36,
            "taker_side": "yes"
        },
        {
            "trade_id": "9591072d-1e79-4d26-bfc5-4654f1ae644c",
            "ticker": "HIGHCHI-24SEP02-B74.5",
            "count": 14,
            "created_time": "2024-09-02T18:48:30.039673Z",
            "yes_price": 64,
            "no_price": 36,
            "taker_side": "yes"
        },
        {
            "trade_id": "171ca1db-5658-49dd-bf3a-be222f49b7f5",
            "ticker": "HIGHCHI-24SEP02-B74.5",
            "count": 55,
            "created_time": "2024-09-02T18:47:29.279524Z",
            "yes_price": 59,
            "no_price": 41,
            "taker_side": "yes"
        },
        {
            "trade_id": "762b7bee-b9cf-4732-a135-400a7241617a",
            "ticker": "HIGHCHI-24SEP02-B74.5",
            "count": 5,
            "created_time": "2024-09-02T18:16:32.830718Z",
            "yes_price": 64,
            "no_price": 36,
            "taker_side": "yes"
        },
        {
            "trade_id": "7e0c3520-9281-43b5-a2b5-d4e26f4712c0",
            "ticker": "HIGHCHI-24SEP02-B74.5",
            "count": 7,
            "created_time": "2024-09-02T16:22:40.984931Z",
            "yes_price": 71,
            "no_price": 29,
            "taker_side": "yes"
        },
        {
            "trade_id": "283abcd5-0366-4520-ac2a-b47e4a679b0a",
            "ticker": "HIGHCHI-24SEP02-B74.5",
            "count": 6,
            "created_time": "2024-09-02T15:14:58.13291Z",
            "yes_price": 65,
            "no_price": 35,
            "taker_side": "yes"
        },
        {
            "trade_id": "96422770-e1f1-4121-9852-fc5420f02b24",
            "ticker": "HIGHCHI-24SEP02-B74.5",
            "count": 198,
            "created_time": "2024-09-02T15:01:17.974251Z",
            "yes_price": 59,
            "no_price": 41,
            "taker_side": "no"
        },
        {
            "trade_id": "23f14576-4fd0-49f4-b354-faa42dee55ca",
            "ticker": "HIGHCHI-24SEP02-B74.5",
            "count": 34,
            "created_time": "2024-09-02T15:01:17.974251Z",
            "yes_price": 57,
            "no_price": 43,
            "taker_side": "no"
        },
        {
            "trade_id": "595aa3d0-9cb1-4b6d-9509-c6eb77b59456",
            "ticker": "HIGHCHI-24SEP02-B74.5",
            "count": 18,
            "created_time": "2024-09-02T14:57:24.270336Z",
            "yes_price": 61,
            "no_price": 39,
            "taker_side": "yes"
        },
        {
            "trade_id": "4278e96f-683c-430c-a424-fb6d55e2b67b",
            "ticker": "HIGHCHI-24SEP02-B74.5",
            "count": 180,
            "created_time": "2024-09-02T14:57:24.270336Z",
            "yes_price": 63,
            "no_price": 37,
            "taker_side": "yes"
        },
        {
            "trade_id": "a736c829-e3db-4e06-9bb6-a1a6775b21a5",
            "ticker": "HIGHCHI-24SEP02-B74.5",
            "count": 82,
            "created_time": "2024-09-02T14:36:39.061595Z",
            "yes_price": 62,
            "no_price": 38,
            "taker_side": "no"
        },
        {
            "trade_id": "dbc9aa25-59aa-4e5d-917a-4f7d4806b041",
            "ticker": "HIGHCHI-24SEP02-B74.5",
            "count": 18,
            "created_time": "2024-09-02T14:36:31.982571Z",
            "yes_price": 62,
            "no_price": 38,
            "taker_side": "no"
        },
        {
            "trade_id": "31ba9255-544d-4fb4-81f3-7de38b18d6a7",
            "ticker": "HIGHCHI-24SEP02-B74.5",
            "count": 15,
            "created_time": "2024-09-02T13:46:43.529537Z",
            "yes_price": 63,
            "no_price": 37,
            "taker_side": "yes"
        },
        {
            "trade_id": "d9dff87a-d1c4-472e-bb5b-09ae4f519803",
            "ticker": "HIGHCHI-24SEP02-B74.5",
            "count": 20,
            "created_time": "2024-09-02T13:36:41.500307Z",
            "yes_price": 63,
            "no_price": 37,
            "taker_side": "yes"
        },
        {
            "trade_id": "c47c2473-250c-4819-8737-8194913c7203",
            "ticker": "HIGHCHI-24SEP02-B74.5",
            "count": 18,
            "created_time": "2024-09-02T13:35:58.094881Z",
            "yes_price": 64,
            "no_price": 36,
            "taker_side": "yes"
        },
        {
            "trade_id": "87ee33c7-492d-496b-839e-61005cd82aa1",
            "ticker": "HIGHCHI-24SEP02-B74.5",
            "count": 54,
            "created_time": "2024-09-02T13:33:31.238909Z",
            "yes_price": 59,
            "no_price": 41,
            "taker_side": "no"
        },
        {
            "trade_id": "3cb0f2f1-1f43-4339-a68b-5c5aa8004d94",
            "ticker": "HIGHCHI-24SEP02-B74.5",
            "count": 146,
            "created_time": "2024-09-02T13:33:31.238909Z",
            "yes_price": 56,
            "no_price": 44,
            "taker_side": "no"
        },
        {
            "trade_id": "f61e0bf6-2ef8-494f-bc04-9cd4ac1ebb8c",
            "ticker": "HIGHCHI-24SEP02-B74.5",
            "count": 6,
            "created_time": "2024-09-02T12:56:01.663084Z",
            "yes_price": 69,
            "no_price": 31,
            "taker_side": "yes"
        },
        {
            "trade_id": "4e20ad2c-6bac-489c-b865-ddbc6355170a",
            "ticker": "HIGHCHI-24SEP02-B74.5",
            "count": 2,
            "created_time": "2024-09-02T12:52:52.133658Z",
            "yes_price": 69,
            "no_price": 31,
            "taker_side": "yes"
        },
        {
            "trade_id": "7d4222f7-5c7b-415f-83a5-44af5cf9cc0d",
            "ticker": "HIGHCHI-24SEP02-B74.5",
            "count": 8,
            "created_time": "2024-09-02T12:52:21.765384Z",
            "yes_price": 69,
            "no_price": 31,
            "taker_side": "yes"
        },
        {
            "trade_id": "aedceacc-2a8d-48d1-963a-59c6abf67852",
            "ticker": "HIGHCHI-24SEP02-B74.5",
            "count": 54,
            "created_time": "2024-09-02T12:31:23.211525Z",
            "yes_price": 62,
            "no_price": 38,
            "taker_side": "yes"
        },
        {
            "trade_id": "2f7f3c0f-eb42-4a3d-abfa-b5d52863e8f7",
            "ticker": "HIGHCHI-24SEP02-B74.5",
            "count": 69,
            "created_time": "2024-09-02T12:31:23.211525Z",
            "yes_price": 67,
            "no_price": 33,
            "taker_side": "yes"
        },
        {
            "trade_id": "08594430-ac85-47fa-807b-944edcc05df2",
            "ticker": "HIGHCHI-24SEP02-B74.5",
            "count": 180,
            "created_time": "2024-09-02T12:31:23.211525Z",
            "yes_price": 64,
            "no_price": 36,
            "taker_side": "yes"
        },
        {
            "trade_id": "d6907f21-b7e9-4dc1-b268-73abda971d4c",
            "ticker": "HIGHCHI-24SEP02-B74.5",
            "count": 32,
            "created_time": "2024-09-02T12:07:31.045031Z",
            "yes_price": 55,
            "no_price": 45,
            "taker_side": "no"
        },
        {
            "trade_id": "08d71f1a-0325-4875-b73f-ce2153ae75b1",
            "ticker": "HIGHCHI-24SEP02-B74.5",
            "count": 1,
            "created_time": "2024-09-02T12:06:40.446502Z",
            "yes_price": 62,
            "no_price": 38,
            "taker_side": "yes"
        },
        {
            "trade_id": "c1e824d2-c862-4f91-864c-fffe2be77af6",
            "ticker": "HIGHCHI-24SEP02-B74.5",
            "count": 400,
            "created_time": "2024-09-02T03:00:09.655063Z",
            "yes_price": 51,
            "no_price": 49,
            "taker_side": "no"
        },
        {
            "trade_id": "ac9bd568-9ff2-4d98-bb50-944ab56cb287",
            "ticker": "HIGHCHI-24SEP02-B74.5",
            "count": 54,
            "created_time": "2024-09-02T03:00:09.655063Z",
            "yes_price": 51,
            "no_price": 49,
            "taker_side": "no"
        },
        {
            "trade_id": "f91dc5cb-8e33-46fc-b99a-a5405e6275da",
            "ticker": "HIGHCHI-24SEP02-B74.5",
            "count": 16,
            "created_time": "2024-09-02T02:37:59.377753Z",
            "yes_price": 57,
            "no_price": 43,
            "taker_side": "yes"
        },
        {
            "trade_id": "cc525493-38a2-4fd2-a704-781e27cd88d0",
            "ticker": "HIGHCHI-24SEP02-B74.5",
            "count": 17,
            "created_time": "2024-09-02T02:37:48.258907Z",
            "yes_price": 56,
            "no_price": 44,
            "taker_side": "yes"
        },
        {
            "trade_id": "b866e577-7223-4a6e-a99f-244a0a62d63c",
            "ticker": "HIGHCHI-24SEP02-B74.5",
            "count": 17,
            "created_time": "2024-09-02T02:37:35.542824Z",
            "yes_price": 56,
            "no_price": 44,
            "taker_side": "yes"
        },
        {
            "trade_id": "291d5fdc-cb80-42a3-8e1e-e8d0fee75227",
            "ticker": "HIGHCHI-24SEP02-B74.5",
            "count": 17,
            "created_time": "2024-09-02T02:37:19.406338Z",
            "yes_price": 56,
            "no_price": 44,
            "taker_side": "yes"
        },
        {
            "trade_id": "347a4810-fc1a-4cc3-8c87-7c943f309477",
            "ticker": "HIGHCHI-24SEP02-B74.5",
            "count": 17,
            "created_time": "2024-09-02T02:36:21.505867Z",
            "yes_price": 56,
            "no_price": 44,
            "taker_side": "yes"
        },
        {
            "trade_id": "090c661f-7dd5-4b82-84a3-1e6fde29aa2e",
            "ticker": "HIGHCHI-24SEP02-B74.5",
            "count": 30,
            "created_time": "2024-09-02T01:53:18.852815Z",
            "yes_price": 55,
            "no_price": 45,
            "taker_side": "yes"
        },
        {
            "trade_id": "5f51cfaa-f1aa-4354-ac4a-179e6f0fb760",
            "ticker": "HIGHCHI-24SEP02-B74.5",
            "count": 54,
            "created_time": "2024-09-02T00:28:13.489328Z",
            "yes_price": 53,
            "no_price": 47,
            "taker_side": "yes"
        },
        {
            "trade_id": "51c2db5f-dd0f-48ec-819e-7dea8dea66ed",
            "ticker": "HIGHCHI-24SEP02-B74.5",
            "count": 36,
            "created_time": "2024-09-02T00:28:13.489328Z",
            "yes_price": 55,
            "no_price": 45,
            "taker_side": "yes"
        },
        {
            "trade_id": "0e6bd6aa-5dae-496c-beb9-cfa0afb6225c",
            "ticker": "HIGHCHI-24SEP02-B74.5",
            "count": 90,
            "created_time": "2024-09-01T23:00:14.932315Z",
            "yes_price": 53,
            "no_price": 47,
            "taker_side": "yes"
        },
        {
            "trade_id": "248fc923-620b-4d0e-9bb4-0e147af0d86c",
            "ticker": "HIGHCHI-24SEP02-B74.5",
            "count": 52,
            "created_time": "2024-09-01T22:59:55.898248Z",
            "yes_price": 52,
            "no_price": 48,
            "taker_side": "yes"
        },
        {
            "trade_id": "5120b5e6-8505-4abc-b3ca-f8f6e8b5f90f",
            "ticker": "HIGHCHI-24SEP02-B74.5",
            "count": 2,
            "created_time": "2024-09-01T22:36:05.9556Z",
            "yes_price": 52,
            "no_price": 48,
            "taker_side": "yes"
        },
        {
            "trade_id": "d7182179-e8b0-471e-a2e1-db24c2aee8b5",
            "ticker": "HIGHCHI-24SEP02-B74.5",
            "count": 90,
            "created_time": "2024-09-01T21:43:07.715377Z",
            "yes_price": 51,
            "no_price": 49,
            "taker_side": "yes"
        },
        {
            "trade_id": "023c9389-5e8d-4e96-9a2e-12976adced56",
            "ticker": "HIGHCHI-24SEP02-B74.5",
            "count": 18,
            "created_time": "2024-09-01T21:42:46.186518Z",
            "yes_price": 50,
            "no_price": 50,
            "taker_side": "yes"
        },
        {
            "trade_id": "b6d58437-42f3-4fd7-8200-09b563e3ae5f",
            "ticker": "HIGHCHI-24SEP02-B74.5",
            "count": 100,
            "created_time": "2024-09-01T21:32:50.636911Z",
            "yes_price": 53,
            "no_price": 47,
            "taker_side": "yes"
        },
        {
            "trade_id": "6e40ee2f-5292-497d-b8a0-cdb3e6ad37d5",
            "ticker": "HIGHCHI-24SEP02-B74.5",
            "count": 54,
            "created_time": "2024-09-01T18:03:54.602118Z",
            "yes_price": 56,
            "no_price": 44,
            "taker_side": "yes"
        },
        {
            "trade_id": "5eeec251-c336-4178-b7c4-9d7ff4591723",
            "ticker": "HIGHCHI-24SEP02-B74.5",
            "count": 55,
            "created_time": "2024-09-01T17:58:17.149786Z",
            "yes_price": 54,
            "no_price": 46,
            "taker_side": "yes"
        },
        {
            "trade_id": "16e3988e-87cb-4248-acbd-231cca3e5d6b",
            "ticker": "HIGHCHI-24SEP02-B74.5",
            "count": 90,
            "created_time": "2024-09-01T17:58:17.149786Z",
            "yes_price": 55,
            "no_price": 45,
            "taker_side": "yes"
        },
        {
            "trade_id": "9bc47ce8-44ef-4665-8d34-614fb97a2e11",
            "ticker": "HIGHCHI-24SEP02-B74.5",
            "count": 3,
            "created_time": "2024-09-01T17:27:05.237848Z",
            "yes_price": 53,
            "no_price": 47,
            "taker_side": "yes"
        },
        {
            "trade_id": "98c95e79-e008-4847-9809-343ecd2bcb81",
            "ticker": "HIGHCHI-24SEP02-B74.5",
            "count": 55,
            "created_time": "2024-09-01T15:52:34.746506Z",
            "yes_price": 50,
            "no_price": 50,
            "taker_side": "yes"
        },
        {
            "trade_id": "e22bd222-e3b5-4bae-a183-7b5e8991c0b8",
            "ticker": "HIGHCHI-24SEP02-B74.5",
            "count": 22,
            "created_time": "2024-09-01T15:50:04.322627Z",
            "yes_price": 50,
            "no_price": 50,
            "taker_side": "yes"
        },
        {
            "trade_id": "ba5ef160-bf20-4087-9b01-703f8c29e5fb",
            "ticker": "HIGHCHI-24SEP02-B74.5",
            "count": 180,
            "created_time": "2024-09-01T15:50:04.322627Z",
            "yes_price": 55,
            "no_price": 45,
            "taker_side": "yes"
        },
        {
            "trade_id": "419c2a88-feec-46b8-bab6-e01c6782b019",
            "ticker": "HIGHCHI-24SEP02-B74.5",
            "count": 180,
            "created_time": "2024-09-01T15:50:04.322627Z",
            "yes_price": 52,
            "no_price": 48,
            "taker_side": "yes"
        },
        {
            "trade_id": "2d752674-2a35-44ff-b6df-0bf5c6adc1d0",
            "ticker": "HIGHCHI-24SEP02-B74.5",
            "count": 50,
            "created_time": "2024-09-01T15:50:04.322627Z",
            "yes_price": 49,
            "no_price": 51,
            "taker_side": "yes"
        },
        {
            "trade_id": "2869f6af-753c-4900-911c-a7c663a1395d",
            "ticker": "HIGHCHI-24SEP02-B74.5",
            "count": 36,
            "created_time": "2024-09-01T15:50:04.322627Z",
            "yes_price": 50,
            "no_price": 50,
            "taker_side": "yes"
        },
        {
            "trade_id": "dae3bee9-0d8f-42d8-bce4-5bcd2f6e9e7d",
            "ticker": "HIGHCHI-24SEP02-B74.5",
            "count": 5,
            "created_time": "2024-09-01T15:14:00.486472Z",
            "yes_price": 49,
            "no_price": 51,
            "taker_side": "yes"
        },
        {
            "trade_id": "3e01ee3c-4816-4ce6-95be-5bf4876860f3",
            "ticker": "HIGHCHI-24SEP02-B74.5",
            "count": 17,
            "created_time": "2024-09-01T14:49:11.778471Z",
            "yes_price": 46,
            "no_price": 54,
            "taker_side": "yes"
        },
        {
            "trade_id": "d74896d3-a272-4d11-8594-c097fa3f1399",
            "ticker": "HIGHCHI-24SEP02-B74.5",
            "count": 20,
            "created_time": "2024-09-01T14:48:57.665541Z",
            "yes_price": 46,
            "no_price": 54,
            "taker_side": "yes"
        },
        {
            "trade_id": "b46f7f4e-5020-478a-b125-cb5fff251bda",
            "ticker": "HIGHCHI-24SEP02-B74.5",
            "count": 21,
            "created_time": "2024-09-01T14:35:48.380447Z",
            "yes_price": 45,
            "no_price": 55,
            "taker_side": "yes"
        },
        {
            "trade_id": "b50e9459-9bd0-45c9-bee6-3bd2b1cef4e8",
            "ticker": "HIGHCHI-24SEP02-B74.5",
            "count": 21,
            "created_time": "2024-09-01T14:35:30.23132Z",
            "yes_price": 45,
            "no_price": 55,
            "taker_side": "yes"
        },
        {
            "trade_id": "c1720b38-b3f1-4671-b195-8da98f34d510",
            "ticker": "HIGHCHI-24SEP02-B74.5",
            "count": 14,
            "created_time": "2024-09-01T14:35:23.622904Z",
            "yes_price": 45,
            "no_price": 55,
            "taker_side": "yes"
        },
        {
            "trade_id": "663946ae-1712-41f6-8977-d37f74174a10",
            "ticker": "HIGHCHI-24SEP02-B74.5",
            "count": 7,
            "created_time": "2024-09-01T14:35:23.622904Z",
            "yes_price": 44,
            "no_price": 56,
            "taker_side": "yes"
        }
    ],
    "HIGHCHI-24SEP02-B76.5": [
        {
            "trade_id": "3b4deffb-b2be-43f3-9724-a46048367e2c",
            "ticker": "HIGHCHI-24SEP02-B76.5",
            "count": 50,
            "created_time": "2024-09-02T21:35:37.344901Z",
            "yes_price": 1,
            "no_price": 99,
            "taker_side": "no"
        },
        {
            "trade_id": "cd925891-24af-4a45-a723-d259b0fa3870",
            "ticker": "HIGHCHI-24SEP02-B76.5",
            "count": 20,
            "created_time": "2024-09-02T20:52:18.207049Z",
            "yes_price": 6,
            "no_price": 94,
            "taker_side": "no"
        },
        {
            "trade_id": "3a46a44d-6357-4358-b5e0-e3e510d94e64",
            "ticker": "HIGHCHI-24SEP02-B76.5",
            "count": 37,
            "created_time": "2024-09-02T15:56:41.968891Z",
            "yes_price": 12,
            "no_price": 88,
            "taker_side": "no"
        },
        {
            "trade_id": "b6ad69a6-94dc-48db-bc2b-d72234cabf93",
            "ticker": "HIGHCHI-24SEP02-B76.5",
            "count": 50,
            "created_time": "2024-09-02T14:36:32.017075Z",
            "yes_price": 29,
            "no_price": 71,
            "taker_side": "yes"
        },
        {
            "trade_id": "1965c797-bdc5-43ac-a802-6208baaf2dd3",
            "ticker": "HIGHCHI-24SEP02-B76.5",
            "count": 36,
            "created_time": "2024-09-02T13:49:15.149935Z",
            "yes_price": 28,
            "no_price": 72,
            "taker_side": "no"
        },
        {
            "trade_id": "183be9c3-facb-4b4e-9576-fd81a332c9e7",
            "ticker": "HIGHCHI-24SEP02-B76.5",
            "count": 31,
            "created_time": "2024-09-02T13:49:15.149935Z",
            "yes_price": 27,
            "no_price": 73,
            "taker_side": "no"
        },
        {
            "trade_id": "6e469dd7-ea21-4425-8589-abaadb85c6cf",
            "ticker": "HIGHCHI-24SEP02-B76.5",
            "count": 162,
            "created_time": "2024-09-02T13:12:05.82Z",
            "yes_price": 27,
            "no_price": 73,
            "taker_side": "no"
        },
        {
            "trade_id": "407337fa-b3ab-4a20-8c08-13e3fd32d571",
            "ticker": "HIGHCHI-24SEP02-B76.5",
            "count": 20,
            "created_time": "2024-09-02T13:12:05.82Z",
            "yes_price": 27,
            "no_price": 73,
            "taker_side": "no"
        },
        {
            "trade_id": "2f112f15-8261-41dd-a40e-67b44df791b8",
            "ticker": "HIGHCHI-24SEP02-B76.5",
            "count": 18,
            "created_time": "2024-09-02T13:12:05.82Z",
            "yes_price": 28,
            "no_price": 72,
            "taker_side": "no"
        },
        {
            "trade_id": "36074286-491b-4355-b04c-91f73cc65791",
            "ticker": "HIGHCHI-24SEP02-B76.5",
            "count": 30,
            "created_time": "2024-09-02T12:33:46.736058Z",
            "yes_price": 27,
            "no_price": 73,
            "taker_side": "no"
        },
        {
            "trade_id": "4ba7afb2-2e98-4f26-8dc6-0a1ac53d383f",
            "ticker": "HIGHCHI-24SEP02-B76.5",
            "count": 1,
            "created_time": "2024-09-02T12:07:23.586107Z",
            "yes_price": 39,
            "no_price": 61,
            "taker_side": "yes"
        },
        {
            "trade_id": "12dd221e-7979-4f2e-977b-829175c4e1fb",
            "ticker": "HIGHCHI-24SEP02-B76.5",
            "count": 72,
            "created_time": "2024-09-02T03:57:14.835854Z",
            "yes_price": 41,
            "no_price": 59,
            "taker_side": "yes"
        },
        {
            "trade_id": "cc18a51f-5454-49d3-902a-75e34d8a0fa8",
            "ticker": "HIGHCHI-24SEP02-B76.5",
            "count": 55,
            "created_time": "2024-09-02T03:55:40.566256Z",
            "yes_price": 41,
            "no_price": 59,
            "taker_side": "yes"
        },
        {
            "trade_id": "2dc4ed27-fefd-4131-87f3-eb4ad179169c",
            "ticker": "HIGHCHI-24SEP02-B76.5",
            "count": 36,
            "created_time": "2024-09-02T03:55:40.566256Z",
            "yes_price": 40,
            "no_price": 60,
            "taker_side": "yes"
        },
        {
            "trade_id": "c9cedea7-6f1a-44b4-b59b-3d195d4c1eb4",
            "ticker": "HIGHCHI-24SEP02-B76.5",
            "count": 73,
            "created_time": "2024-09-02T03:22:27.846978Z",
            "yes_price": 34,
            "no_price": 66,
            "taker_side": "no"
        },
        {
            "trade_id": "abfd9b63-8bc8-4be6-8af9-2d1e5b0b1b2f",
            "ticker": "HIGHCHI-24SEP02-B76.5",
            "count": 54,
            "created_time": "2024-09-02T03:07:39.964875Z",
            "yes_price": 39,
            "no_price": 61,
            "taker_side": "yes"
        },
        {
            "trade_id": "9208090e-fdd2-494a-b78c-9575ad3d861b",
            "ticker": "HIGHCHI-24SEP02-B76.5",
            "count": 36,
            "created_time": "2024-09-02T01:52:14.928137Z",
            "yes_price": 34,
            "no_price": 66,
            "taker_side": "no"
        },
        {
            "trade_id": "0b4834b0-3934-4dc7-bff4-60e1e562fea0",
            "ticker": "HIGHCHI-24SEP02-B76.5",
            "count": 37,
            "created_time": "2024-09-01T23:08:31.285332Z",
            "yes_price": 36,
            "no_price": 64,
            "taker_side": "yes"
        },
        {
            "trade_id": "023c5df5-4eb1-4b4a-a410-4d6cccc2b194",
            "ticker": "HIGHCHI-24SEP02-B76.5",
            "count": 18,
            "created_time": "2024-09-01T22:20:38.726593Z",
            "yes_price": 36,
            "no_price": 64,
            "taker_side": "yes"
        },
        {
            "trade_id": "f63907d0-3229-491c-abea-1de776000e73",
            "ticker": "HIGHCHI-24SEP02-B76.5",
            "count": 100,
            "created_time": "2024-09-01T21:44:33.71708Z",
            "yes_price": 22,
            "no_price": 78,
            "taker_side": "yes"
        },
        {
            "trade_id": "efb90a22-b804-4c84-bc7d-b4ff7b980306",
            "ticker": "HIGHCHI-24SEP02-B76.5",
            "count": 108,
            "created_time": "2024-09-01T16:27:18.254787Z",
            "yes_price": 20,
            "no_price": 80,
            "taker_side": "yes"
        },
        {
            "trade_id": "d62cfaa1-b382-4b2f-8ecf-b596cd0cc56e",
            "ticker": "HIGHCHI-24SEP02-B76.5",
            "count": 180,
            "created_time": "2024-09-01T16:27:18.254787Z",
            "yes_price": 23,
            "no_price": 77,
            "taker_side": "yes"
        },
        {
            "trade_id": "76e2d992-4173-4f9c-9aa6-38c0836fc720",
            "ticker": "HIGHCHI-24SEP02-B76.5",
            "count": 180,
            "created_time": "2024-09-01T16:27:18.254787Z",
            "yes_price": 22,
            "no_price": 78,
            "taker_side": "yes"
        },
        {
            "trade_id": "f7354ee2-833b-40dd-9c02-90f10bef4d9a",
            "ticker": "HIGHCHI-24SEP02-B76.5",
            "count": 34,
            "created_time": "2024-09-01T16:04:29.447151Z",
            "yes_price": 25,
            "no_price": 75,
            "taker_side": "no"
        },
        {
            "trade_id": "6eb1885e-d215-4e69-a5fa-d404e480ad79",
            "ticker": "HIGHCHI-24SEP02-B76.5",
            "count": 36,
            "created_time": "2024-09-01T16:04:29.427334Z",
            "yes_price": 25,
            "no_price": 75,
            "taker_side": "no"
        },
        {
            "trade_id": "56ce8667-db36-4b1f-a9e8-ad96c6df3f45",
            "ticker": "HIGHCHI-24SEP02-B76.5",
            "count": 180,
            "created_time": "2024-09-01T16:04:29.407164Z",
            "yes_price": 25,
            "no_price": 75,
            "taker_side": "no"
        }
    ],
    "HIGHCHI-24SEP02-T77": [
        {
            "trade_id": "e627244f-806b-492b-8706-5d109b2faf0d",
            "ticker": "HIGHCHI-24SEP02-T77",
            "count": 50,
            "created_time": "2024-09-02T15:39:53.04279Z",
            "yes_price": 1,
            "no_price": 99,
            "taker_side": "no"
        },
        {
            "trade_id": "281ab3d9-aede-498b-ba51-7ac723e13dab",
            "ticker": "HIGHCHI-24SEP02-T77",
            "count": 500,
            "created_time": "2024-09-02T15:39:53.04279Z",
            "yes_price": 1,
            "no_price": 99,
            "taker_side": "no"
        },
        {
            "trade_id": "e059b931-2589-4ff4-ba84-66edd588260b",
            "ticker": "HIGHCHI-24SEP02-T77",
            "count": 55,
            "created_time": "2024-09-02T01:53:04.00897Z",
            "yes_price": 2,
            "no_price": 98,
            "taker_side": "no"
        }
    ]
}