{
    "HIGHCHI-24MAY09-T54": [],
    "HIGHCHI-24MAY09-B54.5": [
        {
            "trade_id": "2a00503c-0f00-43ef-a837-493ba50341b4",
            "ticker": "HIGHCHI-24MAY09-B54.5",
            "count": 1,
            "created_time": "2024-05-09T03:44:17.012526Z",
            "yes_price": 1,
            "no_price": 99,
            "taker_side": "no"
        },
        {
            "trade_id": "e10d8e37-4992-427f-ab62-1dee326f4607",
            "ticker": "HIGHCHI-24MAY09-B54.5",
            "count": 2,
            "created_time": "2024-05-09T03:44:00.490928Z",
            "yes_price": 1,
            "no_price": 99,
            "taker_side": "no"
        },
        {
            "trade_id": "fe1165e1-bb48-4e30-83ad-7b2f98862777",
            "ticker": "HIGHCHI-24MAY09-B54.5",
            "count": 2,
            "created_time": "2024-05-08T19:29:42.261114Z",
            "yes_price": 16,
            "no_price": 84,
            "taker_side": "yes"
        },
        {
            "trade_id": "79076cd2-fa17-4043-8946-3c3cc73e9460",
            "ticker": "HIGHCHI-24MAY09-B54.5",
            "count": 1,
            "created_time": "2024-05-08T19:29:42.261114Z",
            "yes_price": 15,
            "no_price": 85,
            "taker_side": "yes"
        },
        {
            "trade_id": "4347c051-a147-454e-a870-5d2bd1431fc3",
            "ticker": "HIGHCHI-24MAY09-B54.5",
            "count": 1,
            "created_time": "2024-05-08T19:29:42.261114Z",
            "yes_price": 15,
            "no_price": 85,
            "taker_side": "yes"
        },
        {
            "trade_id": "0a1a59c8-52a3-4864-915e-102586502532",
            "ticker": "HIGHCHI-24MAY09-B54.5",
            "count": 2,
            "created_time": "2024-05-08T19:29:42.261114Z",
            "yes_price": 15,
            "no_price": 85,
            "taker_side": "yes"
        },
        {
            "trade_id": "3f0129f5-d1b7-4459-940a-c59e8182cc47",
            "ticker": "HIGHCHI-24MAY09-B54.5",
            "count": 13,
            "created_time": "2024-05-08T18:08:21.370666Z",
            "yes_price": 5,
            "no_price": 95,
            "taker_side": "yes"
        }
    ],
    "HIGHCHI-24MAY09-B56.5": [
        {
            "trade_id": "17eb2a0b-df0c-4558-8d1c-f92a1cd26ba3",
            "ticker": "HIGHCHI-24MAY09-B56.5",
            "count": 143,
            "created_time": "2024-05-09T12:00:00.245048Z",
            "yes_price": 2,
            "no_price": 98,
            "taker_side": "no"
        },
        {
            "trade_id": "c0b402d2-ef56-4e13-a6d0-11234170fa5b",
            "ticker": "HIGHCHI-24MAY09-B56.5",
            "count": 24,
            "created_time": "2024-05-09T03:44:16.97685Z",
            "yes_price": 2,
            "no_price": 98,
            "taker_side": "no"
        },
        {
            "trade_id": "c8b381c0-8be6-4aca-b658-35c546bca4af",
            "ticker": "HIGHCHI-24MAY09-B56.5",
            "count": 1,
            "created_time": "2024-05-09T03:44:00.487597Z",
            "yes_price": 3,
            "no_price": 97,
            "taker_side": "no"
        },
        {
            "trade_id": "44556ef9-e2f8-47e9-ab02-2275f74fea11",
            "ticker": "HIGHCHI-24MAY09-B56.5",
            "count": 1,
            "created_time": "2024-05-09T03:44:00.487597Z",
            "yes_price": 3,
            "no_price": 97,
            "taker_side": "no"
        },
        {
            "trade_id": "c6069463-85ad-4981-80d0-26a694b2bf1a",
            "ticker": "HIGHCHI-24MAY09-B56.5",
            "count": 27,
            "created_time": "2024-05-08T19:33:43.635986Z",
            "yes_price": 14,
            "no_price": 86,
            "taker_side": "no"
        },
        {
            "trade_id": "882d044b-f25e-4cd4-8bb3-baca0939fa46",
            "ticker": "HIGHCHI-24MAY09-B56.5",
            "count": 120,
            "created_time": "2024-05-08T19:33:43.635986Z",
            "yes_price": 11,
            "no_price": 89,
            "taker_side": "no"
        },
        {
            "trade_id": "0e2d4723-86f0-4ed0-b43e-884206264022",
            "ticker": "HIGHCHI-24MAY09-B56.5",
            "count": 20,
            "created_time": "2024-05-08T19:33:43.635986Z",
            "yes_price": 10,
            "no_price": 90,
            "taker_side": "no"
        },
        {
            "trade_id": "f4f2fc99-9e39-4213-b2ac-7d5b3cc4ba51",
            "ticker": "HIGHCHI-24MAY09-B56.5",
            "count": 5,
            "created_time": "2024-05-08T19:30:26.321038Z",
            "yes_price": 19,
            "no_price": 81,
            "taker_side": "yes"
        },
        {
            "trade_id": "7fe9494b-2b03-457c-91ad-f0e608f155b4",
            "ticker": "HIGHCHI-24MAY09-B56.5",
            "count": 1,
            "created_time": "2024-05-08T19:29:42.401052Z",
            "yes_price": 15,
            "no_price": 85,
            "taker_side": "no"
        },
        {
            "trade_id": "9f25616f-3783-4a59-a112-93fd695a0c45",
            "ticker": "HIGHCHI-24MAY09-B56.5",
            "count": 105,
            "created_time": "2024-05-08T18:39:35.924757Z",
            "yes_price": 16,
            "no_price": 84,
            "taker_side": "yes"
        },
        {
            "trade_id": "8682dcd9-bdda-4085-aca2-8f48569bb982",
            "ticker": "HIGHCHI-24MAY09-B56.5",
            "count": 150,
            "created_time": "2024-05-08T18:39:35.924757Z",
            "yes_price": 18,
            "no_price": 82,
            "taker_side": "yes"
        },
        {
            "trade_id": "2dd9a84e-6b1e-4405-b949-e0eceac61a4f",
            "ticker": "HIGHCHI-24MAY09-B56.5",
            "count": 150,
            "created_time": "2024-05-08T18:39:35.924757Z",
            "yes_price": 19,
            "no_price": 81,
            "taker_side": "yes"
        },
        {
            "trade_id": "f096dc69-2e63-49c7-b8de-46f1b1392bfe",
            "ticker": "HIGHCHI-24MAY09-B56.5",
            "count": 11,
            "created_time": "2024-05-08T14:17:05.107754Z",
            "yes_price": 18,
            "no_price": 82,
            "taker_side": "no"
        }
    ],
    "HIGHCHI-24MAY09-B58.5": [
        {
            "trade_id": "bf411a31-4dfb-4bc7-9be5-512c3d62f72f",
            "ticker": "HIGHCHI-24MAY09-B58.5",
            "count": 5,
            "created_time": "2024-05-09T18:24:12.78664Z",
            "yes_price": 1,
            "no_price": 99,
            "taker_side": "yes"
        },
        {
            "trade_id": "37a89748-9eb7-4c16-9141-8851a5e25750",
            "ticker": "HIGHCHI-24MAY09-B58.5",
            "count": 428,
            "created_time": "2024-05-09T18:24:12.78664Z",
            "yes_price": 1,
            "no_price": 99,
            "taker_side": "yes"
        },
        {
            "trade_id": "2b4a0a15-b79a-4d37-a0af-e94183230cee",
            "ticker": "HIGHCHI-24MAY09-B58.5",
            "count": 500,
            "created_time": "2024-05-09T18:24:12.78664Z",
            "yes_price": 1,
            "no_price": 99,
            "taker_side": "yes"
        },
        {
            "trade_id": "f132d601-d08b-4533-b102-e27a6766f49a",
            "ticker": "HIGHCHI-24MAY09-B58.5",
            "count": 1,
            "created_time": "2024-05-09T03:44:16.974036Z",
            "yes_price": 7,
            "no_price": 93,
            "taker_side": "no"
        },
        {
            "trade_id": "866e9857-2b13-452e-a455-f64d3d6c0786",
            "ticker": "HIGHCHI-24MAY09-B58.5",
            "count": 1,
            "created_time": "2024-05-09T03:44:16.974036Z",
            "yes_price": 3,
            "no_price": 97,
            "taker_side": "no"
        },
        {
            "trade_id": "8d4ff033-fa31-43f8-a3b1-0c6ff9ab4b57",
            "ticker": "HIGHCHI-24MAY09-B58.5",
            "count": 2,
            "created_time": "2024-05-09T03:44:00.489318Z",
            "yes_price": 7,
            "no_price": 93,
            "taker_side": "no"
        },
        {
            "trade_id": "8598018d-b0a9-41b2-8dd8-7ca81fd66aa3",
            "ticker": "HIGHCHI-24MAY09-B58.5",
            "count": 3,
            "created_time": "2024-05-08T19:30:50.036577Z",
            "yes_price": 32,
            "no_price": 68,
            "taker_side": "yes"
        },
        {
            "trade_id": "59d7eaff-8559-4cd7-8adf-00fe4ce43090",
            "ticker": "HIGHCHI-24MAY09-B58.5",
            "count": 1,
            "created_time": "2024-05-08T19:29:42.420252Z",
            "yes_price": 29,
            "no_price": 71,
            "taker_side": "no"
        },
        {
            "trade_id": "f5ae3053-5965-40ad-93ea-6e8cd75f34a0",
            "ticker": "HIGHCHI-24MAY09-B58.5",
            "count": 1,
            "created_time": "2024-05-08T18:35:21.407318Z",
            "yes_price": 28,
            "no_price": 72,
            "taker_side": "no"
        },
        {
            "trade_id": "1692051c-22ba-40be-8007-6fb44e1f4e30",
            "ticker": "HIGHCHI-24MAY09-B58.5",
            "count": 11,
            "created_time": "2024-05-08T14:17:05.444284Z",
            "yes_price": 29,
            "no_price": 71,
            "taker_side": "no"
        }
    ],
    "HIGHCHI-24MAY09-B60.5": [
        {
            "trade_id": "aab57890-9c18-4073-8e07-7057879d19d2",
            "ticker": "HIGHCHI-24MAY09-B60.5",
            "count": 93,
            "created_time": "2024-05-09T17:42:18.019148Z",
            "yes_price": 1,
            "no_price": 99,
            "taker_side": "yes"
        },
        {
            "trade_id": "b6aabf0a-b17b-44e8-8c0d-cd2574255a4e",
            "ticker": "HIGHCHI-24MAY09-B60.5",
            "count": 112,
            "created_time": "2024-05-09T17:22:15.277916Z",
            "yes_price": 1,
            "no_price": 99,
            "taker_side": "yes"
        },
        {
            "trade_id": "c84503b9-02b3-4e88-9116-9040470b2b94",
            "ticker": "HIGHCHI-24MAY09-B60.5",
            "count": 100,
            "created_time": "2024-05-09T16:27:33.307637Z",
            "yes_price": 1,
            "no_price": 99,
            "taker_side": "yes"
        },
        {
            "trade_id": "bf0e05d9-2bf3-4d91-ad85-c7b24665c5a5",
            "ticker": "HIGHCHI-24MAY09-B60.5",
            "count": 22,
            "created_time": "2024-05-09T15:20:14.604426Z",
            "yes_price": 1,
            "no_price": 99,
            "taker_side": "yes"
        },
        {
            "trade_id": "0399725a-101c-46ef-ad7e-645c2c01d4fb",
            "ticker": "HIGHCHI-24MAY09-B60.5",
            "count": 470,
            "created_time": "2024-05-09T12:49:35.026473Z",
            "yes_price": 1,
            "no_price": 99,
            "taker_side": "yes"
        },
        {
            "trade_id": "da519a64-bb55-4215-abf8-85624d3cb7d8",
            "ticker": "HIGHCHI-24MAY09-B60.5",
            "count": 5,
            "created_time": "2024-05-09T12:00:00.207Z",
            "yes_price": 1,
            "no_price": 99,
            "taker_side": "no"
        },
        {
            "trade_id": "695f28ed-7c2d-45d9-978a-8177ef03c3d0",
            "ticker": "HIGHCHI-24MAY09-B60.5",
            "count": 24,
            "created_time": "2024-05-09T03:44:17.005354Z",
            "yes_price": 7,
            "no_price": 93,
            "taker_side": "no"
        },
        {
            "trade_id": "83566fc9-9b89-4c78-b4a3-7d08893fcd1c",
            "ticker": "HIGHCHI-24MAY09-B60.5",
            "count": 2,
            "created_time": "2024-05-09T03:44:00.484238Z",
            "yes_price": 7,
            "no_price": 93,
            "taker_side": "no"
        },
        {
            "trade_id": "c27cf21e-97b0-4da4-b307-2f06ab98ddf9",
            "ticker": "HIGHCHI-24MAY09-B60.5",
            "count": 7,
            "created_time": "2024-05-09T01:45:56.63915Z",
            "yes_price": 32,
            "no_price": 68,
            "taker_side": "no"
        },
        {
            "trade_id": "5251196c-2c78-4c5f-ac0a-c85eee1e7021",
            "ticker": "HIGHCHI-24MAY09-B60.5",
            "count": 5,
            "created_time": "2024-05-08T22:48:07.201617Z",
            "yes_price": 32,
            "no_price": 68,
            "taker_side": "no"
        },
        {
            "trade_id": "22833c91-3fea-40c5-bd9c-729a212cee36",
            "ticker": "HIGHCHI-24MAY09-B60.5",
            "count": 80,
            "created_time": "2024-05-08T21:43:40.174849Z",
            "yes_price": 30,
            "no_price": 70,
            "taker_side": "no"
        },
        {
            "trade_id": "02fbaff8-d8df-47f3-b49c-6ced607ccd78",
            "ticker": "HIGHCHI-24MAY09-B60.5",
            "count": 30,
            "created_time": "2024-05-08T21:43:40.174849Z",
            "yes_price": 32,
            "no_price": 68,
            "taker_side": "no"
        },
        {
            "trade_id": "94cf5a2f-2b3e-41d8-8f57-6c6820cce4be",
            "ticker": "HIGHCHI-24MAY09-B60.5",
            "count": 60,
            "created_time": "2024-05-08T21:41:11.009214Z",
            "yes_price": 33,
            "no_price": 67,
            "taker_side": "no"
        },
        {
            "trade_id": "55c1c851-98e4-49c0-9dd6-5f14bfb949ca",
            "ticker": "HIGHCHI-24MAY09-B60.5",
            "count": 85,
            "created_time": "2024-05-08T21:41:11.009214Z",
            "yes_price": 31,
            "no_price": 69,
            "taker_side": "no"
        },
        {
            "trade_id": "7c8c31b5-2961-4c14-84b4-3a32883592b7",
            "ticker": "HIGHCHI-24MAY09-B60.5",
            "count": 90,
            "created_time": "2024-05-08T21:40:45.524044Z",
            "yes_price": 34,
            "no_price": 66,
            "taker_side": "no"
        },
        {
            "trade_id": "0a742755-caf8-47df-ad8e-67b702851274",
            "ticker": "HIGHCHI-24MAY09-B60.5",
            "count": 10,
            "created_time": "2024-05-08T21:40:45.524044Z",
            "yes_price": 32,
            "no_price": 68,
            "taker_side": "no"
        },
        {
            "trade_id": "53468cc8-8d0b-49df-88f1-27de17a813c8",
            "ticker": "HIGHCHI-24MAY09-B60.5",
            "count": 55,
            "created_time": "2024-05-08T21:40:21.441325Z",
            "yes_price": 33,
            "no_price": 67,
            "taker_side": "no"
        },
        {
            "trade_id": "26e90b17-ea38-402c-aef8-807fa70788b3",
            "ticker": "HIGHCHI-24MAY09-B60.5",
            "count": 15,
            "created_time": "2024-05-08T21:40:21.441325Z",
            "yes_price": 35,
            "no_price": 65,
            "taker_side": "no"
        },
        {
            "trade_id": "7ca29085-9b65-492a-b8a7-2e461f1872d1",
            "ticker": "HIGHCHI-24MAY09-B60.5",
            "count": 45,
            "created_time": "2024-05-08T21:39:40.918975Z",
            "yes_price": 35,
            "no_price": 65,
            "taker_side": "no"
        },
        {
            "trade_id": "ce15be12-c57f-405d-a3f7-3b4681cc6a16",
            "ticker": "HIGHCHI-24MAY09-B60.5",
            "count": 11,
            "created_time": "2024-05-08T21:16:21.031371Z",
            "yes_price": 30,
            "no_price": 70,
            "taker_side": "no"
        },
        {
            "trade_id": "859f9fc6-6c05-4b67-9159-d03af7f6e7ee",
            "ticker": "HIGHCHI-24MAY09-B60.5",
            "count": 60,
            "created_time": "2024-05-08T21:16:21.031371Z",
            "yes_price": 32,
            "no_price": 68,
            "taker_side": "no"
        },
        {
            "trade_id": "658a0b5a-6871-47d6-abf0-98eee3775a17",
            "ticker": "HIGHCHI-24MAY09-B60.5",
            "count": 1,
            "created_time": "2024-05-08T19:29:42.402562Z",
            "yes_price": 28,
            "no_price": 72,
            "taker_side": "no"
        },
        {
            "trade_id": "150de0af-9012-4380-a15f-2a99141fd236",
            "ticker": "HIGHCHI-24MAY09-B60.5",
            "count": 10,
            "created_time": "2024-05-08T18:46:49.251712Z",
            "yes_price": 28,
            "no_price": 72,
            "taker_side": "no"
        },
        {
            "trade_id": "994d2a0e-d1e8-4461-b86e-ead92389f74a",
            "ticker": "HIGHCHI-24MAY09-B60.5",
            "count": 90,
            "created_time": "2024-05-08T18:41:17.450039Z",
            "yes_price": 28,
            "no_price": 72,
            "taker_side": "no"
        },
        {
            "trade_id": "990789aa-8481-4ae8-89a8-2f7102b18aa9",
            "ticker": "HIGHCHI-24MAY09-B60.5",
            "count": 15,
            "created_time": "2024-05-08T18:41:05.708196Z",
            "yes_price": 28,
            "no_price": 72,
            "taker_side": "no"
        },
        {
            "trade_id": "8f74b590-961d-4cf6-a5a3-bd0c30f56282",
            "ticker": "HIGHCHI-24MAY09-B60.5",
            "count": 75,
            "created_time": "2024-05-08T18:40:16.768363Z",
            "yes_price": 28,
            "no_price": 72,
            "taker_side": "no"
        },
        {
            "trade_id": "14b985e0-3eb5-4bc8-a6ce-8914e018408a",
            "ticker": "HIGHCHI-24MAY09-B60.5",
            "count": 44,
            "created_time": "2024-05-08T18:38:32.64234Z",
            "yes_price": 30,
            "no_price": 70,
            "taker_side": "no"
        },
        {
            "trade_id": "0ff55968-4b40-4c7f-9df3-0dd9b776e958",
            "ticker": "HIGHCHI-24MAY09-B60.5",
            "count": 1,
            "created_time": "2024-05-08T18:35:22.026038Z",
            "yes_price": 30,
            "no_price": 70,
            "taker_side": "no"
        },
        {
            "trade_id": "4c1a86e0-ecc5-4c09-9033-73c13f6caf4c",
            "ticker": "HIGHCHI-24MAY09-B60.5",
            "count": 1,
            "created_time": "2024-05-08T17:30:29.539621Z",
            "yes_price": 28,
            "no_price": 72,
            "taker_side": "no"
        },
        {
            "trade_id": "0f9ca125-5c04-46ad-98bb-0989665ed4a3",
            "ticker": "HIGHCHI-24MAY09-B60.5",
            "count": 3,
            "created_time": "2024-05-08T15:56:31.145884Z",
            "yes_price": 28,
            "no_price": 72,
            "taker_side": "yes"
        },
        {
            "trade_id": "ce1b2781-7b79-463b-9b8a-5984ffe198d3",
            "ticker": "HIGHCHI-24MAY09-B60.5",
            "count": 2,
            "created_time": "2024-05-08T14:37:40.368055Z",
            "yes_price": 27,
            "no_price": 73,
            "taker_side": "no"
        },
        {
            "trade_id": "ad164bdc-8bdb-4f23-be22-c7fe90893a1f",
            "ticker": "HIGHCHI-24MAY09-B60.5",
            "count": 3,
            "created_time": "2024-05-08T14:36:27.930907Z",
            "yes_price": 27,
            "no_price": 73,
            "taker_side": "yes"
        }
    ],
    "HIGHCHI-24MAY09-T61": [
        {
            "trade_id": "bed7f527-8fb9-4f19-b5ed-928912876846",
            "ticker": "HIGHCHI-24MAY09-T61",
            "count": 467,
            "created_time": "2024-05-09T16:35:09.217468Z",
            "yes_price": 99,
            "no_price": 1,
            "taker_side": "no"
        },
        {
            "trade_id": "2f2396bc-eb76-4c3a-a477-d8f333b42e9b",
            "ticker": "HIGHCHI-24MAY09-T61",
            "count": 5,
            "created_time": "2024-05-09T12:42:18.885406Z",
            "yes_price": 99,
            "no_price": 1,
            "taker_side": "no"
        },
        {
            "trade_id": "eb41f57c-08c7-4d62-b749-d178566eb6bb",
            "ticker": "HIGHCHI-24MAY09-T61",
            "count": 10,
            "created_time": "2024-05-09T03:57:48.835091Z",
            "yes_price": 80,
            "no_price": 20,
            "taker_side": "yes"
        },
        {
            "trade_id": "c8505ef5-ad29-4d21-9aac-35a68fe18e4c",
            "ticker": "HIGHCHI-24MAY09-T61",
            "count": 45,
            "created_time": "2024-05-09T03:57:48.835091Z",
            "yes_price": 84,
            "no_price": 16,
            "taker_side": "yes"
        },
        {
            "trade_id": "3af9b777-5060-4155-89a7-fa3c24a266b5",
            "ticker": "HIGHCHI-24MAY09-T61",
            "count": 43,
            "created_time": "2024-05-09T03:57:48.835091Z",
            "yes_price": 82,
            "no_price": 18,
            "taker_side": "yes"
        },
        {
            "trade_id": "3a64b362-1d40-40ab-b97b-836c6066621a",
            "ticker": "HIGHCHI-24MAY09-T61",
            "count": 6,
            "created_time": "2024-05-09T03:50:32.055624Z",
            "yes_price": 79,
            "no_price": 21,
            "taker_side": "yes"
        },
        {
            "trade_id": "f2c305b1-4422-4aaf-8cad-6b3e8ad72528",
            "ticker": "HIGHCHI-24MAY09-T61",
            "count": 24,
            "created_time": "2024-05-09T03:44:16.914881Z",
            "yes_price": 99,
            "no_price": 1,
            "taker_side": "yes"
        },
        {
            "trade_id": "4f5b720c-86c9-4bb7-834f-fbf8af801b57",
            "ticker": "HIGHCHI-24MAY09-T61",
            "count": 1,
            "created_time": "2024-05-09T03:44:00.405405Z",
            "yes_price": 82,
            "no_price": 18,
            "taker_side": "yes"
        },
        {
            "trade_id": "38364e00-1336-48dd-a272-e9e4611ba412",
            "ticker": "HIGHCHI-24MAY09-T61",
            "count": 2,
            "created_time": "2024-05-09T03:44:00.405405Z",
            "yes_price": 82,
            "no_price": 18,
            "taker_side": "yes"
        },
        {
            "trade_id": "5a3556a5-d07a-4da6-9160-703d679cdab4",
            "ticker": "HIGHCHI-24MAY09-T61",
            "count": 60,
            "created_time": "2024-05-09T03:37:39.122941Z",
            "yes_price": 77,
            "no_price": 23,
            "taker_side": "yes"
        },
        {
            "trade_id": "1f9be671-3cd0-4980-b1cd-c7e913ac3b2a",
            "ticker": "HIGHCHI-24MAY09-T61",
            "count": 60,
            "created_time": "2024-05-09T03:37:39.122941Z",
            "yes_price": 79,
            "no_price": 21,
            "taker_side": "yes"
        },
        {
            "trade_id": "b6aabc77-7cf9-456a-9473-b21aed01c75c",
            "ticker": "HIGHCHI-24MAY09-T61",
            "count": 60,
            "created_time": "2024-05-09T03:37:23.035691Z",
            "yes_price": 73,
            "no_price": 27,
            "taker_side": "yes"
        },
        {
            "trade_id": "adbfb0c0-602d-410d-86c5-637a2a1f8ac0",
            "ticker": "HIGHCHI-24MAY09-T61",
            "count": 24,
            "created_time": "2024-05-09T03:37:23.035691Z",
            "yes_price": 72,
            "no_price": 28,
            "taker_side": "yes"
        },
        {
            "trade_id": "3e410ee9-4adf-4c8d-9b56-a88ccd6ea6c8",
            "ticker": "HIGHCHI-24MAY09-T61",
            "count": 60,
            "created_time": "2024-05-09T03:37:23.035691Z",
            "yes_price": 75,
            "no_price": 25,
            "taker_side": "yes"
        },
        {
            "trade_id": "73ec5924-38a5-4fca-80a8-d98ad70617aa",
            "ticker": "HIGHCHI-24MAY09-T61",
            "count": 41,
            "created_time": "2024-05-09T03:10:14.338872Z",
            "yes_price": 62,
            "no_price": 38,
            "taker_side": "no"
        },
        {
            "trade_id": "2ed0fcc8-1b73-4b56-9ec7-7b8e87a683da",
            "ticker": "HIGHCHI-24MAY09-T61",
            "count": 12,
            "created_time": "2024-05-09T03:10:14.338872Z",
            "yes_price": 59,
            "no_price": 41,
            "taker_side": "no"
        },
        {
            "trade_id": "5dd8b38c-f877-46ae-b116-293e2e0b6c59",
            "ticker": "HIGHCHI-24MAY09-T61",
            "count": 39,
            "created_time": "2024-05-09T03:06:54.213296Z",
            "yes_price": 64,
            "no_price": 36,
            "taker_side": "no"
        },
        {
            "trade_id": "3af80034-393d-4e9d-bfef-4136f12dad83",
            "ticker": "HIGHCHI-24MAY09-T61",
            "count": 38,
            "created_time": "2024-05-09T03:06:54.213296Z",
            "yes_price": 62,
            "no_price": 38,
            "taker_side": "no"
        },
        {
            "trade_id": "2f249043-ce3b-45a9-8b71-bf8a86ed2b25",
            "ticker": "HIGHCHI-24MAY09-T61",
            "count": 27,
            "created_time": "2024-05-09T03:01:24.900028Z",
            "yes_price": 65,
            "no_price": 35,
            "taker_side": "no"
        },
        {
            "trade_id": "febb57f5-85b9-44fc-977d-5ce07d6700f6",
            "ticker": "HIGHCHI-24MAY09-T61",
            "count": 17,
            "created_time": "2024-05-09T02:50:13.292743Z",
            "yes_price": 68,
            "no_price": 32,
            "taker_side": "no"
        },
        {
            "trade_id": "6159c254-84c1-4e1d-b823-761acecef533",
            "ticker": "HIGHCHI-24MAY09-T61",
            "count": 16,
            "created_time": "2024-05-09T02:50:13.292743Z",
            "yes_price": 66,
            "no_price": 34,
            "taker_side": "no"
        },
        {
            "trade_id": "f82a1f4f-dec6-48f7-9aec-a3eb8ef538b2",
            "ticker": "HIGHCHI-24MAY09-T61",
            "count": 57,
            "created_time": "2024-05-09T02:47:49.785913Z",
            "yes_price": 68,
            "no_price": 32,
            "taker_side": "no"
        },
        {
            "trade_id": "d9af151c-f0c4-4762-84cc-3c2370f82d0d",
            "ticker": "HIGHCHI-24MAY09-T61",
            "count": 58,
            "created_time": "2024-05-09T02:47:49.785913Z",
            "yes_price": 70,
            "no_price": 30,
            "taker_side": "no"
        },
        {
            "trade_id": "89bb1add-6648-4366-b933-d9a70de6f118",
            "ticker": "HIGHCHI-24MAY09-T61",
            "count": 11,
            "created_time": "2024-05-09T02:21:00.913255Z",
            "yes_price": 57,
            "no_price": 43,
            "taker_side": "yes"
        },
        {
            "trade_id": "93f33acc-ce4d-42dc-855f-b6de55a86d44",
            "ticker": "HIGHCHI-24MAY09-T61",
            "count": 60,
            "created_time": "2024-05-08T21:43:54.020883Z",
            "yes_price": 26,
            "no_price": 74,
            "taker_side": "no"
        },
        {
            "trade_id": "74f14566-09a2-4909-b7d1-80d7368361cd",
            "ticker": "HIGHCHI-24MAY09-T61",
            "count": 90,
            "created_time": "2024-05-08T21:43:11.992891Z",
            "yes_price": 26,
            "no_price": 74,
            "taker_side": "no"
        },
        {
            "trade_id": "eee590b2-79e2-4a60-9c01-3b8ad840b1c6",
            "ticker": "HIGHCHI-24MAY09-T61",
            "count": 150,
            "created_time": "2024-05-08T21:39:14.779646Z",
            "yes_price": 25,
            "no_price": 75,
            "taker_side": "no"
        },
        {
            "trade_id": "693f444d-e55a-4225-a37c-ccb0dc2b2037",
            "ticker": "HIGHCHI-24MAY09-T61",
            "count": 15,
            "created_time": "2024-05-08T21:39:14.779646Z",
            "yes_price": 28,
            "no_price": 72,
            "taker_side": "no"
        },
        {
            "trade_id": "0052068b-4b5f-485d-9d99-9b0d9f5dfbd3",
            "ticker": "HIGHCHI-24MAY09-T61",
            "count": 150,
            "created_time": "2024-05-08T21:39:14.779646Z",
            "yes_price": 27,
            "no_price": 73,
            "taker_side": "no"
        },
        {
            "trade_id": "164639e2-24ba-46b8-aac5-d09c08cd94aa",
            "ticker": "HIGHCHI-24MAY09-T61",
            "count": 9,
            "created_time": "2024-05-08T20:45:36.230954Z",
            "yes_price": 30,
            "no_price": 70,
            "taker_side": "no"
        },
        {
            "trade_id": "6639a9a3-7fde-4746-ad42-f56fb380b4fd",
            "ticker": "HIGHCHI-24MAY09-T61",
            "count": 15,
            "created_time": "2024-05-08T19:49:28.484024Z",
            "yes_price": 31,
            "no_price": 69,
            "taker_side": "no"
        },
        {
            "trade_id": "afa2b9b3-b6f9-46b4-935c-d11b127e5ad8",
            "ticker": "HIGHCHI-24MAY09-T61",
            "count": 3,
            "created_time": "2024-05-08T19:36:29.479095Z",
            "yes_price": 24,
            "no_price": 76,
            "taker_side": "yes"
        },
        {
            "trade_id": "7c0bf473-a592-4bdb-86db-89505f76f928",
            "ticker": "HIGHCHI-24MAY09-T61",
            "count": 3,
            "created_time": "2024-05-08T19:36:29.479095Z",
            "yes_price": 25,
            "no_price": 75,
            "taker_side": "yes"
        },
        {
            "trade_id": "959b4ac7-7d2a-44fa-ae1d-98ad69f4531f",
            "ticker": "HIGHCHI-24MAY09-T61",
            "count": 1,
            "created_time": "2024-05-08T19:29:42.421583Z",
            "yes_price": 18,
            "no_price": 82,
            "taker_side": "no"
        },
        {
            "trade_id": "ebf263d8-c736-407e-b6ae-84a7a737b27d",
            "ticker": "HIGHCHI-24MAY09-T61",
            "count": 30,
            "created_time": "2024-05-08T18:41:28.237483Z",
            "yes_price": 17,
            "no_price": 83,
            "taker_side": "no"
        },
        {
            "trade_id": "72d80ccf-cb1b-4568-803c-cee12e8f0372",
            "ticker": "HIGHCHI-24MAY09-T61",
            "count": 120,
            "created_time": "2024-05-08T18:40:55.793227Z",
            "yes_price": 17,
            "no_price": 83,
            "taker_side": "no"
        },
        {
            "trade_id": "0a03d851-395a-4f2c-96eb-fbd2b06f77c9",
            "ticker": "HIGHCHI-24MAY09-T61",
            "count": 30,
            "created_time": "2024-05-08T18:40:31.453802Z",
            "yes_price": 18,
            "no_price": 82,
            "taker_side": "no"
        },
        {
            "trade_id": "66af1a4d-b2e6-48b1-a07a-f1a96b039f65",
            "ticker": "HIGHCHI-24MAY09-T61",
            "count": 30,
            "created_time": "2024-05-08T18:40:01.462408Z",
            "yes_price": 18,
            "no_price": 82,
            "taker_side": "no"
        },
        {
            "trade_id": "eb2b5588-7694-48ce-80b8-dd36f0bfecf9",
            "ticker": "HIGHCHI-24MAY09-T61",
            "count": 15,
            "created_time": "2024-05-08T18:39:17.279091Z",
            "yes_price": 19,
            "no_price": 81,
            "taker_side": "no"
        },
        {
            "trade_id": "51e8127a-0665-4a5f-96e5-023e81e745f9",
            "ticker": "HIGHCHI-24MAY09-T61",
            "count": 1,
            "created_time": "2024-05-08T18:35:22.634847Z",
            "yes_price": 23,
            "no_price": 77,
            "taker_side": "yes"
        },
        {
            "trade_id": "d1462c04-e753-4b99-8716-2dfda93013e5",
            "ticker": "HIGHCHI-24MAY09-T61",
            "count": 30,
            "created_time": "2024-05-08T18:07:38.597024Z",
            "yes_price": 19,
            "no_price": 81,
            "taker_side": "no"
        },
        {
            "trade_id": "0d99cff1-4b94-4c69-bf66-5f09610f6994",
            "ticker": "HIGHCHI-24MAY09-T61",
            "count": 1,
            "created_time": "2024-05-08T17:30:30.228699Z",
            "yes_price": 23,
            "no_price": 77,
            "taker_side": "yes"
        }
    ]
}