{
    "HIGHCHI-24MAR02-T56": [
        {
            "trade_id": "197598d7-ebe3-4c12-a982-f1ab11a89e35",
            "ticker": "HIGHCHI-24MAR02-T56",
            "count": 131,
            "created_time": "2024-03-02T01:48:54.370438Z",
            "yes_price": 6,
            "no_price": 94,
            "taker_side": "no"
        },
        {
            "trade_id": "eea904e5-fccb-465f-ae85-c65b49d40d35",
            "ticker": "HIGHCHI-24MAR02-T56",
            "count": 83,
            "created_time": "2024-03-02T00:49:14.227459Z",
            "yes_price": 8,
            "no_price": 92,
            "taker_side": "no"
        },
        {
            "trade_id": "c8cac0fd-a13d-4ddd-ac0d-c6f2da965858",
            "ticker": "HIGHCHI-24MAR02-T56",
            "count": 300,
            "created_time": "2024-03-02T00:49:14.227459Z",
            "yes_price": 7,
            "no_price": 93,
            "taker_side": "no"
        },
        {
            "trade_id": "038fe94d-587d-4bf3-b939-eee1c5c77ae7",
            "ticker": "HIGHCHI-24MAR02-T56",
            "count": 9,
            "created_time": "2024-03-01T23:51:20.369161Z",
            "yes_price": 8,
            "no_price": 92,
            "taker_side": "no"
        },
        {
            "trade_id": "3534a59b-a963-489d-8d8e-dafbf1216c22",
            "ticker": "HIGHCHI-24MAR02-T56",
            "count": 100,
            "created_time": "2024-03-01T22:49:41.64156Z",
            "yes_price": 9,
            "no_price": 91,
            "taker_side": "no"
        },
        {
            "trade_id": "031fe590-924d-4403-832c-49321d1c6eb1",
            "ticker": "HIGHCHI-24MAR02-T56",
            "count": 133,
            "created_time": "2024-03-01T22:49:41.64156Z",
            "yes_price": 8,
            "no_price": 92,
            "taker_side": "no"
        },
        {
            "trade_id": "9bc23560-e239-42a8-ad13-bd27947cf925",
            "ticker": "HIGHCHI-24MAR02-T56",
            "count": 25,
            "created_time": "2024-03-01T21:44:32.65432Z",
            "yes_price": 9,
            "no_price": 91,
            "taker_side": "no"
        },
        {
            "trade_id": "1f54fe76-d751-4089-b8a2-3b99e36c441a",
            "ticker": "HIGHCHI-24MAR02-T56",
            "count": 25,
            "created_time": "2024-03-01T21:44:29.06976Z",
            "yes_price": 9,
            "no_price": 91,
            "taker_side": "no"
        },
        {
            "trade_id": "f2f5902d-831d-4806-a337-7419efb17fa6",
            "ticker": "HIGHCHI-24MAR02-T56",
            "count": 25,
            "created_time": "2024-03-01T21:13:49.303759Z",
            "yes_price": 8,
            "no_price": 92,
            "taker_side": "no"
        },
        {
            "trade_id": "744efda0-b0ff-4d3c-9552-eb3854f11f11",
            "ticker": "HIGHCHI-24MAR02-T56",
            "count": 1,
            "created_time": "2024-03-01T17:30:17.507522Z",
            "yes_price": 58,
            "no_price": 42,
            "taker_side": "yes"
        },
        {
            "trade_id": "237093d9-f894-482b-a612-e9a435ccccb8",
            "ticker": "HIGHCHI-24MAR02-T56",
            "count": 12,
            "created_time": "2024-03-01T16:00:45.017609Z",
            "yes_price": 6,
            "no_price": 94,
            "taker_side": "no"
        },
        {
            "trade_id": "4e4758d2-7c85-4fc5-8438-201fda7ff0ef",
            "ticker": "HIGHCHI-24MAR02-T56",
            "count": 12,
            "created_time": "2024-03-01T16:00:41.043669Z",
            "yes_price": 6,
            "no_price": 94,
            "taker_side": "no"
        },
        {
            "trade_id": "89d6e14a-ac08-4f33-a3b1-4dd33219ac0a",
            "ticker": "HIGHCHI-24MAR02-T56",
            "count": 25,
            "created_time": "2024-03-01T15:56:28.5236Z",
            "yes_price": 6,
            "no_price": 94,
            "taker_side": "no"
        },
        {
            "trade_id": "bfdff958-d958-4236-96c6-7ee34747ed9a",
            "ticker": "HIGHCHI-24MAR02-T56",
            "count": 25,
            "created_time": "2024-03-01T15:52:27.313918Z",
            "yes_price": 6,
            "no_price": 94,
            "taker_side": "no"
        },
        {
            "trade_id": "c213be70-7837-462a-9729-b8d0c23ced07",
            "ticker": "HIGHCHI-24MAR02-T56",
            "count": 37,
            "created_time": "2024-03-01T15:44:29.525851Z",
            "yes_price": 6,
            "no_price": 94,
            "taker_side": "no"
        },
        {
            "trade_id": "7b5a7325-8726-4e69-bf69-66a84d688d43",
            "ticker": "HIGHCHI-24MAR02-T56",
            "count": 8,
            "created_time": "2024-03-01T15:15:42.27728Z",
            "yes_price": 5,
            "no_price": 95,
            "taker_side": "yes"
        }
    ],
    "HIGHCHI-24MAR02-B56.5": [
        {
            "trade_id": "a597a92f-1ce9-435b-8957-5ee6a1c2f706",
            "ticker": "HIGHCHI-24MAR02-B56.5",
            "count": 250,
            "created_time": "2024-03-02T15:58:04.394322Z",
            "yes_price": 6,
            "no_price": 94,
            "taker_side": "no"
        },
        {
            "trade_id": "71805c1e-803b-4f65-99e2-cb62e26d3f8f",
            "ticker": "HIGHCHI-24MAR02-B56.5",
            "count": 64,
            "created_time": "2024-03-02T14:59:31.871423Z",
            "yes_price": 10,
            "no_price": 90,
            "taker_side": "no"
        },
        {
            "trade_id": "b70d3f94-4310-4895-ad1d-d8008e5c3506",
            "ticker": "HIGHCHI-24MAR02-B56.5",
            "count": 30,
            "created_time": "2024-03-02T13:52:37.22777Z",
            "yes_price": 10,
            "no_price": 90,
            "taker_side": "no"
        },
        {
            "trade_id": "65ea10f6-267d-480d-ad1d-305a48bf7724",
            "ticker": "HIGHCHI-24MAR02-B56.5",
            "count": 10,
            "created_time": "2024-03-02T13:47:35.673076Z",
            "yes_price": 10,
            "no_price": 90,
            "taker_side": "no"
        },
        {
            "trade_id": "e5d2a547-2566-4a00-a221-9e73cec65396",
            "ticker": "HIGHCHI-24MAR02-B56.5",
            "count": 10,
            "created_time": "2024-03-02T13:47:10.186635Z",
            "yes_price": 10,
            "no_price": 90,
            "taker_side": "no"
        },
        {
            "trade_id": "90c0f092-7dca-4d27-b820-64492a9aef88",
            "ticker": "HIGHCHI-24MAR02-B56.5",
            "count": 25,
            "created_time": "2024-03-01T21:44:32.663963Z",
            "yes_price": 13,
            "no_price": 87,
            "taker_side": "no"
        },
        {
            "trade_id": "421f39e3-7daa-4ea5-bdf3-df5f8585d3f9",
            "ticker": "HIGHCHI-24MAR02-B56.5",
            "count": 25,
            "created_time": "2024-03-01T21:44:29.086762Z",
            "yes_price": 13,
            "no_price": 87,
            "taker_side": "no"
        },
        {
            "trade_id": "57f3084c-d4e1-4437-8bb3-69752291ca5f",
            "ticker": "HIGHCHI-24MAR02-B56.5",
            "count": 25,
            "created_time": "2024-03-01T21:13:49.341215Z",
            "yes_price": 12,
            "no_price": 88,
            "taker_side": "no"
        },
        {
            "trade_id": "f4d41529-5bb3-4748-a2fb-429b22727bb7",
            "ticker": "HIGHCHI-24MAR02-B56.5",
            "count": 10,
            "created_time": "2024-03-01T21:06:32.162019Z",
            "yes_price": 75,
            "no_price": 25,
            "taker_side": "yes"
        },
        {
            "trade_id": "cece738a-ab84-4cde-ba29-a23d9103f362",
            "ticker": "HIGHCHI-24MAR02-B56.5",
            "count": 10,
            "created_time": "2024-03-01T20:47:14.472042Z",
            "yes_price": 12,
            "no_price": 88,
            "taker_side": "yes"
        },
        {
            "trade_id": "9f3a8094-1fc4-4bb9-93ac-96aa95a3b1b8",
            "ticker": "HIGHCHI-24MAR02-B56.5",
            "count": 6,
            "created_time": "2024-03-01T20:47:14.472042Z",
            "yes_price": 12,
            "no_price": 88,
            "taker_side": "yes"
        },
        {
            "trade_id": "525238e1-84d4-4a6a-9010-6e393cebaea1",
            "ticker": "HIGHCHI-24MAR02-B56.5",
            "count": 1,
            "created_time": "2024-03-01T20:47:14.472042Z",
            "yes_price": 66,
            "no_price": 34,
            "taker_side": "yes"
        },
        {
            "trade_id": "f77b065d-4a3e-4c57-a056-6856c0a52ab8",
            "ticker": "HIGHCHI-24MAR02-B56.5",
            "count": 12,
            "created_time": "2024-03-01T16:00:45.015829Z",
            "yes_price": 9,
            "no_price": 91,
            "taker_side": "no"
        },
        {
            "trade_id": "fff2c51f-6d64-4083-8575-bc4cc2ab6e56",
            "ticker": "HIGHCHI-24MAR02-B56.5",
            "count": 12,
            "created_time": "2024-03-01T16:00:41.126995Z",
            "yes_price": 9,
            "no_price": 91,
            "taker_side": "no"
        },
        {
            "trade_id": "25ff3889-4bdc-4cc0-81f6-e750e7ff9fab",
            "ticker": "HIGHCHI-24MAR02-B56.5",
            "count": 25,
            "created_time": "2024-03-01T15:56:28.509219Z",
            "yes_price": 9,
            "no_price": 91,
            "taker_side": "no"
        },
        {
            "trade_id": "eb7c9203-1170-44f7-9739-6895951f7429",
            "ticker": "HIGHCHI-24MAR02-B56.5",
            "count": 25,
            "created_time": "2024-03-01T15:52:27.312005Z",
            "yes_price": 9,
            "no_price": 91,
            "taker_side": "no"
        },
        {
            "trade_id": "77c246ac-0f51-48ec-998a-14bd66a90f22",
            "ticker": "HIGHCHI-24MAR02-B56.5",
            "count": 37,
            "created_time": "2024-03-01T15:44:29.516232Z",
            "yes_price": 9,
            "no_price": 91,
            "taker_side": "no"
        }
    ],
    "HIGHCHI-24MAR02-B58.5": [
        {
            "trade_id": "4bde801b-c62f-4bfb-a689-15115e59afa4",
            "ticker": "HIGHCHI-24MAR02-B58.5",
            "count": 9,
            "created_time": "2024-03-02T17:37:36.377221Z",
            "yes_price": 50,
            "no_price": 50,
            "taker_side": "yes"
        },
        {
            "trade_id": "e4801eb5-0253-4058-ba41-319b7fc0dc64",
            "ticker": "HIGHCHI-24MAR02-B58.5",
            "count": 12,
            "created_time": "2024-03-02T15:43:18.222825Z",
            "yes_price": 39,
            "no_price": 61,
            "taker_side": "yes"
        },
        {
            "trade_id": "efee0629-4271-437f-b442-85b09b24d3fd",
            "ticker": "HIGHCHI-24MAR02-B58.5",
            "count": 35,
            "created_time": "2024-03-02T14:59:25.659748Z",
            "yes_price": 33,
            "no_price": 67,
            "taker_side": "no"
        },
        {
            "trade_id": "d824b2d1-9b1b-410c-b977-25a258d3a37b",
            "ticker": "HIGHCHI-24MAR02-B58.5",
            "count": 87,
            "created_time": "2024-03-02T14:59:25.659748Z",
            "yes_price": 31,
            "no_price": 69,
            "taker_side": "no"
        },
        {
            "trade_id": "9db63481-62a7-4c06-ab7b-b61779ef1a0d",
            "ticker": "HIGHCHI-24MAR02-B58.5",
            "count": 10,
            "created_time": "2024-03-02T14:59:25.659748Z",
            "yes_price": 32,
            "no_price": 68,
            "taker_side": "no"
        },
        {
            "trade_id": "c82bc83b-cb86-48b6-9afb-ec15c10e6c76",
            "ticker": "HIGHCHI-24MAR02-B58.5",
            "count": 17,
            "created_time": "2024-03-02T14:59:17.19056Z",
            "yes_price": 36,
            "no_price": 64,
            "taker_side": "no"
        },
        {
            "trade_id": "4edb6f02-c42a-4d72-8ab9-907802a76292",
            "ticker": "HIGHCHI-24MAR02-B58.5",
            "count": 87,
            "created_time": "2024-03-02T14:59:17.19056Z",
            "yes_price": 34,
            "no_price": 66,
            "taker_side": "no"
        },
        {
            "trade_id": "3e6ef515-eaa2-4811-93d7-1d347faff3cf",
            "ticker": "HIGHCHI-24MAR02-B58.5",
            "count": 30,
            "created_time": "2024-03-02T13:52:37.230451Z",
            "yes_price": 32,
            "no_price": 68,
            "taker_side": "no"
        },
        {
            "trade_id": "c466c155-26d4-4ecd-9fe4-d3d2e2fc1d8e",
            "ticker": "HIGHCHI-24MAR02-B58.5",
            "count": 10,
            "created_time": "2024-03-02T13:47:35.674367Z",
            "yes_price": 27,
            "no_price": 73,
            "taker_side": "no"
        },
        {
            "trade_id": "a5356234-7968-4d12-a8f4-c604a207da0f",
            "ticker": "HIGHCHI-24MAR02-B58.5",
            "count": 10,
            "created_time": "2024-03-02T13:47:10.189138Z",
            "yes_price": 32,
            "no_price": 68,
            "taker_side": "no"
        },
        {
            "trade_id": "9c62d3b7-9db9-479f-bc9c-f6d8bc4fcb70",
            "ticker": "HIGHCHI-24MAR02-B58.5",
            "count": 47,
            "created_time": "2024-03-02T04:53:19.061573Z",
            "yes_price": 32,
            "no_price": 68,
            "taker_side": "yes"
        },
        {
            "trade_id": "caf01184-94be-4b1e-ab24-be437ecc15a7",
            "ticker": "HIGHCHI-24MAR02-B58.5",
            "count": 78,
            "created_time": "2024-03-02T04:33:35.970429Z",
            "yes_price": 32,
            "no_price": 68,
            "taker_side": "yes"
        },
        {
            "trade_id": "6b2c6db6-a96d-4b8b-beea-0eee51433f88",
            "ticker": "HIGHCHI-24MAR02-B58.5",
            "count": 12,
            "created_time": "2024-03-02T04:33:35.970429Z",
            "yes_price": 30,
            "no_price": 70,
            "taker_side": "yes"
        },
        {
            "trade_id": "ef9be714-d60b-4067-bb97-fb31d84c6d27",
            "ticker": "HIGHCHI-24MAR02-B58.5",
            "count": 25,
            "created_time": "2024-03-02T03:47:15.692162Z",
            "yes_price": 28,
            "no_price": 72,
            "taker_side": "yes"
        },
        {
            "trade_id": "dac47a21-190e-4c34-a345-cb5c0a80dc7a",
            "ticker": "HIGHCHI-24MAR02-B58.5",
            "count": 125,
            "created_time": "2024-03-02T03:47:15.692162Z",
            "yes_price": 30,
            "no_price": 70,
            "taker_side": "yes"
        },
        {
            "trade_id": "8c4f2c7c-aa62-4c05-9dfe-d731d9c9a6d9",
            "ticker": "HIGHCHI-24MAR02-B58.5",
            "count": 37,
            "created_time": "2024-03-02T03:32:20.017639Z",
            "yes_price": 28,
            "no_price": 72,
            "taker_side": "yes"
        },
        {
            "trade_id": "2ce5f86f-b0db-4f22-afa2-d71ab4f92530",
            "ticker": "HIGHCHI-24MAR02-B58.5",
            "count": 17,
            "created_time": "2024-03-02T03:32:20.017639Z",
            "yes_price": 30,
            "no_price": 70,
            "taker_side": "yes"
        },
        {
            "trade_id": "604bdb48-d303-4c8b-bfaa-41b477a1a347",
            "ticker": "HIGHCHI-24MAR02-B58.5",
            "count": 1,
            "created_time": "2024-03-02T02:41:16.96463Z",
            "yes_price": 28,
            "no_price": 72,
            "taker_side": "yes"
        },
        {
            "trade_id": "e8922622-f211-429a-8b8f-61f2a38d8307",
            "ticker": "HIGHCHI-24MAR02-B58.5",
            "count": 12,
            "created_time": "2024-03-01T23:09:54.225786Z",
            "yes_price": 27,
            "no_price": 73,
            "taker_side": "yes"
        },
        {
            "trade_id": "b4288e12-d4d7-4741-9a15-b7f0b26dc2bb",
            "ticker": "HIGHCHI-24MAR02-B58.5",
            "count": 16,
            "created_time": "2024-03-01T23:09:54.225786Z",
            "yes_price": 28,
            "no_price": 72,
            "taker_side": "yes"
        },
        {
            "trade_id": "916a8fb4-d32a-4d26-b24c-2ac25e4d8cde",
            "ticker": "HIGHCHI-24MAR02-B58.5",
            "count": 6,
            "created_time": "2024-03-01T23:09:54.225786Z",
            "yes_price": 27,
            "no_price": 73,
            "taker_side": "yes"
        },
        {
            "trade_id": "f2fb7348-abe4-4fdb-b3f7-aab0e7a99ef0",
            "ticker": "HIGHCHI-24MAR02-B58.5",
            "count": 25,
            "created_time": "2024-03-01T21:44:32.64461Z",
            "yes_price": 19,
            "no_price": 81,
            "taker_side": "no"
        },
        {
            "trade_id": "fba41a5c-b0cb-497a-9b6c-23dc729f4571",
            "ticker": "HIGHCHI-24MAR02-B58.5",
            "count": 25,
            "created_time": "2024-03-01T21:44:29.079781Z",
            "yes_price": 21,
            "no_price": 79,
            "taker_side": "no"
        },
        {
            "trade_id": "36ecbb39-1880-4851-a577-33e0183ab9bd",
            "ticker": "HIGHCHI-24MAR02-B58.5",
            "count": 75,
            "created_time": "2024-03-01T21:15:32.710037Z",
            "yes_price": 25,
            "no_price": 75,
            "taker_side": "yes"
        },
        {
            "trade_id": "1e3821ce-53b4-4b39-9256-3d07ad580a62",
            "ticker": "HIGHCHI-24MAR02-B58.5",
            "count": 87,
            "created_time": "2024-03-01T21:14:58.226241Z",
            "yes_price": 24,
            "no_price": 76,
            "taker_side": "yes"
        },
        {
            "trade_id": "a8d0172a-e74c-4d6b-9ba0-d93188fb2858",
            "ticker": "HIGHCHI-24MAR02-B58.5",
            "count": 37,
            "created_time": "2024-03-01T21:14:52.352158Z",
            "yes_price": 23,
            "no_price": 77,
            "taker_side": "yes"
        },
        {
            "trade_id": "206afa91-f4e8-4659-b290-a8f8ad94ae50",
            "ticker": "HIGHCHI-24MAR02-B58.5",
            "count": 25,
            "created_time": "2024-03-01T21:13:49.327201Z",
            "yes_price": 17,
            "no_price": 83,
            "taker_side": "no"
        },
        {
            "trade_id": "fc540e13-71e2-4a99-9e84-5daacf5770cb",
            "ticker": "HIGHCHI-24MAR02-B58.5",
            "count": 21,
            "created_time": "2024-03-01T20:47:00.632442Z",
            "yes_price": 22,
            "no_price": 78,
            "taker_side": "yes"
        },
        {
            "trade_id": "edbc44c8-9d34-4814-bb69-10c6fa352e0a",
            "ticker": "HIGHCHI-24MAR02-B58.5",
            "count": 125,
            "created_time": "2024-03-01T17:34:54.311856Z",
            "yes_price": 19,
            "no_price": 81,
            "taker_side": "yes"
        },
        {
            "trade_id": "8396d2f1-87fe-4099-90c7-a66bd6beb517",
            "ticker": "HIGHCHI-24MAR02-B58.5",
            "count": 125,
            "created_time": "2024-03-01T17:34:54.311856Z",
            "yes_price": 20,
            "no_price": 80,
            "taker_side": "yes"
        },
        {
            "trade_id": "33351cfb-0983-4d28-a665-75f3d25777f8",
            "ticker": "HIGHCHI-24MAR02-B58.5",
            "count": 100,
            "created_time": "2024-03-01T17:34:54.311856Z",
            "yes_price": 17,
            "no_price": 83,
            "taker_side": "yes"
        },
        {
            "trade_id": "09e24069-361b-4fe3-999b-3a3e605ba31c",
            "ticker": "HIGHCHI-24MAR02-B58.5",
            "count": 12,
            "created_time": "2024-03-01T16:00:44.992887Z",
            "yes_price": 12,
            "no_price": 88,
            "taker_side": "no"
        },
        {
            "trade_id": "4409340c-814c-4a32-a461-8a86802e1559",
            "ticker": "HIGHCHI-24MAR02-B58.5",
            "count": 12,
            "created_time": "2024-03-01T16:00:41.074973Z",
            "yes_price": 12,
            "no_price": 88,
            "taker_side": "no"
        },
        {
            "trade_id": "ead0ef83-7e63-4580-a553-20c7b7a16db8",
            "ticker": "HIGHCHI-24MAR02-B58.5",
            "count": 25,
            "created_time": "2024-03-01T15:56:28.534716Z",
            "yes_price": 12,
            "no_price": 88,
            "taker_side": "no"
        },
        {
            "trade_id": "42a5cef9-45e6-4ba1-b9b5-189c36503532",
            "ticker": "HIGHCHI-24MAR02-B58.5",
            "count": 25,
            "created_time": "2024-03-01T15:52:27.309719Z",
            "yes_price": 12,
            "no_price": 88,
            "taker_side": "no"
        },
        {
            "trade_id": "005e9895-fc33-4ae9-a935-436d02d74ef7",
            "ticker": "HIGHCHI-24MAR02-B58.5",
            "count": 37,
            "created_time": "2024-03-01T15:44:29.504467Z",
            "yes_price": 12,
            "no_price": 88,
            "taker_side": "no"
        },
        {
            "trade_id": "620ab5bd-2c6b-48ab-bf9a-8a3325be86cc",
            "ticker": "HIGHCHI-24MAR02-B58.5",
            "count": 1,
            "created_time": "2024-03-01T15:35:35.855543Z",
            "yes_price": 18,
            "no_price": 82,
            "taker_side": "yes"
        },
        {
            "trade_id": "f8f451ab-30e7-4579-8b50-411a205e4e90",
            "ticker": "HIGHCHI-24MAR02-B58.5",
            "count": 40,
            "created_time": "2024-03-01T15:15:02.630779Z",
            "yes_price": 16,
            "no_price": 84,
            "taker_side": "yes"
        },
        {
            "trade_id": "f4dd2a55-9a2d-44a0-a2d9-4f42c5b9ee59",
            "ticker": "HIGHCHI-24MAR02-B58.5",
            "count": 40,
            "created_time": "2024-03-01T15:15:02.630779Z",
            "yes_price": 17,
            "no_price": 83,
            "taker_side": "yes"
        },
        {
            "trade_id": "b2e3172a-5c8f-43bb-bab1-9916736c0b3c",
            "ticker": "HIGHCHI-24MAR02-B58.5",
            "count": 39,
            "created_time": "2024-03-01T15:15:02.630779Z",
            "yes_price": 14,
            "no_price": 86,
            "taker_side": "yes"
        },
        {
            "trade_id": "2af9bf0c-ac95-4826-a9eb-c34f4b0c65f8",
            "ticker": "HIGHCHI-24MAR02-B58.5",
            "count": 1,
            "created_time": "2024-03-01T15:12:24.863138Z",
            "yes_price": 26,
            "no_price": 74,
            "taker_side": "no"
        }
    ],
    "HIGHCHI-24MAR02-B60.5": [
        {
            "trade_id": "f32ec795-aaf8-4937-9c56-11df4cd36635",
            "ticker": "HIGHCHI-24MAR02-B60.5",
            "count": 13,
            "created_time": "2024-03-03T01:19:48.290313Z",
            "yes_price": 99,
            "no_price": 1,
            "taker_side": "yes"
        },
        {
            "trade_id": "7dc2bf52-64f8-4cf4-b073-ed9d46afe00b",
            "ticker": "HIGHCHI-24MAR02-B60.5",
            "count": 9,
            "created_time": "2024-03-02T21:48:43.097022Z",
            "yes_price": 46,
            "no_price": 54,
            "taker_side": "yes"
        },
        {
            "trade_id": "39b0480f-59bc-4053-a2ef-e87573f5ec34",
            "ticker": "HIGHCHI-24MAR02-B60.5",
            "count": 10,
            "created_time": "2024-03-02T15:30:36.211964Z",
            "yes_price": 52,
            "no_price": 48,
            "taker_side": "yes"
        },
        {
            "trade_id": "31ee0780-2c44-48a7-a29b-78ec9f710bf6",
            "ticker": "HIGHCHI-24MAR02-B60.5",
            "count": 30,
            "created_time": "2024-03-02T13:52:37.212365Z",
            "yes_price": 41,
            "no_price": 59,
            "taker_side": "no"
        },
        {
            "trade_id": "66661235-fb4f-4317-a674-d5a79746bf09",
            "ticker": "HIGHCHI-24MAR02-B60.5",
            "count": 10,
            "created_time": "2024-03-02T13:47:35.659306Z",
            "yes_price": 43,
            "no_price": 57,
            "taker_side": "no"
        },
        {
            "trade_id": "c5c01268-bc37-46fd-8c08-047e5a0ad311",
            "ticker": "HIGHCHI-24MAR02-B60.5",
            "count": 10,
            "created_time": "2024-03-02T13:47:10.138809Z",
            "yes_price": 39,
            "no_price": 61,
            "taker_side": "no"
        },
        {
            "trade_id": "96d6f13e-8613-4b9a-b1f4-7ea5f93114a7",
            "ticker": "HIGHCHI-24MAR02-B60.5",
            "count": 10,
            "created_time": "2024-03-02T13:13:23.818492Z",
            "yes_price": 44,
            "no_price": 56,
            "taker_side": "yes"
        },
        {
            "trade_id": "44ccc37c-fb42-429d-997e-3a081a65dbf8",
            "ticker": "HIGHCHI-24MAR02-B60.5",
            "count": 32,
            "created_time": "2024-03-02T13:13:23.818492Z",
            "yes_price": 45,
            "no_price": 55,
            "taker_side": "yes"
        },
        {
            "trade_id": "316de53c-9784-4e53-9ae5-1de9a6cef141",
            "ticker": "HIGHCHI-24MAR02-B60.5",
            "count": 2,
            "created_time": "2024-03-02T04:27:51.676066Z",
            "yes_price": 38,
            "no_price": 62,
            "taker_side": "yes"
        },
        {
            "trade_id": "aacbb452-d6f6-4a08-89c7-634c8d848817",
            "ticker": "HIGHCHI-24MAR02-B60.5",
            "count": 12,
            "created_time": "2024-03-01T23:09:00.310534Z",
            "yes_price": 36,
            "no_price": 64,
            "taker_side": "yes"
        },
        {
            "trade_id": "4ca2674a-082e-456a-84cd-0bd88e7ed0a4",
            "ticker": "HIGHCHI-24MAR02-B60.5",
            "count": 1,
            "created_time": "2024-03-01T23:09:00.310534Z",
            "yes_price": 38,
            "no_price": 62,
            "taker_side": "yes"
        },
        {
            "trade_id": "bb910631-c20f-45b6-a7cd-1a6b411c174c",
            "ticker": "HIGHCHI-24MAR02-B60.5",
            "count": 25,
            "created_time": "2024-03-01T21:44:32.665258Z",
            "yes_price": 30,
            "no_price": 70,
            "taker_side": "no"
        },
        {
            "trade_id": "209eb7b5-fd6e-4857-898f-76a65f2203c1",
            "ticker": "HIGHCHI-24MAR02-B60.5",
            "count": 25,
            "created_time": "2024-03-01T21:44:29.071208Z",
            "yes_price": 30,
            "no_price": 70,
            "taker_side": "no"
        },
        {
            "trade_id": "dd370a4d-6f3c-4690-8555-d2af574aac5c",
            "ticker": "HIGHCHI-24MAR02-B60.5",
            "count": 25,
            "created_time": "2024-03-01T21:13:49.305405Z",
            "yes_price": 30,
            "no_price": 70,
            "taker_side": "no"
        },
        {
            "trade_id": "60535a34-576b-4288-b24a-0d80808a34ee",
            "ticker": "HIGHCHI-24MAR02-B60.5",
            "count": 13,
            "created_time": "2024-03-01T20:47:07.587662Z",
            "yes_price": 36,
            "no_price": 64,
            "taker_side": "yes"
        },
        {
            "trade_id": "d92914d1-996c-410b-99a8-8c3455701c67",
            "ticker": "HIGHCHI-24MAR02-B60.5",
            "count": 125,
            "created_time": "2024-03-01T19:41:52.673252Z",
            "yes_price": 35,
            "no_price": 65,
            "taker_side": "yes"
        },
        {
            "trade_id": "46790444-3006-4f4f-8aa3-909d979a39bb",
            "ticker": "HIGHCHI-24MAR02-B60.5",
            "count": 50,
            "created_time": "2024-03-01T19:41:52.673252Z",
            "yes_price": 33,
            "no_price": 67,
            "taker_side": "yes"
        },
        {
            "trade_id": "dc6a4f35-9b0c-44c2-a5de-164058f039f4",
            "ticker": "HIGHCHI-24MAR02-B60.5",
            "count": 125,
            "created_time": "2024-03-01T17:35:03.479212Z",
            "yes_price": 28,
            "no_price": 72,
            "taker_side": "yes"
        },
        {
            "trade_id": "9047d4b8-eb95-4aef-8ae0-492a44c0edc7",
            "ticker": "HIGHCHI-24MAR02-B60.5",
            "count": 37,
            "created_time": "2024-03-01T17:35:03.479212Z",
            "yes_price": 24,
            "no_price": 76,
            "taker_side": "yes"
        },
        {
            "trade_id": "87b54b15-d21a-4a56-8c1c-df481a8c60c6",
            "ticker": "HIGHCHI-24MAR02-B60.5",
            "count": 125,
            "created_time": "2024-03-01T17:35:03.479212Z",
            "yes_price": 26,
            "no_price": 74,
            "taker_side": "yes"
        },
        {
            "trade_id": "84415e07-c98d-4642-893f-fefbc6f8ef21",
            "ticker": "HIGHCHI-24MAR02-B60.5",
            "count": 6,
            "created_time": "2024-03-01T17:35:03.479212Z",
            "yes_price": 27,
            "no_price": 73,
            "taker_side": "yes"
        },
        {
            "trade_id": "5037bd9d-7ce0-45d7-a684-4e1484c02fc7",
            "ticker": "HIGHCHI-24MAR02-B60.5",
            "count": 12,
            "created_time": "2024-03-01T16:00:44.996266Z",
            "yes_price": 20,
            "no_price": 80,
            "taker_side": "no"
        },
        {
            "trade_id": "1c96f74f-9351-4b83-b7dc-26989173b8bc",
            "ticker": "HIGHCHI-24MAR02-B60.5",
            "count": 12,
            "created_time": "2024-03-01T16:00:41.077136Z",
            "yes_price": 20,
            "no_price": 80,
            "taker_side": "no"
        },
        {
            "trade_id": "d26bf958-fafa-492f-a446-e4597b13a9e7",
            "ticker": "HIGHCHI-24MAR02-B60.5",
            "count": 25,
            "created_time": "2024-03-01T15:56:28.496121Z",
            "yes_price": 20,
            "no_price": 80,
            "taker_side": "no"
        },
        {
            "trade_id": "a9a4a27c-e1ab-4416-9361-f7e304477353",
            "ticker": "HIGHCHI-24MAR02-B60.5",
            "count": 25,
            "created_time": "2024-03-01T15:52:27.296948Z",
            "yes_price": 20,
            "no_price": 80,
            "taker_side": "no"
        },
        {
            "trade_id": "c6f98dce-581c-44eb-a547-46b7df9d6993",
            "ticker": "HIGHCHI-24MAR02-B60.5",
            "count": 37,
            "created_time": "2024-03-01T15:44:29.49206Z",
            "yes_price": 20,
            "no_price": 80,
            "taker_side": "no"
        }
    ],
    "HIGHCHI-24MAR02-B62.5": [
        {
            "trade_id": "b86f22ec-2e40-4990-ab4d-580eb8520e5b",
            "ticker": "HIGHCHI-24MAR02-B62.5",
            "count": 30,
            "created_time": "2024-03-02T13:52:37.21768Z",
            "yes_price": 16,
            "no_price": 84,
            "taker_side": "no"
        },
        {
            "trade_id": "14e92c91-fba6-4a01-b78a-4ad8288a5a4c",
            "ticker": "HIGHCHI-24MAR02-B62.5",
            "count": 10,
            "created_time": "2024-03-02T13:47:35.660476Z",
            "yes_price": 16,
            "no_price": 84,
            "taker_side": "no"
        },
        {
            "trade_id": "30cbc52a-63b7-47ab-aed1-b5ef95772f85",
            "ticker": "HIGHCHI-24MAR02-B62.5",
            "count": 10,
            "created_time": "2024-03-02T13:47:10.163258Z",
            "yes_price": 17,
            "no_price": 83,
            "taker_side": "no"
        },
        {
            "trade_id": "9b629dd4-9c3f-4f93-a2fa-dca324a59fae",
            "ticker": "HIGHCHI-24MAR02-B62.5",
            "count": 40,
            "created_time": "2024-03-02T04:34:38.720989Z",
            "yes_price": 17,
            "no_price": 83,
            "taker_side": "no"
        },
        {
            "trade_id": "0b7ec37a-792f-4e3a-94ef-9765597666d0",
            "ticker": "HIGHCHI-24MAR02-B62.5",
            "count": 200,
            "created_time": "2024-03-02T04:34:38.720989Z",
            "yes_price": 18,
            "no_price": 82,
            "taker_side": "no"
        },
        {
            "trade_id": "13476aa4-db0d-40fc-b096-d3b2136a1949",
            "ticker": "HIGHCHI-24MAR02-B62.5",
            "count": 25,
            "created_time": "2024-03-01T21:44:32.655811Z",
            "yes_price": 17,
            "no_price": 83,
            "taker_side": "no"
        },
        {
            "trade_id": "d5ee0981-92cb-40a6-a314-aeb0e4320b33",
            "ticker": "HIGHCHI-24MAR02-B62.5",
            "count": 25,
            "created_time": "2024-03-01T21:44:29.058453Z",
            "yes_price": 15,
            "no_price": 85,
            "taker_side": "no"
        },
        {
            "trade_id": "9d483836-95ae-4f5f-b823-90b598490210",
            "ticker": "HIGHCHI-24MAR02-B62.5",
            "count": 25,
            "created_time": "2024-03-01T21:13:49.318235Z",
            "yes_price": 19,
            "no_price": 81,
            "taker_side": "no"
        },
        {
            "trade_id": "3321cd47-71ee-422e-a68a-ed4d76750f1e",
            "ticker": "HIGHCHI-24MAR02-B62.5",
            "count": 25,
            "created_time": "2024-03-01T19:42:13.179087Z",
            "yes_price": 20,
            "no_price": 80,
            "taker_side": "no"
        },
        {
            "trade_id": "7d6a2a16-70fe-47a4-afb0-eba46dee5de2",
            "ticker": "HIGHCHI-24MAR02-B62.5",
            "count": 54,
            "created_time": "2024-03-01T17:37:01.42886Z",
            "yes_price": 20,
            "no_price": 80,
            "taker_side": "no"
        },
        {
            "trade_id": "1e2e98a8-ebb3-40d5-97d3-22779665f1b9",
            "ticker": "HIGHCHI-24MAR02-B62.5",
            "count": 37,
            "created_time": "2024-03-01T17:35:39.504633Z",
            "yes_price": 23,
            "no_price": 77,
            "taker_side": "no"
        },
        {
            "trade_id": "18b322b9-dffb-4709-990e-ac9a7ef0f099",
            "ticker": "HIGHCHI-24MAR02-B62.5",
            "count": 125,
            "created_time": "2024-03-01T17:35:39.504633Z",
            "yes_price": 21,
            "no_price": 79,
            "taker_side": "no"
        },
        {
            "trade_id": "e5d8497b-d450-4e11-aec4-b14ed08e36f3",
            "ticker": "HIGHCHI-24MAR02-B62.5",
            "count": 125,
            "created_time": "2024-03-01T17:35:17.069642Z",
            "yes_price": 22,
            "no_price": 78,
            "taker_side": "no"
        },
        {
            "trade_id": "8d260dda-e6f6-44f9-8772-5eec39dafefa",
            "ticker": "HIGHCHI-24MAR02-B62.5",
            "count": 75,
            "created_time": "2024-03-01T17:35:17.069642Z",
            "yes_price": 24,
            "no_price": 76,
            "taker_side": "no"
        },
        {
            "trade_id": "135d6126-256c-4e4b-b169-919ba0ff5f06",
            "ticker": "HIGHCHI-24MAR02-B62.5",
            "count": 12,
            "created_time": "2024-03-01T16:00:45.019068Z",
            "yes_price": 27,
            "no_price": 73,
            "taker_side": "no"
        },
        {
            "trade_id": "5877420e-7889-4550-bdc2-e463d2f506a9",
            "ticker": "HIGHCHI-24MAR02-B62.5",
            "count": 12,
            "created_time": "2024-03-01T16:00:41.046006Z",
            "yes_price": 27,
            "no_price": 73,
            "taker_side": "no"
        },
        {
            "trade_id": "f4e2d456-0583-434d-b816-4803863918b6",
            "ticker": "HIGHCHI-24MAR02-B62.5",
            "count": 25,
            "created_time": "2024-03-01T15:56:28.525554Z",
            "yes_price": 27,
            "no_price": 73,
            "taker_side": "no"
        },
        {
            "trade_id": "d1e2dfa6-d421-496c-91a3-f2ff020240f1",
            "ticker": "HIGHCHI-24MAR02-B62.5",
            "count": 25,
            "created_time": "2024-03-01T15:52:27.325938Z",
            "yes_price": 27,
            "no_price": 73,
            "taker_side": "no"
        },
        {
            "trade_id": "57d8676a-73fe-45a9-ae7f-7750cb0357bb",
            "ticker": "HIGHCHI-24MAR02-B62.5",
            "count": 37,
            "created_time": "2024-03-01T15:44:29.506786Z",
            "yes_price": 27,
            "no_price": 73,
            "taker_side": "no"
        },
        {
            "trade_id": "69b76db1-aa31-423d-8794-3aa350a69961",
            "ticker": "HIGHCHI-24MAR02-B62.5",
            "count": 1,
            "created_time": "2024-03-01T15:35:35.993602Z",
            "yes_price": 27,
            "no_price": 73,
            "taker_side": "no"
        }
    ],
    "HIGHCHI-24MAR02-T63": [
        {
            "trade_id": "076a42d3-aef8-4eb8-924e-03055fd7f538",
            "ticker": "HIGHCHI-24MAR02-T63",
            "count": 30,
            "created_time": "2024-03-02T13:52:37.230903Z",
            "yes_price": 6,
            "no_price": 94,
            "taker_side": "no"
        },
        {
            "trade_id": "8d173415-a8f8-487b-bcda-dc0237bd0d5f",
            "ticker": "HIGHCHI-24MAR02-T63",
            "count": 10,
            "created_time": "2024-03-02T13:47:35.684962Z",
            "yes_price": 7,
            "no_price": 93,
            "taker_side": "no"
        },
        {
            "trade_id": "ad9463e0-7e4f-465c-bd4e-84e1a9cf436b",
            "ticker": "HIGHCHI-24MAR02-T63",
            "count": 10,
            "created_time": "2024-03-02T13:47:10.161256Z",
            "yes_price": 7,
            "no_price": 93,
            "taker_side": "no"
        },
        {
            "trade_id": "a89905f0-0d52-4547-af5d-5cd883916f1c",
            "ticker": "HIGHCHI-24MAR02-T63",
            "count": 9,
            "created_time": "2024-03-01T23:51:53.511193Z",
            "yes_price": 11,
            "no_price": 89,
            "taker_side": "no"
        },
        {
            "trade_id": "44d488a2-81a6-4108-8ec4-c86d24f8a930",
            "ticker": "HIGHCHI-24MAR02-T63",
            "count": 25,
            "created_time": "2024-03-01T21:44:32.66352Z",
            "yes_price": 15,
            "no_price": 85,
            "taker_side": "no"
        },
        {
            "trade_id": "19344487-c86f-441e-851c-614ec8fc17db",
            "ticker": "HIGHCHI-24MAR02-T63",
            "count": 25,
            "created_time": "2024-03-01T21:44:29.056956Z",
            "yes_price": 15,
            "no_price": 85,
            "taker_side": "no"
        },
        {
            "trade_id": "8a0aeaca-a2cf-44c2-8f89-93d5e10281e9",
            "ticker": "HIGHCHI-24MAR02-T63",
            "count": 25,
            "created_time": "2024-03-01T21:13:49.334504Z",
            "yes_price": 16,
            "no_price": 84,
            "taker_side": "no"
        },
        {
            "trade_id": "696cd1dc-72e0-4ca7-ab2f-cd9297ddea01",
            "ticker": "HIGHCHI-24MAR02-T63",
            "count": 6,
            "created_time": "2024-03-01T20:47:26.623158Z",
            "yes_price": 18,
            "no_price": 82,
            "taker_side": "no"
        },
        {
            "trade_id": "ad6b9c71-9202-4155-ba98-f12be9a2abc4",
            "ticker": "HIGHCHI-24MAR02-T63",
            "count": 54,
            "created_time": "2024-03-01T17:37:13.76015Z",
            "yes_price": 19,
            "no_price": 81,
            "taker_side": "no"
        },
        {
            "trade_id": "96e49a68-1947-4b3e-ad59-9971e334e2df",
            "ticker": "HIGHCHI-24MAR02-T63",
            "count": 16,
            "created_time": "2024-03-01T17:37:13.76015Z",
            "yes_price": 21,
            "no_price": 79,
            "taker_side": "no"
        },
        {
            "trade_id": "9d7d60d3-3402-4670-9991-3cd83d73f974",
            "ticker": "HIGHCHI-24MAR02-T63",
            "count": 16,
            "created_time": "2024-03-01T17:36:49.570108Z",
            "yes_price": 21,
            "no_price": 79,
            "taker_side": "no"
        },
        {
            "trade_id": "7e68c297-86b5-497e-9db3-4aa8adf07469",
            "ticker": "HIGHCHI-24MAR02-T63",
            "count": 54,
            "created_time": "2024-03-01T17:36:38.734469Z",
            "yes_price": 21,
            "no_price": 79,
            "taker_side": "no"
        },
        {
            "trade_id": "241d3c03-b3b4-4fd2-8681-e140c008ad29",
            "ticker": "HIGHCHI-24MAR02-T63",
            "count": 8,
            "created_time": "2024-03-01T17:36:38.734469Z",
            "yes_price": 23,
            "no_price": 77,
            "taker_side": "no"
        },
        {
            "trade_id": "f0bac713-b52c-40f1-b898-f99f219b2a95",
            "ticker": "HIGHCHI-24MAR02-T63",
            "count": 125,
            "created_time": "2024-03-01T17:35:26.112692Z",
            "yes_price": 24,
            "no_price": 76,
            "taker_side": "no"
        },
        {
            "trade_id": "9f95235b-28e2-4e66-adab-b647a64b5e67",
            "ticker": "HIGHCHI-24MAR02-T63",
            "count": 125,
            "created_time": "2024-03-01T17:35:26.112692Z",
            "yes_price": 22,
            "no_price": 78,
            "taker_side": "no"
        },
        {
            "trade_id": "19db1460-b46e-4d1d-ad50-f18f62955aad",
            "ticker": "HIGHCHI-24MAR02-T63",
            "count": 37,
            "created_time": "2024-03-01T17:35:26.112692Z",
            "yes_price": 26,
            "no_price": 74,
            "taker_side": "no"
        },
        {
            "trade_id": "6069fa8f-f9dc-4b2a-afda-8b1cd401ce86",
            "ticker": "HIGHCHI-24MAR02-T63",
            "count": 12,
            "created_time": "2024-03-01T16:00:45.006589Z",
            "yes_price": 28,
            "no_price": 72,
            "taker_side": "no"
        },
        {
            "trade_id": "3c594cf5-4df4-4deb-8dc4-bdb28ffe40ec",
            "ticker": "HIGHCHI-24MAR02-T63",
            "count": 12,
            "created_time": "2024-03-01T16:00:41.064493Z",
            "yes_price": 28,
            "no_price": 72,
            "taker_side": "no"
        },
        {
            "trade_id": "943dc05c-4c4e-48a6-8454-873b83c17ccb",
            "ticker": "HIGHCHI-24MAR02-T63",
            "count": 25,
            "created_time": "2024-03-01T15:56:28.511697Z",
            "yes_price": 28,
            "no_price": 72,
            "taker_side": "no"
        },
        {
            "trade_id": "f08cf51e-e63d-41f1-af7c-be32fcb9f702",
            "ticker": "HIGHCHI-24MAR02-T63",
            "count": 25,
            "created_time": "2024-03-01T15:52:27.31633Z",
            "yes_price": 28,
            "no_price": 72,
            "taker_side": "no"
        },
        {
            "trade_id": "3e01a617-3c97-4267-95f1-7fafe0ebd86d",
            "ticker": "HIGHCHI-24MAR02-T63",
            "count": 37,
            "created_time": "2024-03-01T15:44:29.517831Z",
            "yes_price": 28,
            "no_price": 72,
            "taker_side": "no"
        },
        {
            "trade_id": "b4559950-165a-41ca-ae96-ea511958d2fe",
            "ticker": "HIGHCHI-24MAR02-T63",
            "count": 1,
            "created_time": "2024-03-01T15:35:36.063976Z",
            "yes_price": 25,
            "no_price": 75,
            "taker_side": "no"
        },
        {
            "trade_id": "dbe2b9db-a17b-4fb2-9e79-5cc380079f91",
            "ticker": "HIGHCHI-24MAR02-T63",
            "count": 68,
            "created_time": "2024-03-01T15:21:34.250079Z",
            "yes_price": 26,
            "no_price": 74,
            "taker_side": "no"
        },
        {
            "trade_id": "ba8243f1-e2ba-40ee-9f5f-9c492aa8ba9d",
            "ticker": "HIGHCHI-24MAR02-T63",
            "count": 16,
            "created_time": "2024-03-01T15:21:34.250079Z",
            "yes_price": 24,
            "no_price": 76,
            "taker_side": "no"
        },
        {
            "trade_id": "46ae814b-4c4b-4a21-8c7d-df66ae902b04",
            "ticker": "HIGHCHI-24MAR02-T63",
            "count": 16,
            "created_time": "2024-03-01T15:21:34.250079Z",
            "yes_price": 28,
            "no_price": 72,
            "taker_side": "no"
        }
    ]
}