{
    "HIGHCHI-24APR21-T56": [
        {
            "trade_id": "3e048a2f-ece4-4902-85e0-a0f949e361b8",
            "ticker": "HIGHCHI-24APR21-T56",
            "count": 767,
            "created_time": "2024-04-21T23:07:57.854211Z",
            "yes_price": 1,
            "no_price": 99,
            "taker_side": "yes"
        },
        {
            "trade_id": "0db6a233-2d63-4e8d-8076-2ff30bc554e7",
            "ticker": "HIGHCHI-24APR21-T56",
            "count": 1,
            "created_time": "2024-04-21T23:07:57.854211Z",
            "yes_price": 1,
            "no_price": 99,
            "taker_side": "yes"
        },
        {
            "trade_id": "0a705a2f-e4ef-4374-a23d-3d72998aa191",
            "ticker": "HIGHCHI-24APR21-T56",
            "count": 165,
            "created_time": "2024-04-21T23:07:57.854211Z",
            "yes_price": 1,
            "no_price": 99,
            "taker_side": "yes"
        }
    ],
    "HIGHCHI-24APR21-B56.5": [
        {
            "trade_id": "516d0558-2ca4-4aee-ab10-6b4a770f01f3",
            "ticker": "HIGHCHI-24APR21-B56.5",
            "count": 100,
            "created_time": "2024-04-21T20:56:03.389807Z",
            "yes_price": 2,
            "no_price": 98,
            "taker_side": "no"
        },
        {
            "trade_id": "0a758e18-01dc-4cd7-a21e-c3e44432e403",
            "ticker": "HIGHCHI-24APR21-B56.5",
            "count": 100,
            "created_time": "2024-04-21T20:56:03.389807Z",
            "yes_price": 1,
            "no_price": 99,
            "taker_side": "no"
        },
        {
            "trade_id": "00849f48-58b6-4a01-8455-04487b65aa8f",
            "ticker": "HIGHCHI-24APR21-B56.5",
            "count": 1,
            "created_time": "2024-04-21T19:50:09.570454Z",
            "yes_price": 3,
            "no_price": 97,
            "taker_side": "no"
        },
        {
            "trade_id": "316f0eec-b7cc-4ab2-9a35-726ef6fa33d3",
            "ticker": "HIGHCHI-24APR21-B56.5",
            "count": 100,
            "created_time": "2024-04-21T19:14:03.102459Z",
            "yes_price": 1,
            "no_price": 99,
            "taker_side": "no"
        },
        {
            "trade_id": "ea960d8e-5a2e-4a77-8965-484b1feb3d6d",
            "ticker": "HIGHCHI-24APR21-B56.5",
            "count": 4,
            "created_time": "2024-04-21T16:53:26.522852Z",
            "yes_price": 3,
            "no_price": 97,
            "taker_side": "no"
        },
        {
            "trade_id": "a9062e69-abed-402a-b2db-31c65bad533c",
            "ticker": "HIGHCHI-24APR21-B56.5",
            "count": 1,
            "created_time": "2024-04-21T16:52:50.010471Z",
            "yes_price": 4,
            "no_price": 96,
            "taker_side": "no"
        },
        {
            "trade_id": "423dc88b-73e8-4c33-a3a2-8e81a704921f",
            "ticker": "HIGHCHI-24APR21-B56.5",
            "count": 45,
            "created_time": "2024-04-21T15:02:08.02201Z",
            "yes_price": 3,
            "no_price": 97,
            "taker_side": "no"
        },
        {
            "trade_id": "fe703e0a-9ad6-4ea5-97b2-262a91223768",
            "ticker": "HIGHCHI-24APR21-B56.5",
            "count": 22,
            "created_time": "2024-04-21T15:01:45.865736Z",
            "yes_price": 3,
            "no_price": 97,
            "taker_side": "no"
        },
        {
            "trade_id": "5450741f-b7d5-4494-a154-1c928f8a6259",
            "ticker": "HIGHCHI-24APR21-B56.5",
            "count": 21,
            "created_time": "2024-04-21T14:34:49.566811Z",
            "yes_price": 9,
            "no_price": 91,
            "taker_side": "no"
        },
        {
            "trade_id": "49c283c4-55b5-4e62-80f4-0b2236a1c75b",
            "ticker": "HIGHCHI-24APR21-B56.5",
            "count": 89,
            "created_time": "2024-04-21T14:34:49.566811Z",
            "yes_price": 10,
            "no_price": 90,
            "taker_side": "no"
        },
        {
            "trade_id": "412da9a2-5d93-4a61-a3f2-7d6281a1b132",
            "ticker": "HIGHCHI-24APR21-B56.5",
            "count": 52,
            "created_time": "2024-04-21T14:33:12.568231Z",
            "yes_price": 10,
            "no_price": 90,
            "taker_side": "no"
        },
        {
            "trade_id": "8f2cbdb3-7730-40f5-aedd-d36d147825e3",
            "ticker": "HIGHCHI-24APR21-B56.5",
            "count": 25,
            "created_time": "2024-04-21T14:32:54.758248Z",
            "yes_price": 11,
            "no_price": 89,
            "taker_side": "no"
        },
        {
            "trade_id": "8e5d8c48-6e99-4cb0-abee-e1cbd329fad4",
            "ticker": "HIGHCHI-24APR21-B56.5",
            "count": 2,
            "created_time": "2024-04-21T14:32:21.677322Z",
            "yes_price": 11,
            "no_price": 89,
            "taker_side": "no"
        },
        {
            "trade_id": "370a6b94-9fa6-46c9-9c90-b6c639d16c33",
            "ticker": "HIGHCHI-24APR21-B56.5",
            "count": 15,
            "created_time": "2024-04-21T14:00:09.840703Z",
            "yes_price": 15,
            "no_price": 85,
            "taker_side": "yes"
        },
        {
            "trade_id": "f0d65dfa-2b2a-47ca-979a-39db44e7d9c4",
            "ticker": "HIGHCHI-24APR21-B56.5",
            "count": 29,
            "created_time": "2024-04-21T12:48:30.10354Z",
            "yes_price": 10,
            "no_price": 90,
            "taker_side": "no"
        },
        {
            "trade_id": "29172e6a-c34c-48e8-be96-ad27fd52bd0e",
            "ticker": "HIGHCHI-24APR21-B56.5",
            "count": 28,
            "created_time": "2024-04-21T12:48:03.201585Z",
            "yes_price": 10,
            "no_price": 90,
            "taker_side": "no"
        },
        {
            "trade_id": "f50765ae-e418-4783-b4ab-a2d74039da5a",
            "ticker": "HIGHCHI-24APR21-B56.5",
            "count": 5,
            "created_time": "2024-04-21T12:00:35.162248Z",
            "yes_price": 16,
            "no_price": 84,
            "taker_side": "yes"
        },
        {
            "trade_id": "64403d51-5608-474f-a392-9d201602e7f7",
            "ticker": "HIGHCHI-24APR21-B56.5",
            "count": 10,
            "created_time": "2024-04-21T12:00:10.407866Z",
            "yes_price": 10,
            "no_price": 90,
            "taker_side": "yes"
        },
        {
            "trade_id": "5ba8047d-52e5-40fd-aac5-eeeb5ade3b17",
            "ticker": "HIGHCHI-24APR21-B56.5",
            "count": 1,
            "created_time": "2024-04-21T01:48:31.792869Z",
            "yes_price": 9,
            "no_price": 91,
            "taker_side": "yes"
        }
    ],
    "HIGHCHI-24APR21-B58.5": [
        {
            "trade_id": "a8b1eb58-37d8-4ed6-ae90-38b5f264ffd3",
            "ticker": "HIGHCHI-24APR21-B58.5",
            "count": 1,
            "created_time": "2024-04-22T01:13:23.209778Z",
            "yes_price": 98,
            "no_price": 2,
            "taker_side": "no"
        },
        {
            "trade_id": "ccca06dc-d43a-4273-b15d-fc5342da8937",
            "ticker": "HIGHCHI-24APR21-B58.5",
            "count": 39,
            "created_time": "2024-04-22T01:06:05.348939Z",
            "yes_price": 92,
            "no_price": 8,
            "taker_side": "no"
        },
        {
            "trade_id": "0500cd5e-da81-4607-8d0b-904d4cfd092e",
            "ticker": "HIGHCHI-24APR21-B58.5",
            "count": 41,
            "created_time": "2024-04-22T01:05:44.256113Z",
            "yes_price": 92,
            "no_price": 8,
            "taker_side": "no"
        },
        {
            "trade_id": "bf146c9f-5feb-4bf5-bb77-6a793134405b",
            "ticker": "HIGHCHI-24APR21-B58.5",
            "count": 40,
            "created_time": "2024-04-22T01:05:44.111738Z",
            "yes_price": 92,
            "no_price": 8,
            "taker_side": "no"
        },
        {
            "trade_id": "88367a3f-16ad-4d97-a060-2c638e26dc82",
            "ticker": "HIGHCHI-24APR21-B58.5",
            "count": 57,
            "created_time": "2024-04-22T01:05:15.12667Z",
            "yes_price": 92,
            "no_price": 8,
            "taker_side": "no"
        },
        {
            "trade_id": "16b68054-0c8d-4c6f-a368-58dd5ef4781a",
            "ticker": "HIGHCHI-24APR21-B58.5",
            "count": 1,
            "created_time": "2024-04-22T01:05:15.12667Z",
            "yes_price": 93,
            "no_price": 7,
            "taker_side": "no"
        },
        {
            "trade_id": "b91bcaab-e457-4612-905e-d0254ee89af4",
            "ticker": "HIGHCHI-24APR21-B58.5",
            "count": 41,
            "created_time": "2024-04-21T15:56:16.206451Z",
            "yes_price": 56,
            "no_price": 44,
            "taker_side": "yes"
        },
        {
            "trade_id": "b02c8810-6d5d-4764-8a63-f6b9838d3f8c",
            "ticker": "HIGHCHI-24APR21-B58.5",
            "count": 90,
            "created_time": "2024-04-21T15:56:16.206451Z",
            "yes_price": 58,
            "no_price": 42,
            "taker_side": "yes"
        },
        {
            "trade_id": "5a6170b4-838c-4711-85b3-7247cfdf70a8",
            "ticker": "HIGHCHI-24APR21-B58.5",
            "count": 1,
            "created_time": "2024-04-21T15:56:16.206451Z",
            "yes_price": 53,
            "no_price": 47,
            "taker_side": "yes"
        },
        {
            "trade_id": "e6c57d0c-ba0e-4a4d-94d4-4e4a71afa9ea",
            "ticker": "HIGHCHI-24APR21-B58.5",
            "count": 56,
            "created_time": "2024-04-21T15:02:07.931215Z",
            "yes_price": 52,
            "no_price": 48,
            "taker_side": "yes"
        },
        {
            "trade_id": "9396fef8-08e1-47a5-bb65-63c7613e0c60",
            "ticker": "HIGHCHI-24APR21-B58.5",
            "count": 45,
            "created_time": "2024-04-21T15:02:07.931215Z",
            "yes_price": 51,
            "no_price": 49,
            "taker_side": "yes"
        },
        {
            "trade_id": "ed36b523-100e-49b3-a5b8-d8b2f8de3731",
            "ticker": "HIGHCHI-24APR21-B58.5",
            "count": 22,
            "created_time": "2024-04-21T15:01:45.741004Z",
            "yes_price": 50,
            "no_price": 50,
            "taker_side": "yes"
        },
        {
            "trade_id": "c4dc49c4-f734-4d94-86a9-bbfa7399ca2e",
            "ticker": "HIGHCHI-24APR21-B58.5",
            "count": 45,
            "created_time": "2024-04-21T15:01:45.741004Z",
            "yes_price": 51,
            "no_price": 49,
            "taker_side": "yes"
        },
        {
            "trade_id": "cfb791cd-6daf-4c2f-ab52-3478a168f408",
            "ticker": "HIGHCHI-24APR21-B58.5",
            "count": 1,
            "created_time": "2024-04-21T14:43:09.249504Z",
            "yes_price": 48,
            "no_price": 52,
            "taker_side": "yes"
        },
        {
            "trade_id": "b53ef4ad-a890-4ef1-8439-de06cf1a17a9",
            "ticker": "HIGHCHI-24APR21-B58.5",
            "count": 7,
            "created_time": "2024-04-21T14:43:09.249504Z",
            "yes_price": 50,
            "no_price": 50,
            "taker_side": "yes"
        },
        {
            "trade_id": "16e8ac70-fa1f-42ab-83dc-9b1f312b5cc6",
            "ticker": "HIGHCHI-24APR21-B58.5",
            "count": 1,
            "created_time": "2024-04-21T14:43:09.249504Z",
            "yes_price": 49,
            "no_price": 51,
            "taker_side": "yes"
        },
        {
            "trade_id": "9cef0049-5623-4b6f-bf39-80ad2f1911b1",
            "ticker": "HIGHCHI-24APR21-B58.5",
            "count": 49,
            "created_time": "2024-04-21T14:33:12.491743Z",
            "yes_price": 53,
            "no_price": 47,
            "taker_side": "yes"
        },
        {
            "trade_id": "816e8688-c432-418e-bfe8-98e1ac25e245",
            "ticker": "HIGHCHI-24APR21-B58.5",
            "count": 52,
            "created_time": "2024-04-21T14:33:12.491743Z",
            "yes_price": 52,
            "no_price": 48,
            "taker_side": "yes"
        },
        {
            "trade_id": "618b97ad-5324-4a52-8c70-6a977da6a610",
            "ticker": "HIGHCHI-24APR21-B58.5",
            "count": 25,
            "created_time": "2024-04-21T14:32:54.802309Z",
            "yes_price": 47,
            "no_price": 53,
            "taker_side": "no"
        },
        {
            "trade_id": "ff9c3145-0c68-4330-ba64-32a2e2755be1",
            "ticker": "HIGHCHI-24APR21-B58.5",
            "count": 2,
            "created_time": "2024-04-21T14:32:21.736565Z",
            "yes_price": 48,
            "no_price": 52,
            "taker_side": "no"
        },
        {
            "trade_id": "88388469-729a-4d06-9030-5b7e7f0fcc81",
            "ticker": "HIGHCHI-24APR21-B58.5",
            "count": 15,
            "created_time": "2024-04-21T14:00:09.920748Z",
            "yes_price": 46,
            "no_price": 54,
            "taker_side": "no"
        },
        {
            "trade_id": "ae7b152c-19ea-4f22-9d71-b4b5b4c77aac",
            "ticker": "HIGHCHI-24APR21-B58.5",
            "count": 6,
            "created_time": "2024-04-21T13:59:28.611533Z",
            "yes_price": 46,
            "no_price": 54,
            "taker_side": "no"
        },
        {
            "trade_id": "526700d8-41f9-49ba-8be9-869e6bf0660f",
            "ticker": "HIGHCHI-24APR21-B58.5",
            "count": 29,
            "created_time": "2024-04-21T12:48:30.088914Z",
            "yes_price": 45,
            "no_price": 55,
            "taker_side": "no"
        },
        {
            "trade_id": "7b442d85-1e70-4c4d-88e0-8664d076b864",
            "ticker": "HIGHCHI-24APR21-B58.5",
            "count": 28,
            "created_time": "2024-04-21T12:48:03.224703Z",
            "yes_price": 45,
            "no_price": 55,
            "taker_side": "no"
        },
        {
            "trade_id": "37fffee5-464b-499b-87d6-69adc68265d2",
            "ticker": "HIGHCHI-24APR21-B58.5",
            "count": 5,
            "created_time": "2024-04-21T01:52:29.870012Z",
            "yes_price": 28,
            "no_price": 72,
            "taker_side": "yes"
        },
        {
            "trade_id": "4c3b1607-b0e3-49d3-9777-3e0dcc958039",
            "ticker": "HIGHCHI-24APR21-B58.5",
            "count": 1,
            "created_time": "2024-04-21T01:48:31.869848Z",
            "yes_price": 27,
            "no_price": 73,
            "taker_side": "yes"
        },
        {
            "trade_id": "7535acdc-be13-469a-9c6c-e3401ac71d7e",
            "ticker": "HIGHCHI-24APR21-B58.5",
            "count": 10,
            "created_time": "2024-04-20T18:35:19.223591Z",
            "yes_price": 18,
            "no_price": 82,
            "taker_side": "no"
        },
        {
            "trade_id": "4f2bb5c8-2047-41f6-96c2-d4dddedf5f98",
            "ticker": "HIGHCHI-24APR21-B58.5",
            "count": 39,
            "created_time": "2024-04-20T18:15:57.138512Z",
            "yes_price": 24,
            "no_price": 76,
            "taker_side": "yes"
        },
        {
            "trade_id": "173b889a-f931-499b-849f-31363a298b66",
            "ticker": "HIGHCHI-24APR21-B58.5",
            "count": 1,
            "created_time": "2024-04-20T18:14:44.195844Z",
            "yes_price": 24,
            "no_price": 76,
            "taker_side": "yes"
        },
        {
            "trade_id": "056cd234-ece5-4733-a324-85d177696a83",
            "ticker": "HIGHCHI-24APR21-B58.5",
            "count": 39,
            "created_time": "2024-04-20T18:13:05.164896Z",
            "yes_price": 24,
            "no_price": 76,
            "taker_side": "yes"
        },
        {
            "trade_id": "b92d9cf0-5336-451a-a949-d88f2d58a54b",
            "ticker": "HIGHCHI-24APR21-B58.5",
            "count": 41,
            "created_time": "2024-04-20T18:12:58.349972Z",
            "yes_price": 23,
            "no_price": 77,
            "taker_side": "yes"
        },
        {
            "trade_id": "2f0fc237-9ce1-42fe-8bf0-035a421e281e",
            "ticker": "HIGHCHI-24APR21-B58.5",
            "count": 105,
            "created_time": "2024-04-20T17:38:17.266258Z",
            "yes_price": 22,
            "no_price": 78,
            "taker_side": "yes"
        },
        {
            "trade_id": "d06d96ce-c5d6-4211-8687-e7de769c21e0",
            "ticker": "HIGHCHI-24APR21-B58.5",
            "count": 15,
            "created_time": "2024-04-20T17:38:10.759991Z",
            "yes_price": 21,
            "no_price": 79,
            "taker_side": "yes"
        },
        {
            "trade_id": "d2d4fd34-675b-4a31-a9c3-dfa29da1f53e",
            "ticker": "HIGHCHI-24APR21-B58.5",
            "count": 150,
            "created_time": "2024-04-20T17:37:18.617039Z",
            "yes_price": 22,
            "no_price": 78,
            "taker_side": "yes"
        },
        {
            "trade_id": "bea5f0af-b3ba-4845-8ca2-98517fbc2e7b",
            "ticker": "HIGHCHI-24APR21-B58.5",
            "count": 45,
            "created_time": "2024-04-20T17:37:18.617039Z",
            "yes_price": 19,
            "no_price": 81,
            "taker_side": "yes"
        },
        {
            "trade_id": "4f22415a-8cba-4020-9d32-40b2f74a6b15",
            "ticker": "HIGHCHI-24APR21-B58.5",
            "count": 150,
            "created_time": "2024-04-20T17:37:18.617039Z",
            "yes_price": 21,
            "no_price": 79,
            "taker_side": "yes"
        },
        {
            "trade_id": "53ad6d5e-f603-4909-a284-0d8b8e9d316e",
            "ticker": "HIGHCHI-24APR21-B58.5",
            "count": 10,
            "created_time": "2024-04-20T17:30:30.287109Z",
            "yes_price": 14,
            "no_price": 86,
            "taker_side": "no"
        },
        {
            "trade_id": "944a9ba4-c693-4208-899a-95be4d54c7ac",
            "ticker": "HIGHCHI-24APR21-B58.5",
            "count": 10,
            "created_time": "2024-04-20T17:19:49.399575Z",
            "yes_price": 14,
            "no_price": 86,
            "taker_side": "yes"
        }
    ],
    "HIGHCHI-24APR21-B60.5": [
        {
            "trade_id": "9cd385bb-d66a-4954-98f3-3092240824cf",
            "ticker": "HIGHCHI-24APR21-B60.5",
            "count": 45,
            "created_time": "2024-04-21T15:02:08.026972Z",
            "yes_price": 34,
            "no_price": 66,
            "taker_side": "no"
        },
        {
            "trade_id": "19f51e28-93d3-476e-885f-ac3149faffac",
            "ticker": "HIGHCHI-24APR21-B60.5",
            "count": 22,
            "created_time": "2024-04-21T15:01:45.84328Z",
            "yes_price": 35,
            "no_price": 65,
            "taker_side": "no"
        },
        {
            "trade_id": "880ce83f-03d5-4e98-99d9-691e46527507",
            "ticker": "HIGHCHI-24APR21-B60.5",
            "count": 52,
            "created_time": "2024-04-21T14:33:12.566511Z",
            "yes_price": 31,
            "no_price": 69,
            "taker_side": "no"
        },
        {
            "trade_id": "b37a4227-d312-4a67-8e1b-e880f7b1ea50",
            "ticker": "HIGHCHI-24APR21-B60.5",
            "count": 12,
            "created_time": "2024-04-21T14:32:54.676971Z",
            "yes_price": 34,
            "no_price": 66,
            "taker_side": "yes"
        },
        {
            "trade_id": "746a37ce-5668-4563-bc4d-dce9cc5df8ca",
            "ticker": "HIGHCHI-24APR21-B60.5",
            "count": 8,
            "created_time": "2024-04-21T14:32:54.676971Z",
            "yes_price": 36,
            "no_price": 64,
            "taker_side": "yes"
        },
        {
            "trade_id": "68221f8a-7824-4b99-8e98-2fc35ba595b5",
            "ticker": "HIGHCHI-24APR21-B60.5",
            "count": 25,
            "created_time": "2024-04-21T14:32:54.676971Z",
            "yes_price": 33,
            "no_price": 67,
            "taker_side": "yes"
        },
        {
            "trade_id": "e43b4ceb-4c7a-42da-8ebe-3faa4446de33",
            "ticker": "HIGHCHI-24APR21-B60.5",
            "count": 2,
            "created_time": "2024-04-21T14:32:21.721Z",
            "yes_price": 31,
            "no_price": 69,
            "taker_side": "no"
        },
        {
            "trade_id": "c127d16f-bc77-4a16-9d44-d3d229e4ba37",
            "ticker": "HIGHCHI-24APR21-B60.5",
            "count": 15,
            "created_time": "2024-04-21T14:00:09.941497Z",
            "yes_price": 31,
            "no_price": 69,
            "taker_side": "no"
        },
        {
            "trade_id": "aaf63be1-9e9c-4352-a32f-edc5d4ef3150",
            "ticker": "HIGHCHI-24APR21-B60.5",
            "count": 43,
            "created_time": "2024-04-21T12:48:29.98034Z",
            "yes_price": 36,
            "no_price": 64,
            "taker_side": "yes"
        },
        {
            "trade_id": "2751dc05-0970-4444-95c8-18a686ff3de1",
            "ticker": "HIGHCHI-24APR21-B60.5",
            "count": 29,
            "created_time": "2024-04-21T12:48:29.98034Z",
            "yes_price": 35,
            "no_price": 65,
            "taker_side": "yes"
        },
        {
            "trade_id": "b87e28c7-0c6e-4e83-a2e3-b7ad3074b3af",
            "ticker": "HIGHCHI-24APR21-B60.5",
            "count": 28,
            "created_time": "2024-04-21T12:48:03.099062Z",
            "yes_price": 35,
            "no_price": 65,
            "taker_side": "yes"
        },
        {
            "trade_id": "6f080abc-8e67-4b3d-ba88-0eb737b7dd0b",
            "ticker": "HIGHCHI-24APR21-B60.5",
            "count": 22,
            "created_time": "2024-04-21T12:48:03.099062Z",
            "yes_price": 36,
            "no_price": 64,
            "taker_side": "yes"
        },
        {
            "trade_id": "162bbd18-9629-4cf0-8456-876d58d4d034",
            "ticker": "HIGHCHI-24APR21-B60.5",
            "count": 2,
            "created_time": "2024-04-21T12:00:48.334041Z",
            "yes_price": 36,
            "no_price": 64,
            "taker_side": "yes"
        },
        {
            "trade_id": "65db1c05-dc82-4571-9477-3ba7067a3271",
            "ticker": "HIGHCHI-24APR21-B60.5",
            "count": 5,
            "created_time": "2024-04-21T01:32:25.531283Z",
            "yes_price": 32,
            "no_price": 68,
            "taker_side": "yes"
        },
        {
            "trade_id": "3836e946-ade0-4228-91a3-1f863ddd3b87",
            "ticker": "HIGHCHI-24APR21-B60.5",
            "count": 10,
            "created_time": "2024-04-20T18:35:20.018917Z",
            "yes_price": 30,
            "no_price": 70,
            "taker_side": "no"
        },
        {
            "trade_id": "046496f4-1b3e-44a2-b005-06887bd4f426",
            "ticker": "HIGHCHI-24APR21-B60.5",
            "count": 75,
            "created_time": "2024-04-20T17:38:03.437154Z",
            "yes_price": 35,
            "no_price": 65,
            "taker_side": "yes"
        },
        {
            "trade_id": "646c5ff4-d7f9-477d-9d51-98f0b9239d36",
            "ticker": "HIGHCHI-24APR21-B60.5",
            "count": 90,
            "created_time": "2024-04-20T17:37:53.76823Z",
            "yes_price": 34,
            "no_price": 66,
            "taker_side": "yes"
        },
        {
            "trade_id": "0b284ac9-c13a-4991-8c4c-07039c523e22",
            "ticker": "HIGHCHI-24APR21-B60.5",
            "count": 75,
            "created_time": "2024-04-20T17:37:46.710001Z",
            "yes_price": 33,
            "no_price": 67,
            "taker_side": "yes"
        },
        {
            "trade_id": "ff72fe1e-0620-4e0e-b3ca-d9f4bbc34b0e",
            "ticker": "HIGHCHI-24APR21-B60.5",
            "count": 75,
            "created_time": "2024-04-20T17:37:36.206189Z",
            "yes_price": 32,
            "no_price": 68,
            "taker_side": "yes"
        },
        {
            "trade_id": "84162616-14aa-4aa5-ab55-7684677079eb",
            "ticker": "HIGHCHI-24APR21-B60.5",
            "count": 10,
            "created_time": "2024-04-20T17:37:36.206189Z",
            "yes_price": 32,
            "no_price": 68,
            "taker_side": "yes"
        }
    ],
    "HIGHCHI-24APR21-B62.5": [
        {
            "trade_id": "4ed50ea0-df3f-437d-9342-277c87d30e91",
            "ticker": "HIGHCHI-24APR21-B62.5",
            "count": 285,
            "created_time": "2024-04-22T02:19:13.241408Z",
            "yes_price": 1,
            "no_price": 99,
            "taker_side": "yes"
        },
        {
            "trade_id": "3ae3434b-1739-40f7-92a8-9ed9cc3bffa8",
            "ticker": "HIGHCHI-24APR21-B62.5",
            "count": 10,
            "created_time": "2024-04-21T19:38:03.905333Z",
            "yes_price": 1,
            "no_price": 99,
            "taker_side": "yes"
        },
        {
            "trade_id": "7facaf5e-6b70-4011-9e67-4d1e0cc887c2",
            "ticker": "HIGHCHI-24APR21-B62.5",
            "count": 10,
            "created_time": "2024-04-21T19:35:18.098873Z",
            "yes_price": 1,
            "no_price": 99,
            "taker_side": "yes"
        },
        {
            "trade_id": "c0adc9ad-19f0-4fae-a75b-74f55fe37cfc",
            "ticker": "HIGHCHI-24APR21-B62.5",
            "count": 9,
            "created_time": "2024-04-21T19:35:01.945924Z",
            "yes_price": 1,
            "no_price": 99,
            "taker_side": "yes"
        },
        {
            "trade_id": "64371c53-ddcb-47ed-8ce4-1271ec14c63b",
            "ticker": "HIGHCHI-24APR21-B62.5",
            "count": 500,
            "created_time": "2024-04-21T19:17:38.160914Z",
            "yes_price": 3,
            "no_price": 97,
            "taker_side": "no"
        },
        {
            "trade_id": "853bf194-3ab3-40a2-a53c-9e7ce57e19bd",
            "ticker": "HIGHCHI-24APR21-B62.5",
            "count": 137,
            "created_time": "2024-04-21T19:13:18.732942Z",
            "yes_price": 6,
            "no_price": 94,
            "taker_side": "no"
        },
        {
            "trade_id": "90c9de91-185a-4101-a15a-af44681c30f4",
            "ticker": "HIGHCHI-24APR21-B62.5",
            "count": 5,
            "created_time": "2024-04-21T18:19:43.037864Z",
            "yes_price": 6,
            "no_price": 94,
            "taker_side": "no"
        },
        {
            "trade_id": "62f598db-74f6-45a0-93f7-01834936b405",
            "ticker": "HIGHCHI-24APR21-B62.5",
            "count": 108,
            "created_time": "2024-04-21T18:07:38.34624Z",
            "yes_price": 6,
            "no_price": 94,
            "taker_side": "no"
        },
        {
            "trade_id": "f3d83acb-7f78-4cd7-b1f0-82bb91f84843",
            "ticker": "HIGHCHI-24APR21-B62.5",
            "count": 28,
            "created_time": "2024-04-21T17:16:42.616632Z",
            "yes_price": 9,
            "no_price": 91,
            "taker_side": "no"
        },
        {
            "trade_id": "06df1d28-05c4-4055-91d7-b21f0963da60",
            "ticker": "HIGHCHI-24APR21-B62.5",
            "count": 45,
            "created_time": "2024-04-21T15:02:08.056176Z",
            "yes_price": 9,
            "no_price": 91,
            "taker_side": "no"
        },
        {
            "trade_id": "9a2bbc0e-ec65-437c-b610-0f83b29bd745",
            "ticker": "HIGHCHI-24APR21-B62.5",
            "count": 22,
            "created_time": "2024-04-21T15:01:45.840454Z",
            "yes_price": 9,
            "no_price": 91,
            "taker_side": "no"
        },
        {
            "trade_id": "92a26571-aa86-4fa4-b3fa-cc21deb0b1e0",
            "ticker": "HIGHCHI-24APR21-B62.5",
            "count": 52,
            "created_time": "2024-04-21T14:33:12.583137Z",
            "yes_price": 9,
            "no_price": 91,
            "taker_side": "no"
        },
        {
            "trade_id": "6b8565e8-0d36-4b41-baad-b76628570fb3",
            "ticker": "HIGHCHI-24APR21-B62.5",
            "count": 25,
            "created_time": "2024-04-21T14:32:54.800707Z",
            "yes_price": 9,
            "no_price": 91,
            "taker_side": "no"
        },
        {
            "trade_id": "c6cb0c29-f17c-4179-9e72-aaa03c0f581c",
            "ticker": "HIGHCHI-24APR21-B62.5",
            "count": 2,
            "created_time": "2024-04-21T14:32:21.623793Z",
            "yes_price": 19,
            "no_price": 81,
            "taker_side": "yes"
        },
        {
            "trade_id": "52b4e092-e4b4-4911-90a0-37f4538470cf",
            "ticker": "HIGHCHI-24APR21-B62.5",
            "count": 45,
            "created_time": "2024-04-21T14:32:21.623793Z",
            "yes_price": 20,
            "no_price": 80,
            "taker_side": "yes"
        },
        {
            "trade_id": "604136b9-10be-4fe3-acca-e1f3e3f65581",
            "ticker": "HIGHCHI-24APR21-B62.5",
            "count": 1,
            "created_time": "2024-04-21T14:00:41.432075Z",
            "yes_price": 9,
            "no_price": 91,
            "taker_side": "no"
        },
        {
            "trade_id": "e273ca00-f14f-43b0-8b25-9c108ee879b7",
            "ticker": "HIGHCHI-24APR21-B62.5",
            "count": 15,
            "created_time": "2024-04-21T14:00:09.943908Z",
            "yes_price": 9,
            "no_price": 91,
            "taker_side": "no"
        },
        {
            "trade_id": "cb41f7ea-2924-4a21-8722-3b99e68cc898",
            "ticker": "HIGHCHI-24APR21-B62.5",
            "count": 5,
            "created_time": "2024-04-21T13:54:06.211567Z",
            "yes_price": 9,
            "no_price": 91,
            "taker_side": "no"
        },
        {
            "trade_id": "df866eaa-4a7f-4c05-96fa-8694340db636",
            "ticker": "HIGHCHI-24APR21-B62.5",
            "count": 29,
            "created_time": "2024-04-21T12:48:30.074668Z",
            "yes_price": 9,
            "no_price": 91,
            "taker_side": "no"
        },
        {
            "trade_id": "974fa873-59f3-41db-a8a5-ce82d1431cf2",
            "ticker": "HIGHCHI-24APR21-B62.5",
            "count": 28,
            "created_time": "2024-04-21T12:48:03.2487Z",
            "yes_price": 9,
            "no_price": 91,
            "taker_side": "no"
        },
        {
            "trade_id": "3d60f90c-0818-4c46-9532-f74ae80d618b",
            "ticker": "HIGHCHI-24APR21-B62.5",
            "count": 4,
            "created_time": "2024-04-20T17:26:19.313872Z",
            "yes_price": 24,
            "no_price": 76,
            "taker_side": "no"
        },
        {
            "trade_id": "81e6b44d-6367-4365-857d-cfd5c7ec6e8e",
            "ticker": "HIGHCHI-24APR21-B62.5",
            "count": 45,
            "created_time": "2024-04-20T17:20:19.436895Z",
            "yes_price": 24,
            "no_price": 76,
            "taker_side": "no"
        },
        {
            "trade_id": "9fabe24b-3367-435e-9047-b139c65151b6",
            "ticker": "HIGHCHI-24APR21-B62.5",
            "count": 150,
            "created_time": "2024-04-20T17:19:46.601141Z",
            "yes_price": 24,
            "no_price": 76,
            "taker_side": "no"
        },
        {
            "trade_id": "1b364a50-ac2c-41d5-8386-c44c35286671",
            "ticker": "HIGHCHI-24APR21-B62.5",
            "count": 90,
            "created_time": "2024-04-20T17:19:46.601141Z",
            "yes_price": 26,
            "no_price": 74,
            "taker_side": "no"
        }
    ],
    "HIGHCHI-24APR21-T63": [
        {
            "trade_id": "357aea24-676f-4c0a-a082-5b8aaa50e085",
            "ticker": "HIGHCHI-24APR21-T63",
            "count": 279,
            "created_time": "2024-04-22T02:19:25.27771Z",
            "yes_price": 1,
            "no_price": 99,
            "taker_side": "yes"
        },
        {
            "trade_id": "9ade45b2-c75d-4f33-844c-cbd7b4012f5b",
            "ticker": "HIGHCHI-24APR21-T63",
            "count": 74,
            "created_time": "2024-04-21T21:00:25.296329Z",
            "yes_price": 1,
            "no_price": 99,
            "taker_side": "yes"
        },
        {
            "trade_id": "c1f567e6-1c19-4d1e-9922-173d054dda1e",
            "ticker": "HIGHCHI-24APR21-T63",
            "count": 10,
            "created_time": "2024-04-21T19:38:10.331385Z",
            "yes_price": 1,
            "no_price": 99,
            "taker_side": "yes"
        },
        {
            "trade_id": "b489a330-a868-4204-911a-d1ebd20c561d",
            "ticker": "HIGHCHI-24APR21-T63",
            "count": 10,
            "created_time": "2024-04-21T19:35:26.916816Z",
            "yes_price": 1,
            "no_price": 99,
            "taker_side": "yes"
        },
        {
            "trade_id": "d6dafcd5-e025-4768-bfcc-50c6d79c3934",
            "ticker": "HIGHCHI-24APR21-T63",
            "count": 192,
            "created_time": "2024-04-21T15:56:26.767291Z",
            "yes_price": 3,
            "no_price": 97,
            "taker_side": "no"
        },
        {
            "trade_id": "0d4018f0-9f7c-413e-bfb4-b2ba3d9ecb19",
            "ticker": "HIGHCHI-24APR21-T63",
            "count": 45,
            "created_time": "2024-04-21T15:02:08.024051Z",
            "yes_price": 3,
            "no_price": 97,
            "taker_side": "no"
        },
        {
            "trade_id": "8e4e2c13-4b9f-453f-9a14-f49890452e9b",
            "ticker": "HIGHCHI-24APR21-T63",
            "count": 22,
            "created_time": "2024-04-21T15:01:45.867823Z",
            "yes_price": 3,
            "no_price": 97,
            "taker_side": "no"
        },
        {
            "trade_id": "802cde8f-1c50-407c-a28e-98dc4b6b4a4d",
            "ticker": "HIGHCHI-24APR21-T63",
            "count": 52,
            "created_time": "2024-04-21T14:33:12.584495Z",
            "yes_price": 3,
            "no_price": 97,
            "taker_side": "no"
        },
        {
            "trade_id": "158b7fc7-c39c-40b7-84fd-2023751a9e85",
            "ticker": "HIGHCHI-24APR21-T63",
            "count": 25,
            "created_time": "2024-04-21T14:32:54.79919Z",
            "yes_price": 3,
            "no_price": 97,
            "taker_side": "no"
        },
        {
            "trade_id": "230cd178-0429-4568-9abe-18224f7aff3d",
            "ticker": "HIGHCHI-24APR21-T63",
            "count": 2,
            "created_time": "2024-04-21T14:32:21.722518Z",
            "yes_price": 3,
            "no_price": 97,
            "taker_side": "no"
        },
        {
            "trade_id": "903fe235-d3c9-412b-aa44-d812ea7ce302",
            "ticker": "HIGHCHI-24APR21-T63",
            "count": 89,
            "created_time": "2024-04-21T14:10:17.671248Z",
            "yes_price": 3,
            "no_price": 97,
            "taker_side": "no"
        },
        {
            "trade_id": "d8fbefc6-c28d-4f07-87a3-0eebc8642158",
            "ticker": "HIGHCHI-24APR21-T63",
            "count": 15,
            "created_time": "2024-04-21T14:00:09.918497Z",
            "yes_price": 3,
            "no_price": 97,
            "taker_side": "no"
        },
        {
            "trade_id": "9da3b802-0f31-411e-8821-b8b23e51103a",
            "ticker": "HIGHCHI-24APR21-T63",
            "count": 29,
            "created_time": "2024-04-21T12:48:30.118497Z",
            "yes_price": 3,
            "no_price": 97,
            "taker_side": "no"
        },
        {
            "trade_id": "28772132-9646-4635-bbf6-d6f6d62e997e",
            "ticker": "HIGHCHI-24APR21-T63",
            "count": 28,
            "created_time": "2024-04-21T12:48:03.251894Z",
            "yes_price": 3,
            "no_price": 97,
            "taker_side": "no"
        },
        {
            "trade_id": "ac953124-0c60-4c59-bec7-c0c300c62d51",
            "ticker": "HIGHCHI-24APR21-T63",
            "count": 1,
            "created_time": "2024-04-21T12:11:18.271193Z",
            "yes_price": 3,
            "no_price": 97,
            "taker_side": "no"
        },
        {
            "trade_id": "5b1a110d-7619-41ef-8ecc-c9cdfe66d5d6",
            "ticker": "HIGHCHI-24APR21-T63",
            "count": 2,
            "created_time": "2024-04-20T23:30:37.492911Z",
            "yes_price": 8,
            "no_price": 92,
            "taker_side": "no"
        },
        {
            "trade_id": "df02bedd-4019-45ec-9e72-ef3b06077301",
            "ticker": "HIGHCHI-24APR21-T63",
            "count": 50,
            "created_time": "2024-04-20T19:26:00.351656Z",
            "yes_price": 15,
            "no_price": 85,
            "taker_side": "yes"
        },
        {
            "trade_id": "12fd6bb2-f4c6-4d19-af37-23728163d957",
            "ticker": "HIGHCHI-24APR21-T63",
            "count": 74,
            "created_time": "2024-04-20T18:50:47.365853Z",
            "yes_price": 13,
            "no_price": 87,
            "taker_side": "no"
        },
        {
            "trade_id": "96241132-53cf-44c2-b0c6-d5d87239060e",
            "ticker": "HIGHCHI-24APR21-T63",
            "count": 135,
            "created_time": "2024-04-20T17:39:14.408489Z",
            "yes_price": 14,
            "no_price": 86,
            "taker_side": "no"
        },
        {
            "trade_id": "30e9e784-a258-46c0-85a8-921076624582",
            "ticker": "HIGHCHI-24APR21-T63",
            "count": 120,
            "created_time": "2024-04-20T17:39:08.020686Z",
            "yes_price": 15,
            "no_price": 85,
            "taker_side": "no"
        },
        {
            "trade_id": "1be1d1c0-a589-4fcd-978e-278bb43115a4",
            "ticker": "HIGHCHI-24APR21-T63",
            "count": 30,
            "created_time": "2024-04-20T17:38:57.873146Z",
            "yes_price": 16,
            "no_price": 84,
            "taker_side": "no"
        },
        {
            "trade_id": "65421652-b1d2-49d7-b75f-776c9908df3f",
            "ticker": "HIGHCHI-24APR21-T63",
            "count": 10,
            "created_time": "2024-04-20T17:30:31.830164Z",
            "yes_price": 18,
            "no_price": 82,
            "taker_side": "no"
        },
        {
            "trade_id": "f692d33f-d509-4403-8a8e-8c3bbbbc82ae",
            "ticker": "HIGHCHI-24APR21-T63",
            "count": 15,
            "created_time": "2024-04-20T17:20:33.314004Z",
            "yes_price": 18,
            "no_price": 82,
            "taker_side": "no"
        },
        {
            "trade_id": "e2120706-cb47-41ca-a4f4-7c57aaa6d10a",
            "ticker": "HIGHCHI-24APR21-T63",
            "count": 45,
            "created_time": "2024-04-20T17:20:06.364121Z",
            "yes_price": 18,
            "no_price": 82,
            "taker_side": "no"
        },
        {
            "trade_id": "d060360a-98a7-4826-8c35-5702c01643dc",
            "ticker": "HIGHCHI-24APR21-T63",
            "count": 150,
            "created_time": "2024-04-20T17:19:29.179606Z",
            "yes_price": 17,
            "no_price": 83,
            "taker_side": "no"
        },
        {
            "trade_id": "21cc832e-e6a5-48ca-aba8-33fa4845c7f3",
            "ticker": "HIGHCHI-24APR21-T63",
            "count": 69,
            "created_time": "2024-04-20T17:19:29.179606Z",
            "yes_price": 19,
            "no_price": 81,
            "taker_side": "no"
        }
    ]
}