{
    "HIGHCHI-24MAY21-T85": [
        {
            "trade_id": "cb62f307-b4c0-4127-b996-c266b314adc4",
            "ticker": "HIGHCHI-24MAY21-T85",
            "count": 1,
            "created_time": "2024-05-21T17:48:17.042013Z",
            "yes_price": 1,
            "no_price": 99,
            "taker_side": "yes"
        },
        {
            "trade_id": "21adcff6-4ebb-487f-8a8b-42d76fce30f9",
            "ticker": "HIGHCHI-24MAY21-T85",
            "count": 4,
            "created_time": "2024-05-21T17:48:17.042013Z",
            "yes_price": 1,
            "no_price": 99,
            "taker_side": "yes"
        },
        {
            "trade_id": "1a00ec01-c805-4e3b-9ba5-35733071ad93",
            "ticker": "HIGHCHI-24MAY21-T85",
            "count": 460,
            "created_time": "2024-05-21T17:48:17.042013Z",
            "yes_price": 1,
            "no_price": 99,
            "taker_side": "yes"
        },
        {
            "trade_id": "aa52b5d5-e95b-4e2e-af0d-3537b9017a3a",
            "ticker": "HIGHCHI-24MAY21-T85",
            "count": 2,
            "created_time": "2024-05-21T15:22:09.773867Z",
            "yes_price": 1,
            "no_price": 99,
            "taker_side": "no"
        },
        {
            "trade_id": "8d3f668a-f8fe-41fc-87d9-ce0ca9074f50",
            "ticker": "HIGHCHI-24MAY21-T85",
            "count": 8,
            "created_time": "2024-05-21T13:00:10.21121Z",
            "yes_price": 1,
            "no_price": 99,
            "taker_side": "no"
        },
        {
            "trade_id": "f3024067-08ef-45f1-a204-085daee532f7",
            "ticker": "HIGHCHI-24MAY21-T85",
            "count": 10,
            "created_time": "2024-05-20T15:46:27.479377Z",
            "yes_price": 4,
            "no_price": 96,
            "taker_side": "yes"
        }
    ],
    "HIGHCHI-24MAY21-B85.5": [
        {
            "trade_id": "28813586-c126-40f3-abe4-63cce2bd1e53",
            "ticker": "HIGHCHI-24MAY21-B85.5",
            "count": 467,
            "created_time": "2024-05-21T17:47:46.208549Z",
            "yes_price": 1,
            "no_price": 99,
            "taker_side": "yes"
        },
        {
            "trade_id": "458c4b12-1356-45a8-aff9-b59542fa410b",
            "ticker": "HIGHCHI-24MAY21-B85.5",
            "count": 71,
            "created_time": "2024-05-21T15:59:42.67415Z",
            "yes_price": 1,
            "no_price": 99,
            "taker_side": "no"
        },
        {
            "trade_id": "100fceff-7f42-4a20-a173-b279567bd280",
            "ticker": "HIGHCHI-24MAY21-B85.5",
            "count": 37,
            "created_time": "2024-05-21T15:22:09.699272Z",
            "yes_price": 11,
            "no_price": 89,
            "taker_side": "yes"
        },
        {
            "trade_id": "0bd32f17-7416-4191-a0e0-d6a8bfb0d8fd",
            "ticker": "HIGHCHI-24MAY21-B85.5",
            "count": 6,
            "created_time": "2024-05-21T15:22:09.699272Z",
            "yes_price": 10,
            "no_price": 90,
            "taker_side": "yes"
        },
        {
            "trade_id": "70bd3dee-8e59-407c-82a0-e45f4929239c",
            "ticker": "HIGHCHI-24MAY21-B85.5",
            "count": 8,
            "created_time": "2024-05-21T13:00:10.215648Z",
            "yes_price": 11,
            "no_price": 89,
            "taker_side": "no"
        },
        {
            "trade_id": "de5b5f03-9ec4-4195-b2ef-e2f3dbdd056e",
            "ticker": "HIGHCHI-24MAY21-B85.5",
            "count": 2,
            "created_time": "2024-05-20T19:16:49.870664Z",
            "yes_price": 14,
            "no_price": 86,
            "taker_side": "yes"
        },
        {
            "trade_id": "70255069-a0fa-433c-9dcd-515447f46510",
            "ticker": "HIGHCHI-24MAY21-B85.5",
            "count": 3,
            "created_time": "2024-05-20T19:16:49.870664Z",
            "yes_price": 13,
            "no_price": 87,
            "taker_side": "yes"
        },
        {
            "trade_id": "53e06478-e20e-4ccd-97ba-f594d7f2737e",
            "ticker": "HIGHCHI-24MAY21-B85.5",
            "count": 3,
            "created_time": "2024-05-20T19:11:09.549185Z",
            "yes_price": 13,
            "no_price": 87,
            "taker_side": "no"
        },
        {
            "trade_id": "a970a975-22f8-4561-becf-57e3852eb88f",
            "ticker": "HIGHCHI-24MAY21-B85.5",
            "count": 3,
            "created_time": "2024-05-20T19:10:15.922309Z",
            "yes_price": 13,
            "no_price": 87,
            "taker_side": "no"
        },
        {
            "trade_id": "ae980356-ccca-4837-a33a-154ab9649646",
            "ticker": "HIGHCHI-24MAY21-B85.5",
            "count": 3,
            "created_time": "2024-05-20T19:09:58.189046Z",
            "yes_price": 13,
            "no_price": 87,
            "taker_side": "no"
        },
        {
            "trade_id": "b99f0580-3afa-4f9b-b31c-212618e17f82",
            "ticker": "HIGHCHI-24MAY21-B85.5",
            "count": 3,
            "created_time": "2024-05-20T19:08:17.042203Z",
            "yes_price": 13,
            "no_price": 87,
            "taker_side": "no"
        },
        {
            "trade_id": "8a174865-2e14-4b65-a994-5a47b117f6fa",
            "ticker": "HIGHCHI-24MAY21-B85.5",
            "count": 3,
            "created_time": "2024-05-20T19:06:41.606672Z",
            "yes_price": 13,
            "no_price": 87,
            "taker_side": "no"
        },
        {
            "trade_id": "7bd43d50-ed45-48a5-97b2-e30b6d64d302",
            "ticker": "HIGHCHI-24MAY21-B85.5",
            "count": 3,
            "created_time": "2024-05-20T19:05:12.341757Z",
            "yes_price": 13,
            "no_price": 87,
            "taker_side": "no"
        },
        {
            "trade_id": "52df16c6-cca3-453a-aafb-9ad2bd349cf4",
            "ticker": "HIGHCHI-24MAY21-B85.5",
            "count": 3,
            "created_time": "2024-05-20T19:03:34.688667Z",
            "yes_price": 13,
            "no_price": 87,
            "taker_side": "no"
        },
        {
            "trade_id": "ab4c229d-b679-46db-84e4-9bb0abc6191e",
            "ticker": "HIGHCHI-24MAY21-B85.5",
            "count": 3,
            "created_time": "2024-05-20T19:02:05.823127Z",
            "yes_price": 13,
            "no_price": 87,
            "taker_side": "no"
        },
        {
            "trade_id": "70baace8-27f9-4175-aa3c-1e63aaa9b788",
            "ticker": "HIGHCHI-24MAY21-B85.5",
            "count": 3,
            "created_time": "2024-05-20T19:00:29.809048Z",
            "yes_price": 13,
            "no_price": 87,
            "taker_side": "no"
        },
        {
            "trade_id": "9b6e4a55-af8a-47aa-8833-8a2bfbb9cd18",
            "ticker": "HIGHCHI-24MAY21-B85.5",
            "count": 3,
            "created_time": "2024-05-20T19:00:11.149612Z",
            "yes_price": 13,
            "no_price": 87,
            "taker_side": "no"
        },
        {
            "trade_id": "06834d7b-1cd5-419f-be1b-1d688c51e5b9",
            "ticker": "HIGHCHI-24MAY21-B85.5",
            "count": 3,
            "created_time": "2024-05-20T18:58:59.362561Z",
            "yes_price": 13,
            "no_price": 87,
            "taker_side": "no"
        },
        {
            "trade_id": "5f88142d-a93e-4629-9a1d-133abd9ad4db",
            "ticker": "HIGHCHI-24MAY21-B85.5",
            "count": 3,
            "created_time": "2024-05-20T18:57:21.361111Z",
            "yes_price": 13,
            "no_price": 87,
            "taker_side": "no"
        },
        {
            "trade_id": "cce721dd-5904-44f4-a9f4-87da35c39c33",
            "ticker": "HIGHCHI-24MAY21-B85.5",
            "count": 3,
            "created_time": "2024-05-20T18:55:40.064382Z",
            "yes_price": 13,
            "no_price": 87,
            "taker_side": "no"
        },
        {
            "trade_id": "562ec764-6140-42c3-9763-5e474da1769c",
            "ticker": "HIGHCHI-24MAY21-B85.5",
            "count": 3,
            "created_time": "2024-05-20T18:53:52.657935Z",
            "yes_price": 13,
            "no_price": 87,
            "taker_side": "no"
        },
        {
            "trade_id": "b17ca241-ccbe-441a-b41d-e5b32480dc56",
            "ticker": "HIGHCHI-24MAY21-B85.5",
            "count": 3,
            "created_time": "2024-05-20T18:52:33.21754Z",
            "yes_price": 13,
            "no_price": 87,
            "taker_side": "yes"
        },
        {
            "trade_id": "781b2207-6dc4-4bf9-b4c6-d2361fc2eb46",
            "ticker": "HIGHCHI-24MAY21-B85.5",
            "count": 13,
            "created_time": "2024-05-20T18:20:49.692909Z",
            "yes_price": 4,
            "no_price": 96,
            "taker_side": "yes"
        },
        {
            "trade_id": "657e5e0e-7b3e-4cb9-a2f9-b401dc336c5f",
            "ticker": "HIGHCHI-24MAY21-B85.5",
            "count": 13,
            "created_time": "2024-05-20T18:20:49.692909Z",
            "yes_price": 5,
            "no_price": 95,
            "taker_side": "yes"
        },
        {
            "trade_id": "5ade5d90-1a69-42c4-a715-8b21fbf9cbc6",
            "ticker": "HIGHCHI-24MAY21-B85.5",
            "count": 10,
            "created_time": "2024-05-20T18:20:49.692909Z",
            "yes_price": 1,
            "no_price": 99,
            "taker_side": "yes"
        },
        {
            "trade_id": "451438d8-4529-4b52-9be5-5fdf9fa38ead",
            "ticker": "HIGHCHI-24MAY21-B85.5",
            "count": 10,
            "created_time": "2024-05-20T18:20:49.692909Z",
            "yes_price": 1,
            "no_price": 99,
            "taker_side": "yes"
        }
    ],
    "HIGHCHI-24MAY21-B87.5": [
        {
            "trade_id": "bc86e071-7f48-4a64-81bd-4c1c993659b2",
            "ticker": "HIGHCHI-24MAY21-B87.5",
            "count": 935,
            "created_time": "2024-05-21T23:19:09.543174Z",
            "yes_price": 1,
            "no_price": 99,
            "taker_side": "yes"
        },
        {
            "trade_id": "37e190ae-47db-4a7b-acf3-cc1cbe81eb0d",
            "ticker": "HIGHCHI-24MAY21-B87.5",
            "count": 1,
            "created_time": "2024-05-21T21:31:16.443123Z",
            "yes_price": 1,
            "no_price": 99,
            "taker_side": "yes"
        },
        {
            "trade_id": "37235fbc-34ae-46bf-819c-0a29dcb397c9",
            "ticker": "HIGHCHI-24MAY21-B87.5",
            "count": 92,
            "created_time": "2024-05-21T18:26:54.791462Z",
            "yes_price": 1,
            "no_price": 99,
            "taker_side": "no"
        },
        {
            "trade_id": "d1cabfe2-ea76-4986-a497-128c8823f7a6",
            "ticker": "HIGHCHI-24MAY21-B87.5",
            "count": 6,
            "created_time": "2024-05-21T15:22:09.796943Z",
            "yes_price": 10,
            "no_price": 90,
            "taker_side": "no"
        },
        {
            "trade_id": "41676da2-b4dd-428b-bb75-33e695898f2f",
            "ticker": "HIGHCHI-24MAY21-B87.5",
            "count": 1,
            "created_time": "2024-05-21T15:04:13.868681Z",
            "yes_price": 11,
            "no_price": 89,
            "taker_side": "no"
        },
        {
            "trade_id": "133b1f8d-c6a1-4b19-a2fe-055eee51dc52",
            "ticker": "HIGHCHI-24MAY21-B87.5",
            "count": 8,
            "created_time": "2024-05-21T13:00:10.214904Z",
            "yes_price": 10,
            "no_price": 90,
            "taker_side": "no"
        },
        {
            "trade_id": "6dda8e88-9ece-4bb2-9f9d-7e17a01db398",
            "ticker": "HIGHCHI-24MAY21-B87.5",
            "count": 65,
            "created_time": "2024-05-21T12:53:46.284807Z",
            "yes_price": 11,
            "no_price": 89,
            "taker_side": "yes"
        },
        {
            "trade_id": "6bc185d9-46dc-43c0-9d21-bbf0861feb1c",
            "ticker": "HIGHCHI-24MAY21-B87.5",
            "count": 118,
            "created_time": "2024-05-21T12:53:46.284807Z",
            "yes_price": 16,
            "no_price": 84,
            "taker_side": "yes"
        },
        {
            "trade_id": "5ad35f06-609e-4be9-b031-c2f438cdc16b",
            "ticker": "HIGHCHI-24MAY21-B87.5",
            "count": 150,
            "created_time": "2024-05-21T12:53:46.284807Z",
            "yes_price": 14,
            "no_price": 86,
            "taker_side": "yes"
        },
        {
            "trade_id": "5de1ee12-9301-479b-8980-d4ca8912879d",
            "ticker": "HIGHCHI-24MAY21-B87.5",
            "count": 33,
            "created_time": "2024-05-21T12:44:23.341946Z",
            "yes_price": 11,
            "no_price": 89,
            "taker_side": "yes"
        },
        {
            "trade_id": "95a4afba-2045-434d-ae81-af0cc1a6c37a",
            "ticker": "HIGHCHI-24MAY21-B87.5",
            "count": 30,
            "created_time": "2024-05-21T02:15:06.152893Z",
            "yes_price": 23,
            "no_price": 77,
            "taker_side": "yes"
        },
        {
            "trade_id": "ff85481b-e10b-413d-8adb-e583cb6706b1",
            "ticker": "HIGHCHI-24MAY21-B87.5",
            "count": 150,
            "created_time": "2024-05-21T02:13:42.938209Z",
            "yes_price": 24,
            "no_price": 76,
            "taker_side": "yes"
        },
        {
            "trade_id": "3ac97f37-c2cc-49f3-87d6-9d487d8c04db",
            "ticker": "HIGHCHI-24MAY21-B87.5",
            "count": 30,
            "created_time": "2024-05-21T02:13:30.158293Z",
            "yes_price": 22,
            "no_price": 78,
            "taker_side": "yes"
        },
        {
            "trade_id": "f52f4c4d-c7b1-4c32-be68-9cb7e593c935",
            "ticker": "HIGHCHI-24MAY21-B87.5",
            "count": 26,
            "created_time": "2024-05-21T02:13:19.572426Z",
            "yes_price": 21,
            "no_price": 79,
            "taker_side": "yes"
        },
        {
            "trade_id": "66584663-a0bc-4529-b6ca-70262b4b18ae",
            "ticker": "HIGHCHI-24MAY21-B87.5",
            "count": 50,
            "created_time": "2024-05-20T18:39:24.664175Z",
            "yes_price": 28,
            "no_price": 72,
            "taker_side": "no"
        },
        {
            "trade_id": "b0343417-3186-4392-8e91-2f8c870ffc1e",
            "ticker": "HIGHCHI-24MAY21-B87.5",
            "count": 45,
            "created_time": "2024-05-20T18:38:23.579458Z",
            "yes_price": 30,
            "no_price": 70,
            "taker_side": "no"
        },
        {
            "trade_id": "8d8380ce-b55f-46fc-bf33-1bc8cd8551c7",
            "ticker": "HIGHCHI-24MAY21-B87.5",
            "count": 3,
            "created_time": "2024-05-20T18:36:02.940903Z",
            "yes_price": 31,
            "no_price": 69,
            "taker_side": "no"
        },
        {
            "trade_id": "4b564a5f-5295-4e29-952e-5a44cc2d8548",
            "ticker": "HIGHCHI-24MAY21-B87.5",
            "count": 3,
            "created_time": "2024-05-20T18:35:12.581746Z",
            "yes_price": 31,
            "no_price": 69,
            "taker_side": "no"
        },
        {
            "trade_id": "1d4c2e72-c407-4a10-8606-efd3d8d892a8",
            "ticker": "HIGHCHI-24MAY21-B87.5",
            "count": 3,
            "created_time": "2024-05-20T18:34:36.728315Z",
            "yes_price": 31,
            "no_price": 69,
            "taker_side": "no"
        },
        {
            "trade_id": "9d4e539e-acb6-48be-aa41-9540e81d3425",
            "ticker": "HIGHCHI-24MAY21-B87.5",
            "count": 3,
            "created_time": "2024-05-20T18:32:56.448256Z",
            "yes_price": 31,
            "no_price": 69,
            "taker_side": "no"
        },
        {
            "trade_id": "d2dd214a-21a7-4c12-86cd-7cba83d0c596",
            "ticker": "HIGHCHI-24MAY21-B87.5",
            "count": 3,
            "created_time": "2024-05-20T18:32:30.721826Z",
            "yes_price": 31,
            "no_price": 69,
            "taker_side": "yes"
        },
        {
            "trade_id": "7af76bdc-54a1-463d-9b2b-78fb72df50d8",
            "ticker": "HIGHCHI-24MAY21-B87.5",
            "count": 3,
            "created_time": "2024-05-20T18:28:24.335247Z",
            "yes_price": 31,
            "no_price": 69,
            "taker_side": "yes"
        },
        {
            "trade_id": "8baa856b-36c8-43c3-a2bf-9d12770bf45d",
            "ticker": "HIGHCHI-24MAY21-B87.5",
            "count": 2,
            "created_time": "2024-05-20T15:47:15.776057Z",
            "yes_price": 23,
            "no_price": 77,
            "taker_side": "no"
        },
        {
            "trade_id": "6fabb32a-6037-487a-9ea2-dc2295e3725b",
            "ticker": "HIGHCHI-24MAY21-B87.5",
            "count": 3,
            "created_time": "2024-05-20T15:47:15.776057Z",
            "yes_price": 23,
            "no_price": 77,
            "taker_side": "no"
        },
        {
            "trade_id": "4c6eb5c1-cbc7-457f-989e-d708caa749ad",
            "ticker": "HIGHCHI-24MAY21-B87.5",
            "count": 5,
            "created_time": "2024-05-20T15:46:39.786024Z",
            "yes_price": 23,
            "no_price": 77,
            "taker_side": "no"
        },
        {
            "trade_id": "54d88d6a-cc7c-4abd-801e-a0e79663f87c",
            "ticker": "HIGHCHI-24MAY21-B87.5",
            "count": 11,
            "created_time": "2024-05-20T14:19:10.395515Z",
            "yes_price": 23,
            "no_price": 77,
            "taker_side": "no"
        },
        {
            "trade_id": "fec44c2f-571a-4b59-a3c0-e1e9bffd1472",
            "ticker": "HIGHCHI-24MAY21-B87.5",
            "count": 48,
            "created_time": "2024-05-20T14:18:39.938352Z",
            "yes_price": 27,
            "no_price": 73,
            "taker_side": "yes"
        },
        {
            "trade_id": "65cd6b3c-0ef5-4bc2-a1a2-fbc742cffda1",
            "ticker": "HIGHCHI-24MAY21-B87.5",
            "count": 38,
            "created_time": "2024-05-20T14:18:39.938352Z",
            "yes_price": 27,
            "no_price": 73,
            "taker_side": "yes"
        },
        {
            "trade_id": "12764c69-b40d-494b-bc19-2f714bfa75e8",
            "ticker": "HIGHCHI-24MAY21-B87.5",
            "count": 15,
            "created_time": "2024-05-20T14:18:26.193268Z",
            "yes_price": 26,
            "no_price": 74,
            "taker_side": "yes"
        },
        {
            "trade_id": "5e566643-31a1-4b76-9c05-b0487fec72df",
            "ticker": "HIGHCHI-24MAY21-B87.5",
            "count": 15,
            "created_time": "2024-05-20T14:18:20.369126Z",
            "yes_price": 25,
            "no_price": 75,
            "taker_side": "yes"
        },
        {
            "trade_id": "3274bcda-1d98-4176-ae61-2b78493745ad",
            "ticker": "HIGHCHI-24MAY21-B87.5",
            "count": 14,
            "created_time": "2024-05-20T14:13:10.563493Z",
            "yes_price": 26,
            "no_price": 74,
            "taker_side": "no"
        },
        {
            "trade_id": "09d21cb6-abc4-49b9-a17c-b213df9d9d83",
            "ticker": "HIGHCHI-24MAY21-B87.5",
            "count": 34,
            "created_time": "2024-05-20T14:13:02.818123Z",
            "yes_price": 25,
            "no_price": 75,
            "taker_side": "yes"
        },
        {
            "trade_id": "ac353d14-435d-49b7-934e-17103371318e",
            "ticker": "HIGHCHI-24MAY21-B87.5",
            "count": 14,
            "created_time": "2024-05-20T14:12:54.876045Z",
            "yes_price": 24,
            "no_price": 76,
            "taker_side": "yes"
        },
        {
            "trade_id": "a5eb7f66-bcc8-4fc3-9f6e-953968dafb82",
            "ticker": "HIGHCHI-24MAY21-B87.5",
            "count": 34,
            "created_time": "2024-05-20T14:12:43.733604Z",
            "yes_price": 22,
            "no_price": 78,
            "taker_side": "yes"
        },
        {
            "trade_id": "a7e540a3-2934-48ce-8a96-05dfb4df11b2",
            "ticker": "HIGHCHI-24MAY21-B87.5",
            "count": 48,
            "created_time": "2024-05-20T14:12:40.450869Z",
            "yes_price": 23,
            "no_price": 77,
            "taker_side": "yes"
        },
        {
            "trade_id": "6606031b-02ea-47a0-8e7f-854569391535",
            "ticker": "HIGHCHI-24MAY21-B87.5",
            "count": 19,
            "created_time": "2024-05-20T14:12:35.845264Z",
            "yes_price": 21,
            "no_price": 79,
            "taker_side": "yes"
        }
    ],
    "HIGHCHI-24MAY21-B89.5": [
        {
            "trade_id": "ce675613-53de-4bfd-911c-0682e2d82fb4",
            "ticker": "HIGHCHI-24MAY21-B89.5",
            "count": 93,
            "created_time": "2024-05-21T23:50:44.999209Z",
            "yes_price": 1,
            "no_price": 99,
            "taker_side": "yes"
        },
        {
            "trade_id": "6b58e13f-4466-445d-99d2-fe39863a46f7",
            "ticker": "HIGHCHI-24MAY21-B89.5",
            "count": 26,
            "created_time": "2024-05-21T21:16:30.551466Z",
            "yes_price": 1,
            "no_price": 99,
            "taker_side": "no"
        },
        {
            "trade_id": "5455ae2c-55a0-4ccd-b48a-00d3af78c23c",
            "ticker": "HIGHCHI-24MAY21-B89.5",
            "count": 1,
            "created_time": "2024-05-21T21:16:30.551466Z",
            "yes_price": 2,
            "no_price": 98,
            "taker_side": "no"
        },
        {
            "trade_id": "0244bd12-6a2f-4aa4-822a-78dbc2feb671",
            "ticker": "HIGHCHI-24MAY21-B89.5",
            "count": 1,
            "created_time": "2024-05-21T21:16:30.551466Z",
            "yes_price": 1,
            "no_price": 99,
            "taker_side": "no"
        },
        {
            "trade_id": "b3ca1056-fd9a-46fa-bfd3-d69673d2756a",
            "ticker": "HIGHCHI-24MAY21-B89.5",
            "count": 75,
            "created_time": "2024-05-21T19:35:59.490716Z",
            "yes_price": 64,
            "no_price": 36,
            "taker_side": "yes"
        },
        {
            "trade_id": "d919577b-bf34-48dd-aca0-78ee22aab9cf",
            "ticker": "HIGHCHI-24MAY21-B89.5",
            "count": 11,
            "created_time": "2024-05-21T15:58:19.034041Z",
            "yes_price": 31,
            "no_price": 69,
            "taker_side": "yes"
        },
        {
            "trade_id": "12f86b61-3798-463d-b375-6a8074344de4",
            "ticker": "HIGHCHI-24MAY21-B89.5",
            "count": 1,
            "created_time": "2024-05-21T15:38:40.2349Z",
            "yes_price": 25,
            "no_price": 75,
            "taker_side": "no"
        },
        {
            "trade_id": "e14342c9-a7e8-48d1-a613-c4c0d7d4be2c",
            "ticker": "HIGHCHI-24MAY21-B89.5",
            "count": 21,
            "created_time": "2024-05-21T15:35:48.55471Z",
            "yes_price": 26,
            "no_price": 74,
            "taker_side": "no"
        },
        {
            "trade_id": "be24adb0-f5a2-4e08-8392-fee346b29f21",
            "ticker": "HIGHCHI-24MAY21-B89.5",
            "count": 37,
            "created_time": "2024-05-21T15:35:48.55471Z",
            "yes_price": 24,
            "no_price": 76,
            "taker_side": "no"
        },
        {
            "trade_id": "4e8fab5b-9cab-4cc4-83d2-dd95b04a0f06",
            "ticker": "HIGHCHI-24MAY21-B89.5",
            "count": 52,
            "created_time": "2024-05-21T15:35:48.55471Z",
            "yes_price": 25,
            "no_price": 75,
            "taker_side": "no"
        },
        {
            "trade_id": "42769b23-297f-4f90-82d5-2112c68802da",
            "ticker": "HIGHCHI-24MAY21-B89.5",
            "count": 21,
            "created_time": "2024-05-21T15:35:48.55471Z",
            "yes_price": 27,
            "no_price": 73,
            "taker_side": "no"
        },
        {
            "trade_id": "7f87bfaf-6b22-446a-8c3a-5db4425b413e",
            "ticker": "HIGHCHI-24MAY21-B89.5",
            "count": 6,
            "created_time": "2024-05-21T15:22:09.777177Z",
            "yes_price": 29,
            "no_price": 71,
            "taker_side": "no"
        },
        {
            "trade_id": "ad43ad7d-20b9-4536-b02d-cb7b72abdf90",
            "ticker": "HIGHCHI-24MAY21-B89.5",
            "count": 8,
            "created_time": "2024-05-21T13:00:10.212864Z",
            "yes_price": 25,
            "no_price": 75,
            "taker_side": "no"
        },
        {
            "trade_id": "8e1be2bb-f6ad-47bf-a67d-06d86328f47c",
            "ticker": "HIGHCHI-24MAY21-B89.5",
            "count": 31,
            "created_time": "2024-05-21T12:09:09.359694Z",
            "yes_price": 29,
            "no_price": 71,
            "taker_side": "yes"
        },
        {
            "trade_id": "fb831eda-deea-457a-83ac-c758f408f5e6",
            "ticker": "HIGHCHI-24MAY21-B89.5",
            "count": 10,
            "created_time": "2024-05-21T02:42:19.184107Z",
            "yes_price": 27,
            "no_price": 73,
            "taker_side": "no"
        },
        {
            "trade_id": "4467105a-a690-4cf7-8ae5-282cde096f81",
            "ticker": "HIGHCHI-24MAY21-B89.5",
            "count": 90,
            "created_time": "2024-05-21T02:14:27.994027Z",
            "yes_price": 32,
            "no_price": 68,
            "taker_side": "yes"
        },
        {
            "trade_id": "12b08a89-7169-45bc-84cf-232247314902",
            "ticker": "HIGHCHI-24MAY21-B89.5",
            "count": 25,
            "created_time": "2024-05-21T02:14:27.994027Z",
            "yes_price": 32,
            "no_price": 68,
            "taker_side": "yes"
        },
        {
            "trade_id": "ccc7e67b-3474-4f83-b5d6-bb29ed481b71",
            "ticker": "HIGHCHI-24MAY21-B89.5",
            "count": 75,
            "created_time": "2024-05-21T02:14:09.129083Z",
            "yes_price": 31,
            "no_price": 69,
            "taker_side": "yes"
        },
        {
            "trade_id": "dc49456a-272f-4242-a081-bb34b3166d7d",
            "ticker": "HIGHCHI-24MAY21-B89.5",
            "count": 60,
            "created_time": "2024-05-21T02:13:57.696815Z",
            "yes_price": 30,
            "no_price": 70,
            "taker_side": "yes"
        },
        {
            "trade_id": "1fa6dd2d-d397-49c3-82a8-2fed930523ec",
            "ticker": "HIGHCHI-24MAY21-B89.5",
            "count": 90,
            "created_time": "2024-05-21T02:13:57.696815Z",
            "yes_price": 30,
            "no_price": 70,
            "taker_side": "yes"
        },
        {
            "trade_id": "719ab7d8-36da-421c-a79c-e50508c724d8",
            "ticker": "HIGHCHI-24MAY21-B89.5",
            "count": 30,
            "created_time": "2024-05-20T21:31:34.602627Z",
            "yes_price": 33,
            "no_price": 67,
            "taker_side": "yes"
        },
        {
            "trade_id": "2bbe16ba-0ad6-4540-9c38-a2c4f9445eae",
            "ticker": "HIGHCHI-24MAY21-B89.5",
            "count": 45,
            "created_time": "2024-05-20T21:31:34.602627Z",
            "yes_price": 31,
            "no_price": 69,
            "taker_side": "yes"
        },
        {
            "trade_id": "c2b3ea01-d94b-4399-928e-d2fdc9a36077",
            "ticker": "HIGHCHI-24MAY21-B89.5",
            "count": 1,
            "created_time": "2024-05-20T20:35:56.565881Z",
            "yes_price": 26,
            "no_price": 74,
            "taker_side": "no"
        },
        {
            "trade_id": "dcb8d55f-1a8b-4255-b2eb-8345d07a5201",
            "ticker": "HIGHCHI-24MAY21-B89.5",
            "count": 30,
            "created_time": "2024-05-20T18:37:08.705366Z",
            "yes_price": 29,
            "no_price": 71,
            "taker_side": "yes"
        },
        {
            "trade_id": "231cdc0f-c099-4978-8340-431dca301f53",
            "ticker": "HIGHCHI-24MAY21-B89.5",
            "count": 90,
            "created_time": "2024-05-20T18:36:25.033006Z",
            "yes_price": 29,
            "no_price": 71,
            "taker_side": "yes"
        },
        {
            "trade_id": "af0ca729-0d93-47e9-a396-ba0a1a2ddecd",
            "ticker": "HIGHCHI-24MAY21-B89.5",
            "count": 30,
            "created_time": "2024-05-20T18:36:11.079644Z",
            "yes_price": 28,
            "no_price": 72,
            "taker_side": "yes"
        },
        {
            "trade_id": "ef1382f0-cb0e-41d2-a987-227a4a3c89b6",
            "ticker": "HIGHCHI-24MAY21-B89.5",
            "count": 10,
            "created_time": "2024-05-20T15:46:50.576553Z",
            "yes_price": 24,
            "no_price": 76,
            "taker_side": "no"
        },
        {
            "trade_id": "af5c6fb1-1494-40c5-8edb-3e6d2f3cbb88",
            "ticker": "HIGHCHI-24MAY21-B89.5",
            "count": 12,
            "created_time": "2024-05-20T14:19:28.259199Z",
            "yes_price": 29,
            "no_price": 71,
            "taker_side": "yes"
        },
        {
            "trade_id": "6865f5f7-05bf-4a0a-a089-e0f6a18840b5",
            "ticker": "HIGHCHI-24MAY21-B89.5",
            "count": 11,
            "created_time": "2024-05-20T14:19:15.850954Z",
            "yes_price": 26,
            "no_price": 74,
            "taker_side": "yes"
        },
        {
            "trade_id": "5c4590d8-9001-4347-b7ce-2d3d078e201e",
            "ticker": "HIGHCHI-24MAY21-B89.5",
            "count": 31,
            "created_time": "2024-05-20T14:19:09.825822Z",
            "yes_price": 25,
            "no_price": 75,
            "taker_side": "no"
        },
        {
            "trade_id": "356bc334-ddd8-40ce-96cc-1d2b53e080cc",
            "ticker": "HIGHCHI-24MAY21-B89.5",
            "count": 20,
            "created_time": "2024-05-20T14:19:09.825822Z",
            "yes_price": 23,
            "no_price": 77,
            "taker_side": "no"
        }
    ],
    "HIGHCHI-24MAY21-B91.5": [
        {
            "trade_id": "d5f6ae8d-dc79-4984-98f6-f8d590b43fe5",
            "ticker": "HIGHCHI-24MAY21-B91.5",
            "count": 1,
            "created_time": "2024-05-21T22:17:21.672324Z",
            "yes_price": 30,
            "no_price": 70,
            "taker_side": "yes"
        },
        {
            "trade_id": "c16e8703-bde1-4cdd-ad21-2f22f5069987",
            "ticker": "HIGHCHI-24MAY21-B91.5",
            "count": 86,
            "created_time": "2024-05-21T21:54:50.979646Z",
            "yes_price": 99,
            "no_price": 1,
            "taker_side": "yes"
        },
        {
            "trade_id": "5f6ee6fa-6662-4efd-863c-cb5a176cb657",
            "ticker": "HIGHCHI-24MAY21-B91.5",
            "count": 1,
            "created_time": "2024-05-21T21:23:46.084781Z",
            "yes_price": 61,
            "no_price": 39,
            "taker_side": "yes"
        },
        {
            "trade_id": "e62f8c80-0409-4764-a4a1-f492e60fa955",
            "ticker": "HIGHCHI-24MAY21-B91.5",
            "count": 1,
            "created_time": "2024-05-21T21:23:42.020399Z",
            "yes_price": 60,
            "no_price": 40,
            "taker_side": "yes"
        },
        {
            "trade_id": "ea0c16b6-1ffd-4f5c-b68a-35d0fa4139ae",
            "ticker": "HIGHCHI-24MAY21-B91.5",
            "count": 1,
            "created_time": "2024-05-21T21:23:34.224337Z",
            "yes_price": 57,
            "no_price": 43,
            "taker_side": "yes"
        },
        {
            "trade_id": "7edc5a0a-bf2e-4892-9b20-b40122e7d396",
            "ticker": "HIGHCHI-24MAY21-B91.5",
            "count": 1,
            "created_time": "2024-05-21T21:23:34.224337Z",
            "yes_price": 59,
            "no_price": 41,
            "taker_side": "yes"
        },
        {
            "trade_id": "7b1555d8-0da2-4a45-8c9f-a71369c61560",
            "ticker": "HIGHCHI-24MAY21-B91.5",
            "count": 3,
            "created_time": "2024-05-21T21:23:34.224337Z",
            "yes_price": 56,
            "no_price": 44,
            "taker_side": "yes"
        },
        {
            "trade_id": "60a01a0b-c6dd-452d-8b05-442b2ff9046a",
            "ticker": "HIGHCHI-24MAY21-B91.5",
            "count": 1,
            "created_time": "2024-05-21T21:23:34.224337Z",
            "yes_price": 58,
            "no_price": 42,
            "taker_side": "yes"
        },
        {
            "trade_id": "038c0430-261d-4983-8c2b-a7267f137699",
            "ticker": "HIGHCHI-24MAY21-B91.5",
            "count": 3,
            "created_time": "2024-05-21T21:23:23.000576Z",
            "yes_price": 55,
            "no_price": 45,
            "taker_side": "yes"
        },
        {
            "trade_id": "49eb3592-127e-4341-afbc-d5408360a9be",
            "ticker": "HIGHCHI-24MAY21-B91.5",
            "count": 5,
            "created_time": "2024-05-21T20:21:42.51562Z",
            "yes_price": 8,
            "no_price": 92,
            "taker_side": "no"
        },
        {
            "trade_id": "1b393b38-2bb3-44dd-be00-9545b58b694e",
            "ticker": "HIGHCHI-24MAY21-B91.5",
            "count": 18,
            "created_time": "2024-05-21T15:58:52.384114Z",
            "yes_price": 48,
            "no_price": 52,
            "taker_side": "no"
        },
        {
            "trade_id": "69d2e5c5-f592-488e-aefc-40fb3dd6f962",
            "ticker": "HIGHCHI-24MAY21-B91.5",
            "count": 6,
            "created_time": "2024-05-21T15:22:09.778533Z",
            "yes_price": 46,
            "no_price": 54,
            "taker_side": "no"
        },
        {
            "trade_id": "7a91883f-3b83-4707-9ae6-f0db92bc6455",
            "ticker": "HIGHCHI-24MAY21-B91.5",
            "count": 1,
            "created_time": "2024-05-21T15:03:41.029885Z",
            "yes_price": 51,
            "no_price": 49,
            "taker_side": "yes"
        },
        {
            "trade_id": "e1180251-0a4f-4afd-9ab9-452a8a3f8aec",
            "ticker": "HIGHCHI-24MAY21-B91.5",
            "count": 3,
            "created_time": "2024-05-21T14:53:29.726401Z",
            "yes_price": 51,
            "no_price": 49,
            "taker_side": "yes"
        },
        {
            "trade_id": "fdb9ee75-487d-4b09-bbe2-3c28d71d7efc",
            "ticker": "HIGHCHI-24MAY21-B91.5",
            "count": 60,
            "created_time": "2024-05-21T13:59:42.538621Z",
            "yes_price": 47,
            "no_price": 53,
            "taker_side": "yes"
        },
        {
            "trade_id": "eafc4ea2-f5ba-44d6-ab0c-b91a2415bb19",
            "ticker": "HIGHCHI-24MAY21-B91.5",
            "count": 150,
            "created_time": "2024-05-21T13:59:42.538621Z",
            "yes_price": 50,
            "no_price": 50,
            "taker_side": "yes"
        },
        {
            "trade_id": "3358af2e-e86a-4b90-adc3-8b4dc1cccd3a",
            "ticker": "HIGHCHI-24MAY21-B91.5",
            "count": 150,
            "created_time": "2024-05-21T13:59:42.538621Z",
            "yes_price": 52,
            "no_price": 48,
            "taker_side": "yes"
        },
        {
            "trade_id": "be2b6a9a-40c9-49fb-abb5-3c5b5b21465f",
            "ticker": "HIGHCHI-24MAY21-B91.5",
            "count": 2,
            "created_time": "2024-05-21T13:56:28.261536Z",
            "yes_price": 48,
            "no_price": 52,
            "taker_side": "yes"
        },
        {
            "trade_id": "4f8f07a8-da8e-43b8-ae97-329d1d9b43d7",
            "ticker": "HIGHCHI-24MAY21-B91.5",
            "count": 4,
            "created_time": "2024-05-21T13:30:15.823784Z",
            "yes_price": 44,
            "no_price": 56,
            "taker_side": "no"
        },
        {
            "trade_id": "105518d2-dcc6-407b-b726-f2fdb50c6b1e",
            "ticker": "HIGHCHI-24MAY21-B91.5",
            "count": 8,
            "created_time": "2024-05-21T13:30:15.823784Z",
            "yes_price": 44,
            "no_price": 56,
            "taker_side": "no"
        },
        {
            "trade_id": "fb98ac58-7318-42a8-8213-a61b04bdb45c",
            "ticker": "HIGHCHI-24MAY21-B91.5",
            "count": 23,
            "created_time": "2024-05-21T13:26:42.263234Z",
            "yes_price": 48,
            "no_price": 52,
            "taker_side": "yes"
        },
        {
            "trade_id": "2c2a2146-87f7-4b8e-9251-5a92cda3fe6d",
            "ticker": "HIGHCHI-24MAY21-B91.5",
            "count": 8,
            "created_time": "2024-05-21T13:00:10.213589Z",
            "yes_price": 44,
            "no_price": 56,
            "taker_side": "no"
        },
        {
            "trade_id": "3916d0b2-2a70-4d0b-bfc6-0fd663f24c03",
            "ticker": "HIGHCHI-24MAY21-B91.5",
            "count": 86,
            "created_time": "2024-05-21T12:42:38.372631Z",
            "yes_price": 44,
            "no_price": 56,
            "taker_side": "no"
        },
        {
            "trade_id": "428c15fd-b936-4fd0-b21b-d3b13761c578",
            "ticker": "HIGHCHI-24MAY21-B91.5",
            "count": 7,
            "created_time": "2024-05-21T12:11:13.283481Z",
            "yes_price": 49,
            "no_price": 51,
            "taker_side": "yes"
        },
        {
            "trade_id": "2ec25a35-2c0f-42a1-ba46-d09f25dfae02",
            "ticker": "HIGHCHI-24MAY21-B91.5",
            "count": 90,
            "created_time": "2024-05-21T03:46:11.677114Z",
            "yes_price": 30,
            "no_price": 70,
            "taker_side": "yes"
        },
        {
            "trade_id": "0521d1a9-a90d-4df2-8910-79018328eb52",
            "ticker": "HIGHCHI-24MAY21-B91.5",
            "count": 15,
            "created_time": "2024-05-21T03:45:31.488175Z",
            "yes_price": 29,
            "no_price": 71,
            "taker_side": "yes"
        },
        {
            "trade_id": "046ab811-7596-43dc-b6c0-ec4ab76f8d5e",
            "ticker": "HIGHCHI-24MAY21-B91.5",
            "count": 75,
            "created_time": "2024-05-21T02:43:47.979738Z",
            "yes_price": 32,
            "no_price": 68,
            "taker_side": "yes"
        },
        {
            "trade_id": "b642880b-c786-42a3-8036-95a6c8717a5d",
            "ticker": "HIGHCHI-24MAY21-B91.5",
            "count": 75,
            "created_time": "2024-05-21T02:43:39.455486Z",
            "yes_price": 31,
            "no_price": 69,
            "taker_side": "yes"
        },
        {
            "trade_id": "82b5c0ce-0b69-4af6-9656-193b6525e540",
            "ticker": "HIGHCHI-24MAY21-B91.5",
            "count": 10,
            "created_time": "2024-05-21T02:42:31.03168Z",
            "yes_price": 26,
            "no_price": 74,
            "taker_side": "no"
        },
        {
            "trade_id": "9d854ca7-42ab-4b93-996e-a33bc62be9f3",
            "ticker": "HIGHCHI-24MAY21-B91.5",
            "count": 150,
            "created_time": "2024-05-21T02:14:54.030536Z",
            "yes_price": 34,
            "no_price": 66,
            "taker_side": "yes"
        },
        {
            "trade_id": "615ba71e-6182-4520-92a0-bfc11fbbe620",
            "ticker": "HIGHCHI-24MAY21-B91.5",
            "count": 30,
            "created_time": "2024-05-21T02:14:48.454352Z",
            "yes_price": 32,
            "no_price": 68,
            "taker_side": "yes"
        },
        {
            "trade_id": "c835db12-bfee-4e92-8a6a-78f781522143",
            "ticker": "HIGHCHI-24MAY21-B91.5",
            "count": 119,
            "created_time": "2024-05-21T01:43:06.298136Z",
            "yes_price": 33,
            "no_price": 67,
            "taker_side": "yes"
        },
        {
            "trade_id": "4047cfa1-3910-4065-ae9e-ee987af56eab",
            "ticker": "HIGHCHI-24MAY21-B91.5",
            "count": 150,
            "created_time": "2024-05-21T01:43:06.298136Z",
            "yes_price": 33,
            "no_price": 67,
            "taker_side": "yes"
        },
        {
            "trade_id": "217cd032-c1a9-478d-8585-5ed8a608aacb",
            "ticker": "HIGHCHI-24MAY21-B91.5",
            "count": 75,
            "created_time": "2024-05-21T01:43:06.298136Z",
            "yes_price": 31,
            "no_price": 69,
            "taker_side": "yes"
        },
        {
            "trade_id": "efcd4820-ac8f-4ef1-9995-51c4c46b8ada",
            "ticker": "HIGHCHI-24MAY21-B91.5",
            "count": 1,
            "created_time": "2024-05-20T20:48:18.17667Z",
            "yes_price": 20,
            "no_price": 80,
            "taker_side": "no"
        },
        {
            "trade_id": "6265851e-4b02-4ef7-82fc-10d40f962964",
            "ticker": "HIGHCHI-24MAY21-B91.5",
            "count": 45,
            "created_time": "2024-05-20T18:37:35.755671Z",
            "yes_price": 19,
            "no_price": 81,
            "taker_side": "yes"
        },
        {
            "trade_id": "5fe7b525-f3bc-463d-a39d-1d458474b90b",
            "ticker": "HIGHCHI-24MAY21-B91.5",
            "count": 100,
            "created_time": "2024-05-20T18:36:02.029972Z",
            "yes_price": 19,
            "no_price": 81,
            "taker_side": "yes"
        },
        {
            "trade_id": "ba1871e8-b9df-490f-89a1-1a9a60d07543",
            "ticker": "HIGHCHI-24MAY21-B91.5",
            "count": 75,
            "created_time": "2024-05-20T18:35:31.300498Z",
            "yes_price": 18,
            "no_price": 82,
            "taker_side": "yes"
        },
        {
            "trade_id": "d4f54d40-658b-4498-a748-c0cae269a380",
            "ticker": "HIGHCHI-24MAY21-B91.5",
            "count": 10,
            "created_time": "2024-05-20T15:46:58.46679Z",
            "yes_price": 22,
            "no_price": 78,
            "taker_side": "no"
        }
    ],
    "HIGHCHI-24MAY21-T92": [
        {
            "trade_id": "644da051-7b03-430f-8313-0b373e94746c",
            "ticker": "HIGHCHI-24MAY21-T92",
            "count": 37,
            "created_time": "2024-05-22T01:42:44.706947Z",
            "yes_price": 2,
            "no_price": 98,
            "taker_side": "no"
        },
        {
            "trade_id": "0425165b-b90a-4f2b-bef1-8804a09c6021",
            "ticker": "HIGHCHI-24MAY21-T92",
            "count": 31,
            "created_time": "2024-05-22T01:19:44.76198Z",
            "yes_price": 3,
            "no_price": 97,
            "taker_side": "yes"
        },
        {
            "trade_id": "641f3bab-fb5b-4aca-a127-412b7ff44259",
            "ticker": "HIGHCHI-24MAY21-T92",
            "count": 1,
            "created_time": "2024-05-22T00:49:27.323062Z",
            "yes_price": 52,
            "no_price": 48,
            "taker_side": "yes"
        },
        {
            "trade_id": "2645b5a2-7463-477b-99f5-eac9e209808f",
            "ticker": "HIGHCHI-24MAY21-T92",
            "count": 1,
            "created_time": "2024-05-21T22:17:21.646002Z",
            "yes_price": 50,
            "no_price": 50,
            "taker_side": "yes"
        },
        {
            "trade_id": "daa0c628-104f-4b25-978b-73543b96767c",
            "ticker": "HIGHCHI-24MAY21-T92",
            "count": 86,
            "created_time": "2024-05-21T21:54:51.029232Z",
            "yes_price": 3,
            "no_price": 97,
            "taker_side": "no"
        },
        {
            "trade_id": "6aee915e-f6f1-4979-8c7b-942ea86009fe",
            "ticker": "HIGHCHI-24MAY21-T92",
            "count": 10,
            "created_time": "2024-05-21T19:18:00.413005Z",
            "yes_price": 4,
            "no_price": 96,
            "taker_side": "no"
        },
        {
            "trade_id": "2da7b8e3-b2bb-4a93-b52c-6f19c44dc353",
            "ticker": "HIGHCHI-24MAY21-T92",
            "count": 10,
            "created_time": "2024-05-21T15:36:30.244399Z",
            "yes_price": 13,
            "no_price": 87,
            "taker_side": "no"
        },
        {
            "trade_id": "5b727dbd-f4d9-4538-91cb-da46a68abd6f",
            "ticker": "HIGHCHI-24MAY21-T92",
            "count": 7,
            "created_time": "2024-05-21T15:32:20.537179Z",
            "yes_price": 13,
            "no_price": 87,
            "taker_side": "no"
        },
        {
            "trade_id": "7a025c89-69b6-452f-8828-662d528aefe3",
            "ticker": "HIGHCHI-24MAY21-T92",
            "count": 6,
            "created_time": "2024-05-21T15:22:09.775312Z",
            "yes_price": 13,
            "no_price": 87,
            "taker_side": "no"
        },
        {
            "trade_id": "ffe985f3-83f0-4376-905f-e2f31576c5e4",
            "ticker": "HIGHCHI-24MAY21-T92",
            "count": 150,
            "created_time": "2024-05-21T13:59:25.29297Z",
            "yes_price": 18,
            "no_price": 82,
            "taker_side": "yes"
        },
        {
            "trade_id": "df3ec6f7-8974-430b-a690-19409c705e5e",
            "ticker": "HIGHCHI-24MAY21-T92",
            "count": 150,
            "created_time": "2024-05-21T13:59:25.29297Z",
            "yes_price": 17,
            "no_price": 83,
            "taker_side": "yes"
        },
        {
            "trade_id": "8d4c6892-5a40-44f9-8c53-404f4733f9e8",
            "ticker": "HIGHCHI-24MAY21-T92",
            "count": 60,
            "created_time": "2024-05-21T13:59:25.29297Z",
            "yes_price": 15,
            "no_price": 85,
            "taker_side": "yes"
        },
        {
            "trade_id": "3019ae1c-0542-443d-beab-8e5e3f998171",
            "ticker": "HIGHCHI-24MAY21-T92",
            "count": 5,
            "created_time": "2024-05-21T13:05:15.392933Z",
            "yes_price": 18,
            "no_price": 82,
            "taker_side": "yes"
        },
        {
            "trade_id": "98ef6b61-6ad6-40b1-9485-6f6f7ee1e29e",
            "ticker": "HIGHCHI-24MAY21-T92",
            "count": 8,
            "created_time": "2024-05-21T13:00:10.218925Z",
            "yes_price": 13,
            "no_price": 87,
            "taker_side": "no"
        },
        {
            "trade_id": "708cfec7-4755-4ee4-8e4c-926b397733c1",
            "ticker": "HIGHCHI-24MAY21-T92",
            "count": 10,
            "created_time": "2024-05-21T12:12:39.081241Z",
            "yes_price": 14,
            "no_price": 86,
            "taker_side": "no"
        },
        {
            "trade_id": "3a4e46bf-ab6b-43fb-b9e3-7c3c367598c3",
            "ticker": "HIGHCHI-24MAY21-T92",
            "count": 120,
            "created_time": "2024-05-21T02:42:39.73427Z",
            "yes_price": 16,
            "no_price": 84,
            "taker_side": "yes"
        },
        {
            "trade_id": "ccfeec49-b48c-4c7a-b3b8-3d9bd8099322",
            "ticker": "HIGHCHI-24MAY21-T92",
            "count": 135,
            "created_time": "2024-05-21T02:42:23.342196Z",
            "yes_price": 15,
            "no_price": 85,
            "taker_side": "yes"
        },
        {
            "trade_id": "631b850b-2248-4627-abcd-5e1663186b64",
            "ticker": "HIGHCHI-24MAY21-T92",
            "count": 105,
            "created_time": "2024-05-21T02:42:07.066528Z",
            "yes_price": 14,
            "no_price": 86,
            "taker_side": "yes"
        },
        {
            "trade_id": "cd132a78-b57a-40d9-a66d-c65e97e1d437",
            "ticker": "HIGHCHI-24MAY21-T92",
            "count": 120,
            "created_time": "2024-05-21T01:42:41.923856Z",
            "yes_price": 20,
            "no_price": 80,
            "taker_side": "yes"
        },
        {
            "trade_id": "f1a50224-6070-440c-b228-0345ce6e0546",
            "ticker": "HIGHCHI-24MAY21-T92",
            "count": 10,
            "created_time": "2024-05-21T01:42:27.670334Z",
            "yes_price": 15,
            "no_price": 85,
            "taker_side": "yes"
        },
        {
            "trade_id": "dabea3ea-a283-4644-8d73-0948174ac800",
            "ticker": "HIGHCHI-24MAY21-T92",
            "count": 120,
            "created_time": "2024-05-21T01:42:27.670334Z",
            "yes_price": 19,
            "no_price": 81,
            "taker_side": "yes"
        },
        {
            "trade_id": "b9525b3d-1ad9-4b94-963e-d49ddbc6fd96",
            "ticker": "HIGHCHI-24MAY21-T92",
            "count": 10,
            "created_time": "2024-05-20T23:45:50.732125Z",
            "yes_price": 14,
            "no_price": 86,
            "taker_side": "no"
        },
        {
            "trade_id": "1f917b9c-e615-40d9-816b-b5ea73a2cdbe",
            "ticker": "HIGHCHI-24MAY21-T92",
            "count": 10,
            "created_time": "2024-05-20T23:44:19.51378Z",
            "yes_price": 14,
            "no_price": 86,
            "taker_side": "no"
        },
        {
            "trade_id": "bef3b631-8a4a-4203-a258-5d4fd9297888",
            "ticker": "HIGHCHI-24MAY21-T92",
            "count": 10,
            "created_time": "2024-05-20T23:43:06.59295Z",
            "yes_price": 14,
            "no_price": 86,
            "taker_side": "no"
        },
        {
            "trade_id": "97284de8-1707-4329-aa3d-945eef955d0d",
            "ticker": "HIGHCHI-24MAY21-T92",
            "count": 9,
            "created_time": "2024-05-20T23:30:26.570359Z",
            "yes_price": 14,
            "no_price": 86,
            "taker_side": "no"
        },
        {
            "trade_id": "e7b20561-2a3e-4de5-bacf-b3087b0e5184",
            "ticker": "HIGHCHI-24MAY21-T92",
            "count": 10,
            "created_time": "2024-05-20T15:47:07.280888Z",
            "yes_price": 12,
            "no_price": 88,
            "taker_side": "no"
        }
    ]
}