{
    "KXHIGHCHI-24OCT30-T77": [
        {
            "trade_id": "d4b6ffd5-37f0-4464-a232-c7041a116c7d",
            "ticker": "KXHIGHCHI-24OCT30-T77",
            "count": 129,
            "created_time": "2024-10-30T18:10:40.893446Z",
            "yes_price": 1,
            "no_price": 99,
            "taker_side": "yes"
        },
        {
            "trade_id": "76aafa6a-c0b9-46a1-98df-bb79c0003a2b",
            "ticker": "KXHIGHCHI-24OCT30-T77",
            "count": 15,
            "created_time": "2024-10-30T18:10:40.893446Z",
            "yes_price": 1,
            "no_price": 99,
            "taker_side": "yes"
        },
        {
            "trade_id": "68eff94d-7fbc-4540-b835-ecf641922326",
            "ticker": "KXHIGHCHI-24OCT30-T77",
            "count": 15,
            "created_time": "2024-10-30T18:10:40.893446Z",
            "yes_price": 1,
            "no_price": 99,
            "taker_side": "yes"
        },
        {
            "trade_id": "2ab91c70-fa25-4069-ab01-27dc40489cfa",
            "ticker": "KXHIGHCHI-24OCT30-T77",
            "count": 15,
            "created_time": "2024-10-30T18:10:40.893446Z",
            "yes_price": 1,
            "no_price": 99,
            "taker_side": "yes"
        },
        {
            "trade_id": "200a6ecf-8235-4c71-9321-615115f9fb28",
            "ticker": "KXHIGHCHI-24OCT30-T77",
            "count": 15,
            "created_time": "2024-10-30T18:10:40.893446Z",
            "yes_price": 1,
            "no_price": 99,
            "taker_side": "yes"
        },
        {
            "trade_id": "0693e4ca-6715-4f20-9492-4e950e107bfe",
            "ticker": "KXHIGHCHI-24OCT30-T77",
            "count": 742,
            "created_time": "2024-10-30T18:10:40.893446Z",
            "yes_price": 1,
            "no_price": 99,
            "taker_side": "yes"
        },
        {
            "trade_id": "81afa697-5cc7-4fd2-9291-df4a471c6218",
            "ticker": "KXHIGHCHI-24OCT30-T77",
            "count": 18,
            "created_time": "2024-10-30T17:15:02.014315Z",
            "yes_price": 5,
            "no_price": 95,
            "taker_side": "yes"
        },
        {
            "trade_id": "9538dd75-6f0a-4f4d-81ad-3bce9268c844",
            "ticker": "KXHIGHCHI-24OCT30-T77",
            "count": 15,
            "created_time": "2024-10-30T13:31:18.720204Z",
            "yes_price": 5,
            "no_price": 95,
            "taker_side": "yes"
        }
    ],
    "KXHIGHCHI-24OCT30-B77.5": [
        {
            "trade_id": "79ffffb4-2f01-411b-87c4-7781eaa07480",
            "ticker": "KXHIGHCHI-24OCT30-B77.5",
            "count": 1870,
            "created_time": "2024-10-30T22:32:20.272569Z",
            "yes_price": 1,
            "no_price": 99,
            "taker_side": "yes"
        },
        {
            "trade_id": "7b742c25-fe5f-47cc-b00b-153425acdde7",
            "ticker": "KXHIGHCHI-24OCT30-B77.5",
            "count": 467,
            "created_time": "2024-10-30T21:42:46.995271Z",
            "yes_price": 1,
            "no_price": 99,
            "taker_side": "yes"
        },
        {
            "trade_id": "5493aa23-8250-4ef5-b049-8bed656ead13",
            "ticker": "KXHIGHCHI-24OCT30-B77.5",
            "count": 46,
            "created_time": "2024-10-30T20:33:47.946186Z",
            "yes_price": 2,
            "no_price": 98,
            "taker_side": "yes"
        },
        {
            "trade_id": "4f81d258-4b5d-4c28-8c23-c0825c53b424",
            "ticker": "KXHIGHCHI-24OCT30-B77.5",
            "count": 18,
            "created_time": "2024-10-30T19:50:45.563459Z",
            "yes_price": 3,
            "no_price": 97,
            "taker_side": "yes"
        },
        {
            "trade_id": "c71af412-d421-4176-a0e9-f60834884748",
            "ticker": "KXHIGHCHI-24OCT30-B77.5",
            "count": 100,
            "created_time": "2024-10-30T19:08:24.34577Z",
            "yes_price": 3,
            "no_price": 97,
            "taker_side": "yes"
        },
        {
            "trade_id": "a4d80f2d-5a34-4218-9a0f-d51f07e4ae90",
            "ticker": "KXHIGHCHI-24OCT30-B77.5",
            "count": 282,
            "created_time": "2024-10-30T19:08:24.34577Z",
            "yes_price": 5,
            "no_price": 95,
            "taker_side": "yes"
        },
        {
            "trade_id": "67e9712d-f4dc-44b5-8a23-395c77f1747e",
            "ticker": "KXHIGHCHI-24OCT30-B77.5",
            "count": 40,
            "created_time": "2024-10-30T19:08:24.34577Z",
            "yes_price": 4,
            "no_price": 96,
            "taker_side": "yes"
        },
        {
            "trade_id": "bd9bc8e5-9ca7-49fe-9422-a55e987be7bc",
            "ticker": "KXHIGHCHI-24OCT30-B77.5",
            "count": 190,
            "created_time": "2024-10-30T18:52:41.743609Z",
            "yes_price": 5,
            "no_price": 95,
            "taker_side": "yes"
        },
        {
            "trade_id": "918b99d7-f888-4ed3-a633-69d1c315ecb5",
            "ticker": "KXHIGHCHI-24OCT30-B77.5",
            "count": 8000,
            "created_time": "2024-10-30T18:52:41.743609Z",
            "yes_price": 1,
            "no_price": 99,
            "taker_side": "yes"
        },
        {
            "trade_id": "53fd7d15-d3b6-467b-8264-a13d1701b367",
            "ticker": "KXHIGHCHI-24OCT30-B77.5",
            "count": 40,
            "created_time": "2024-10-30T18:52:41.743609Z",
            "yes_price": 4,
            "no_price": 96,
            "taker_side": "yes"
        },
        {
            "trade_id": "6ce11a3b-f24b-48dd-8a0f-63af15903d3e",
            "ticker": "KXHIGHCHI-24OCT30-B77.5",
            "count": 2891,
            "created_time": "2024-10-30T18:49:08.03181Z",
            "yes_price": 1,
            "no_price": 99,
            "taker_side": "yes"
        },
        {
            "trade_id": "27a92888-a348-4c02-95f9-2cac285ba971",
            "ticker": "KXHIGHCHI-24OCT30-B77.5",
            "count": 1784,
            "created_time": "2024-10-30T18:49:08.03181Z",
            "yes_price": 1,
            "no_price": 99,
            "taker_side": "yes"
        },
        {
            "trade_id": "e95e3901-b13e-49f6-80b6-bdfbb24bbbcb",
            "ticker": "KXHIGHCHI-24OCT30-B77.5",
            "count": 101,
            "created_time": "2024-10-30T18:44:32.956937Z",
            "yes_price": 1,
            "no_price": 99,
            "taker_side": "yes"
        },
        {
            "trade_id": "e188bbee-51bb-408e-8c6f-1e5c068e9ea1",
            "ticker": "KXHIGHCHI-24OCT30-B77.5",
            "count": 9,
            "created_time": "2024-10-30T18:44:32.956937Z",
            "yes_price": 1,
            "no_price": 99,
            "taker_side": "yes"
        },
        {
            "trade_id": "92d3dc43-dd45-43fc-adfb-55d7f5d4b776",
            "ticker": "KXHIGHCHI-24OCT30-B77.5",
            "count": 85,
            "created_time": "2024-10-30T18:44:32.956937Z",
            "yes_price": 14,
            "no_price": 86,
            "taker_side": "yes"
        },
        {
            "trade_id": "6af8b3e1-68ed-4b78-afa6-d88c31080d1b",
            "ticker": "KXHIGHCHI-24OCT30-B77.5",
            "count": 9,
            "created_time": "2024-10-30T18:44:32.956937Z",
            "yes_price": 1,
            "no_price": 99,
            "taker_side": "yes"
        },
        {
            "trade_id": "614a8cb9-b56b-45a3-bfd8-d94897288a51",
            "ticker": "KXHIGHCHI-24OCT30-B77.5",
            "count": 9,
            "created_time": "2024-10-30T18:44:32.956937Z",
            "yes_price": 1,
            "no_price": 99,
            "taker_side": "yes"
        },
        {
            "trade_id": "4601e053-298c-4690-9877-ef0c4d931c0d",
            "ticker": "KXHIGHCHI-24OCT30-B77.5",
            "count": 40,
            "created_time": "2024-10-30T18:44:32.956937Z",
            "yes_price": 2,
            "no_price": 98,
            "taker_side": "yes"
        },
        {
            "trade_id": "3d4cb90b-440a-45de-a385-7212e11e21b3",
            "ticker": "KXHIGHCHI-24OCT30-B77.5",
            "count": 9,
            "created_time": "2024-10-30T18:44:32.956937Z",
            "yes_price": 1,
            "no_price": 99,
            "taker_side": "yes"
        },
        {
            "trade_id": "c1419ce5-d888-452c-ad10-91b86a5855ca",
            "ticker": "KXHIGHCHI-24OCT30-B77.5",
            "count": 228,
            "created_time": "2024-10-30T18:41:51.424484Z",
            "yes_price": 14,
            "no_price": 86,
            "taker_side": "yes"
        },
        {
            "trade_id": "9b25cf55-15ba-4bb7-a39f-6a4b637e0923",
            "ticker": "KXHIGHCHI-24OCT30-B77.5",
            "count": 30,
            "created_time": "2024-10-30T18:41:51.424484Z",
            "yes_price": 1,
            "no_price": 99,
            "taker_side": "yes"
        },
        {
            "trade_id": "946f245f-7e12-41ed-9a0c-bfb0ece1468e",
            "ticker": "KXHIGHCHI-24OCT30-B77.5",
            "count": 30,
            "created_time": "2024-10-30T18:41:51.424484Z",
            "yes_price": 1,
            "no_price": 99,
            "taker_side": "yes"
        },
        {
            "trade_id": "8ca82b85-2e70-479a-a7b4-987a9debc733",
            "ticker": "KXHIGHCHI-24OCT30-B77.5",
            "count": 112,
            "created_time": "2024-10-30T18:41:51.424484Z",
            "yes_price": 13,
            "no_price": 87,
            "taker_side": "yes"
        },
        {
            "trade_id": "ae3272c3-67c5-4f59-9c3e-2c9be3f82b86",
            "ticker": "KXHIGHCHI-24OCT30-B77.5",
            "count": 80,
            "created_time": "2024-10-30T17:56:52.514375Z",
            "yes_price": 1,
            "no_price": 99,
            "taker_side": "no"
        },
        {
            "trade_id": "acf2711e-8a6a-4175-be5e-63e4c2a4cf7a",
            "ticker": "KXHIGHCHI-24OCT30-B77.5",
            "count": 20,
            "created_time": "2024-10-30T17:56:37.233936Z",
            "yes_price": 1,
            "no_price": 99,
            "taker_side": "no"
        },
        {
            "trade_id": "2eba1390-6f2e-4447-948b-7d67c459ce73",
            "ticker": "KXHIGHCHI-24OCT30-B77.5",
            "count": 20,
            "created_time": "2024-10-30T17:45:21.335605Z",
            "yes_price": 1,
            "no_price": 99,
            "taker_side": "no"
        },
        {
            "trade_id": "b0f3cb4a-a016-4292-a664-7177ebd7a994",
            "ticker": "KXHIGHCHI-24OCT30-B77.5",
            "count": 51,
            "created_time": "2024-10-30T17:41:56.033217Z",
            "yes_price": 20,
            "no_price": 80,
            "taker_side": "yes"
        },
        {
            "trade_id": "097b9a56-3777-43cb-b43d-dd12feaacf4a",
            "ticker": "KXHIGHCHI-24OCT30-B77.5",
            "count": 21,
            "created_time": "2024-10-30T17:41:56.033217Z",
            "yes_price": 19,
            "no_price": 81,
            "taker_side": "yes"
        },
        {
            "trade_id": "32f3b765-33cd-407f-9927-be32e62e9ce8",
            "ticker": "KXHIGHCHI-24OCT30-B77.5",
            "count": 30,
            "created_time": "2024-10-30T17:41:24.688388Z",
            "yes_price": 5,
            "no_price": 95,
            "taker_side": "no"
        },
        {
            "trade_id": "af1563f1-6b42-49da-9d09-1eb40ac1eded",
            "ticker": "KXHIGHCHI-24OCT30-B77.5",
            "count": 2,
            "created_time": "2024-10-30T17:15:33.185879Z",
            "yes_price": 41,
            "no_price": 59,
            "taker_side": "yes"
        },
        {
            "trade_id": "c1627bdc-6420-4e72-a55c-b11b7246250e",
            "ticker": "KXHIGHCHI-24OCT30-B77.5",
            "count": 20,
            "created_time": "2024-10-30T16:17:43.465142Z",
            "yes_price": 28,
            "no_price": 72,
            "taker_side": "yes"
        },
        {
            "trade_id": "ad0cadf7-f74b-4a9e-9c6a-eb1b5a6a3780",
            "ticker": "KXHIGHCHI-24OCT30-B77.5",
            "count": 12,
            "created_time": "2024-10-30T16:17:43.465142Z",
            "yes_price": 31,
            "no_price": 69,
            "taker_side": "yes"
        },
        {
            "trade_id": "11a7c66f-c9d0-428c-a597-bd228d4937b5",
            "ticker": "KXHIGHCHI-24OCT30-B77.5",
            "count": 10,
            "created_time": "2024-10-30T15:51:28.425014Z",
            "yes_price": 30,
            "no_price": 70,
            "taker_side": "no"
        },
        {
            "trade_id": "abe421de-0747-4642-b07a-eb9519ff6337",
            "ticker": "KXHIGHCHI-24OCT30-B77.5",
            "count": 10,
            "created_time": "2024-10-30T15:51:28.353628Z",
            "yes_price": 30,
            "no_price": 70,
            "taker_side": "yes"
        },
        {
            "trade_id": "fac8cc9b-f559-4d53-8e3b-c8bb5cfa46be",
            "ticker": "KXHIGHCHI-24OCT30-B77.5",
            "count": 20,
            "created_time": "2024-10-30T15:49:48.246273Z",
            "yes_price": 27,
            "no_price": 73,
            "taker_side": "yes"
        },
        {
            "trade_id": "262c4481-21b4-44e8-bd1c-2b86b47190ed",
            "ticker": "KXHIGHCHI-24OCT30-B77.5",
            "count": 135,
            "created_time": "2024-10-30T15:49:48.246273Z",
            "yes_price": 31,
            "no_price": 69,
            "taker_side": "yes"
        },
        {
            "trade_id": "fbfaf31c-1731-4716-adb1-6c9f6e8485f6",
            "ticker": "KXHIGHCHI-24OCT30-B77.5",
            "count": 30,
            "created_time": "2024-10-30T15:46:04.511508Z",
            "yes_price": 18,
            "no_price": 82,
            "taker_side": "yes"
        },
        {
            "trade_id": "749ab07d-2d66-4c7d-9727-a4cc8e5c141a",
            "ticker": "KXHIGHCHI-24OCT30-B77.5",
            "count": 99,
            "created_time": "2024-10-30T15:46:04.511508Z",
            "yes_price": 17,
            "no_price": 83,
            "taker_side": "yes"
        },
        {
            "trade_id": "3b9cc73d-1c94-4422-8ec2-93386c702b54",
            "ticker": "KXHIGHCHI-24OCT30-B77.5",
            "count": 23,
            "created_time": "2024-10-30T15:46:04.511508Z",
            "yes_price": 16,
            "no_price": 84,
            "taker_side": "yes"
        },
        {
            "trade_id": "07e6f092-4e8c-4a8a-b18e-989376bef5b3",
            "ticker": "KXHIGHCHI-24OCT30-B77.5",
            "count": 69,
            "created_time": "2024-10-30T15:46:04.511508Z",
            "yes_price": 31,
            "no_price": 69,
            "taker_side": "yes"
        },
        {
            "trade_id": "585d4b4b-11b0-4776-8212-9e7447271682",
            "ticker": "KXHIGHCHI-24OCT30-B77.5",
            "count": 10,
            "created_time": "2024-10-30T15:09:25.578021Z",
            "yes_price": 38,
            "no_price": 62,
            "taker_side": "yes"
        },
        {
            "trade_id": "14edf2be-2b40-412a-ac5a-ed72586bf755",
            "ticker": "KXHIGHCHI-24OCT30-B77.5",
            "count": 10,
            "created_time": "2024-10-30T15:09:25.578021Z",
            "yes_price": 37,
            "no_price": 63,
            "taker_side": "yes"
        },
        {
            "trade_id": "f78888db-eff1-4353-a71e-9dc78b08dfca",
            "ticker": "KXHIGHCHI-24OCT30-B77.5",
            "count": 15,
            "created_time": "2024-10-30T14:53:16.124613Z",
            "yes_price": 44,
            "no_price": 56,
            "taker_side": "yes"
        },
        {
            "trade_id": "ec61df13-9388-48f4-a18a-8e1220419542",
            "ticker": "KXHIGHCHI-24OCT30-B77.5",
            "count": 3,
            "created_time": "2024-10-30T14:53:16.124613Z",
            "yes_price": 49,
            "no_price": 51,
            "taker_side": "yes"
        },
        {
            "trade_id": "79dee008-d958-4baf-a5b7-5c08e321f682",
            "ticker": "KXHIGHCHI-24OCT30-B77.5",
            "count": 3,
            "created_time": "2024-10-30T14:53:16.124613Z",
            "yes_price": 45,
            "no_price": 55,
            "taker_side": "yes"
        },
        {
            "trade_id": "748b031a-7e19-4eb0-8155-312ec777e4ae",
            "ticker": "KXHIGHCHI-24OCT30-B77.5",
            "count": 20,
            "created_time": "2024-10-30T14:48:10.92086Z",
            "yes_price": 49,
            "no_price": 51,
            "taker_side": "yes"
        },
        {
            "trade_id": "3aaba510-8847-40da-a979-bd2d9623ceb9",
            "ticker": "KXHIGHCHI-24OCT30-B77.5",
            "count": 10,
            "created_time": "2024-10-30T14:48:10.92086Z",
            "yes_price": 45,
            "no_price": 55,
            "taker_side": "yes"
        },
        {
            "trade_id": "311289d5-7f64-416d-b4a7-82b6d580cb16",
            "ticker": "KXHIGHCHI-24OCT30-B77.5",
            "count": 10,
            "created_time": "2024-10-30T14:48:10.92086Z",
            "yes_price": 46,
            "no_price": 54,
            "taker_side": "yes"
        },
        {
            "trade_id": "e6de00b5-c7d8-4f93-855b-116b348b0d2f",
            "ticker": "KXHIGHCHI-24OCT30-B77.5",
            "count": 100,
            "created_time": "2024-10-30T14:32:42.493734Z",
            "yes_price": 30,
            "no_price": 70,
            "taker_side": "yes"
        },
        {
            "trade_id": "934b8497-b2df-4bcc-8f95-0a600c177a15",
            "ticker": "KXHIGHCHI-24OCT30-B77.5",
            "count": 9,
            "created_time": "2024-10-30T14:32:42.493734Z",
            "yes_price": 31,
            "no_price": 69,
            "taker_side": "yes"
        },
        {
            "trade_id": "83f36b79-5a08-4f43-9965-013b56c9f14d",
            "ticker": "KXHIGHCHI-24OCT30-B77.5",
            "count": 15,
            "created_time": "2024-10-30T14:32:42.493734Z",
            "yes_price": 75,
            "no_price": 25,
            "taker_side": "yes"
        },
        {
            "trade_id": "57e3f156-6a61-46c1-99c3-0d4f6cdea453",
            "ticker": "KXHIGHCHI-24OCT30-B77.5",
            "count": 12,
            "created_time": "2024-10-30T14:32:42.493734Z",
            "yes_price": 28,
            "no_price": 72,
            "taker_side": "yes"
        },
        {
            "trade_id": "6e74358e-fac4-49a5-9d1c-2901149857f9",
            "ticker": "KXHIGHCHI-24OCT30-B77.5",
            "count": 10,
            "created_time": "2024-10-30T14:26:52.670025Z",
            "yes_price": 5,
            "no_price": 95,
            "taker_side": "no"
        },
        {
            "trade_id": "baa0cf97-91e8-4dbf-96d6-ab5b8c385b75",
            "ticker": "KXHIGHCHI-24OCT30-B77.5",
            "count": 150,
            "created_time": "2024-10-30T14:03:15.177678Z",
            "yes_price": 18,
            "no_price": 82,
            "taker_side": "yes"
        },
        {
            "trade_id": "8bc96827-deb5-4443-8ec6-13d79ad20927",
            "ticker": "KXHIGHCHI-24OCT30-B77.5",
            "count": 50,
            "created_time": "2024-10-30T13:46:19.773514Z",
            "yes_price": 17,
            "no_price": 83,
            "taker_side": "yes"
        },
        {
            "trade_id": "b81edf0a-6345-4b3b-8982-64eb4ff3d5cb",
            "ticker": "KXHIGHCHI-24OCT30-B77.5",
            "count": 5,
            "created_time": "2024-10-30T13:45:18.995717Z",
            "yes_price": 17,
            "no_price": 83,
            "taker_side": "yes"
        },
        {
            "trade_id": "a4be1c1e-1d9e-4e31-a85e-24fc27fe4648",
            "ticker": "KXHIGHCHI-24OCT30-B77.5",
            "count": 15,
            "created_time": "2024-10-30T13:36:20.342825Z",
            "yes_price": 9,
            "no_price": 91,
            "taker_side": "no"
        },
        {
            "trade_id": "f79be2bf-ab5b-4fae-ba9f-64f7cfcc25e5",
            "ticker": "KXHIGHCHI-24OCT30-B77.5",
            "count": 5,
            "created_time": "2024-10-30T13:35:33.20759Z",
            "yes_price": 17,
            "no_price": 83,
            "taker_side": "yes"
        },
        {
            "trade_id": "e8dedefb-f55b-40d8-bb0d-fa4c45b2b22b",
            "ticker": "KXHIGHCHI-24OCT30-B77.5",
            "count": 15,
            "created_time": "2024-10-30T13:26:18.72077Z",
            "yes_price": 15,
            "no_price": 85,
            "taker_side": "no"
        },
        {
            "trade_id": "a0be5e62-79a7-4683-987d-8dba3fa48036",
            "ticker": "KXHIGHCHI-24OCT30-B77.5",
            "count": 3,
            "created_time": "2024-10-30T13:26:18.104855Z",
            "yes_price": 15,
            "no_price": 85,
            "taker_side": "no"
        },
        {
            "trade_id": "657af0e7-1ab9-4f3d-9372-766314bcaff7",
            "ticker": "KXHIGHCHI-24OCT30-B77.5",
            "count": 10,
            "created_time": "2024-10-30T13:26:17.804447Z",
            "yes_price": 15,
            "no_price": 85,
            "taker_side": "yes"
        },
        {
            "trade_id": "e9b74ca5-0609-42bd-8de9-3a1723eec015",
            "ticker": "KXHIGHCHI-24OCT30-B77.5",
            "count": 3,
            "created_time": "2024-10-30T13:24:35.516358Z",
            "yes_price": 10,
            "no_price": 90,
            "taker_side": "no"
        },
        {
            "trade_id": "0d371924-86ff-4fd1-a148-034aaff0071d",
            "ticker": "KXHIGHCHI-24OCT30-B77.5",
            "count": 5,
            "created_time": "2024-10-30T13:20:11.250426Z",
            "yes_price": 10,
            "no_price": 90,
            "taker_side": "no"
        },
        {
            "trade_id": "59fefcf2-047d-449d-8c5d-6a6c83b7f422",
            "ticker": "KXHIGHCHI-24OCT30-B77.5",
            "count": 8,
            "created_time": "2024-10-30T13:19:49.99495Z",
            "yes_price": 10,
            "no_price": 90,
            "taker_side": "no"
        },
        {
            "trade_id": "29c78297-472d-4139-9f07-4086495128a1",
            "ticker": "KXHIGHCHI-24OCT30-B77.5",
            "count": 5,
            "created_time": "2024-10-30T13:19:49.607273Z",
            "yes_price": 9,
            "no_price": 91,
            "taker_side": "no"
        },
        {
            "trade_id": "b168504b-30e8-4f6b-bfa3-e7acbdd33ca0",
            "ticker": "KXHIGHCHI-24OCT30-B77.5",
            "count": 3,
            "created_time": "2024-10-30T13:17:38.663547Z",
            "yes_price": 10,
            "no_price": 90,
            "taker_side": "no"
        },
        {
            "trade_id": "00ef3c7d-282a-4a57-8d44-088a4e73a305",
            "ticker": "KXHIGHCHI-24OCT30-B77.5",
            "count": 8,
            "created_time": "2024-10-30T13:15:32.118308Z",
            "yes_price": 10,
            "no_price": 90,
            "taker_side": "no"
        },
        {
            "trade_id": "689234ee-eb1a-45a2-96af-f2aca951b195",
            "ticker": "KXHIGHCHI-24OCT30-B77.5",
            "count": 5,
            "created_time": "2024-10-30T13:15:07.501047Z",
            "yes_price": 10,
            "no_price": 90,
            "taker_side": "no"
        },
        {
            "trade_id": "7fbc5546-45bb-4e8b-8e47-f4f1f0e67a70",
            "ticker": "KXHIGHCHI-24OCT30-B77.5",
            "count": 10,
            "created_time": "2024-10-30T13:02:49.166318Z",
            "yes_price": 9,
            "no_price": 91,
            "taker_side": "no"
        },
        {
            "trade_id": "7083e189-04c2-44a1-aceb-3e89e3bcd316",
            "ticker": "KXHIGHCHI-24OCT30-B77.5",
            "count": 5,
            "created_time": "2024-10-30T12:35:59.727083Z",
            "yes_price": 10,
            "no_price": 90,
            "taker_side": "no"
        },
        {
            "trade_id": "8d0f44e5-bf8e-4d5a-ac25-bb933746684c",
            "ticker": "KXHIGHCHI-24OCT30-B77.5",
            "count": 14,
            "created_time": "2024-10-30T12:25:30.292828Z",
            "yes_price": 10,
            "no_price": 90,
            "taker_side": "no"
        },
        {
            "trade_id": "6eeb9a4e-7a07-4170-963a-b71a4843bd8a",
            "ticker": "KXHIGHCHI-24OCT30-B77.5",
            "count": 2,
            "created_time": "2024-10-30T12:24:19.418269Z",
            "yes_price": 10,
            "no_price": 90,
            "taker_side": "no"
        },
        {
            "trade_id": "b5e72dc3-b82e-4857-9f4a-369cfa547bc9",
            "ticker": "KXHIGHCHI-24OCT30-B77.5",
            "count": 2,
            "created_time": "2024-10-30T12:23:29.265235Z",
            "yes_price": 10,
            "no_price": 90,
            "taker_side": "no"
        },
        {
            "trade_id": "ac749d7a-a03e-41a8-adce-05f4b5a401f5",
            "ticker": "KXHIGHCHI-24OCT30-B77.5",
            "count": 4,
            "created_time": "2024-10-30T12:22:38.242441Z",
            "yes_price": 20,
            "no_price": 80,
            "taker_side": "yes"
        },
        {
            "trade_id": "863a8345-3787-434a-9dcc-c0c318e76d71",
            "ticker": "KXHIGHCHI-24OCT30-B77.5",
            "count": 5,
            "created_time": "2024-10-30T12:20:40.363937Z",
            "yes_price": 18,
            "no_price": 82,
            "taker_side": "yes"
        },
        {
            "trade_id": "78e92056-7af1-4136-8d73-f89683a03a55",
            "ticker": "KXHIGHCHI-24OCT30-B77.5",
            "count": 2,
            "created_time": "2024-10-30T12:12:22.731542Z",
            "yes_price": 18,
            "no_price": 82,
            "taker_side": "yes"
        },
        {
            "trade_id": "437ed503-720e-4a84-9f57-4fe191a403b8",
            "ticker": "KXHIGHCHI-24OCT30-B77.5",
            "count": 5,
            "created_time": "2024-10-30T12:11:55.161646Z",
            "yes_price": 10,
            "no_price": 90,
            "taker_side": "no"
        },
        {
            "trade_id": "ba2248e1-3202-4932-a38d-0cdd227ce2fa",
            "ticker": "KXHIGHCHI-24OCT30-B77.5",
            "count": 5,
            "created_time": "2024-10-30T12:11:54.951219Z",
            "yes_price": 10,
            "no_price": 90,
            "taker_side": "no"
        },
        {
            "trade_id": "a17fd250-e442-4443-9399-2bca2afe03cf",
            "ticker": "KXHIGHCHI-24OCT30-B77.5",
            "count": 1,
            "created_time": "2024-10-30T12:05:46.657374Z",
            "yes_price": 10,
            "no_price": 90,
            "taker_side": "no"
        },
        {
            "trade_id": "fb2c4c30-19cc-46f3-a111-97f501eeb8c9",
            "ticker": "KXHIGHCHI-24OCT30-B77.5",
            "count": 11,
            "created_time": "2024-10-30T12:03:55.742323Z",
            "yes_price": 10,
            "no_price": 90,
            "taker_side": "no"
        },
        {
            "trade_id": "e4b05ac3-9740-4eeb-aba3-63dbf3b9eea7",
            "ticker": "KXHIGHCHI-24OCT30-B77.5",
            "count": 5,
            "created_time": "2024-10-30T06:53:43.200666Z",
            "yes_price": 11,
            "no_price": 89,
            "taker_side": "no"
        },
        {
            "trade_id": "d993dc49-4154-4949-ac85-fc812a84f0b4",
            "ticker": "KXHIGHCHI-24OCT30-B77.5",
            "count": 11,
            "created_time": "2024-10-30T06:21:01.743047Z",
            "yes_price": 40,
            "no_price": 60,
            "taker_side": "yes"
        },
        {
            "trade_id": "8af17a33-186e-45ca-9f98-2bb3329e4dbf",
            "ticker": "KXHIGHCHI-24OCT30-B77.5",
            "count": 15,
            "created_time": "2024-10-30T06:21:01.743047Z",
            "yes_price": 63,
            "no_price": 37,
            "taker_side": "yes"
        },
        {
            "trade_id": "72d391e7-2d03-4202-835a-adbebeef27be",
            "ticker": "KXHIGHCHI-24OCT30-B77.5",
            "count": 30,
            "created_time": "2024-10-30T06:21:01.743047Z",
            "yes_price": 18,
            "no_price": 82,
            "taker_side": "yes"
        },
        {
            "trade_id": "343a6cee-8020-43cc-ad9e-ef6ed68f7994",
            "ticker": "KXHIGHCHI-24OCT30-B77.5",
            "count": 78,
            "created_time": "2024-10-30T06:18:33.151793Z",
            "yes_price": 18,
            "no_price": 82,
            "taker_side": "yes"
        },
        {
            "trade_id": "b272b9bc-4f48-42b2-ba25-8ec4681f8830",
            "ticker": "KXHIGHCHI-24OCT30-B77.5",
            "count": 131,
            "created_time": "2024-10-30T05:41:13.778756Z",
            "yes_price": 18,
            "no_price": 82,
            "taker_side": "yes"
        },
        {
            "trade_id": "f67b0794-663d-4f40-b249-735ec5c764c3",
            "ticker": "KXHIGHCHI-24OCT30-B77.5",
            "count": 45,
            "created_time": "2024-10-30T05:28:00.820601Z",
            "yes_price": 18,
            "no_price": 82,
            "taker_side": "yes"
        },
        {
            "trade_id": "e9506fba-a168-4794-b06d-292507a8e608",
            "ticker": "KXHIGHCHI-24OCT30-B77.5",
            "count": 8,
            "created_time": "2024-10-30T05:27:26.202653Z",
            "yes_price": 10,
            "no_price": 90,
            "taker_side": "yes"
        },
        {
            "trade_id": "52a77d99-e91f-4725-a72b-6d16e0cd9f04",
            "ticker": "KXHIGHCHI-24OCT30-B77.5",
            "count": 5,
            "created_time": "2024-10-30T05:27:26.202653Z",
            "yes_price": 18,
            "no_price": 82,
            "taker_side": "yes"
        },
        {
            "trade_id": "92082701-c9b2-4083-8ce6-1caf826559e8",
            "ticker": "KXHIGHCHI-24OCT30-B77.5",
            "count": 8,
            "created_time": "2024-10-30T05:22:08.931407Z",
            "yes_price": 10,
            "no_price": 90,
            "taker_side": "yes"
        },
        {
            "trade_id": "eddfcf5e-078a-45b9-aad2-0f78fd49fb83",
            "ticker": "KXHIGHCHI-24OCT30-B77.5",
            "count": 11,
            "created_time": "2024-10-30T05:14:27.641167Z",
            "yes_price": 2,
            "no_price": 98,
            "taker_side": "yes"
        },
        {
            "trade_id": "5280eda7-698c-47e0-a1bc-8d31aebfc124",
            "ticker": "KXHIGHCHI-24OCT30-B77.5",
            "count": 1,
            "created_time": "2024-10-30T04:50:03.558969Z",
            "yes_price": 3,
            "no_price": 97,
            "taker_side": "no"
        },
        {
            "trade_id": "28ecad1c-556d-4c51-97b9-97abf54c1240",
            "ticker": "KXHIGHCHI-24OCT30-B77.5",
            "count": 10,
            "created_time": "2024-10-30T04:50:03.558969Z",
            "yes_price": 4,
            "no_price": 96,
            "taker_side": "no"
        },
        {
            "trade_id": "18a44872-941e-4879-839c-f8486eb48390",
            "ticker": "KXHIGHCHI-24OCT30-B77.5",
            "count": 1,
            "created_time": "2024-10-30T04:31:49.10458Z",
            "yes_price": 3,
            "no_price": 97,
            "taker_side": "no"
        },
        {
            "trade_id": "87742f5d-37e8-4085-8710-2d2b32b8fdf7",
            "ticker": "KXHIGHCHI-24OCT30-B77.5",
            "count": 3,
            "created_time": "2024-10-30T04:31:33.312895Z",
            "yes_price": 3,
            "no_price": 97,
            "taker_side": "no"
        },
        {
            "trade_id": "7c846f61-20bc-447e-8a8e-00918f38432f",
            "ticker": "KXHIGHCHI-24OCT30-B77.5",
            "count": 5,
            "created_time": "2024-10-30T04:31:24.271174Z",
            "yes_price": 3,
            "no_price": 97,
            "taker_side": "no"
        },
        {
            "trade_id": "528c8cf3-8f61-4077-9964-1b3fbfb83a45",
            "ticker": "KXHIGHCHI-24OCT30-B77.5",
            "count": 18,
            "created_time": "2024-10-30T04:31:24.244841Z",
            "yes_price": 4,
            "no_price": 96,
            "taker_side": "no"
        },
        {
            "trade_id": "ccca14e5-8362-40b2-89eb-693e08316467",
            "ticker": "KXHIGHCHI-24OCT30-B77.5",
            "count": 10,
            "created_time": "2024-10-30T04:16:20.750856Z",
            "yes_price": 15,
            "no_price": 85,
            "taker_side": "yes"
        },
        {
            "trade_id": "7663f84c-46c4-412f-91f6-5d573f7eadd6",
            "ticker": "KXHIGHCHI-24OCT30-B77.5",
            "count": 7,
            "created_time": "2024-10-30T04:16:20.750856Z",
            "yes_price": 16,
            "no_price": 84,
            "taker_side": "yes"
        },
        {
            "trade_id": "316bb2c5-5559-4188-97b9-583612ef5506",
            "ticker": "KXHIGHCHI-24OCT30-B77.5",
            "count": 11,
            "created_time": "2024-10-30T04:16:20.750856Z",
            "yes_price": 18,
            "no_price": 82,
            "taker_side": "yes"
        },
        {
            "trade_id": "bec1e5d5-735b-4541-b62e-bac1cdcf637d",
            "ticker": "KXHIGHCHI-24OCT30-B77.5",
            "count": 11,
            "created_time": "2024-10-30T04:15:44.670564Z",
            "yes_price": 6,
            "no_price": 94,
            "taker_side": "no"
        },
        {
            "trade_id": "fdb5c293-ac2b-4762-8ed8-c86f548e0fbc",
            "ticker": "KXHIGHCHI-24OCT30-B77.5",
            "count": 8,
            "created_time": "2024-10-30T04:10:00.73856Z",
            "yes_price": 6,
            "no_price": 94,
            "taker_side": "no"
        },
        {
            "trade_id": "94cba459-9706-4869-addc-66b36b550afa",
            "ticker": "KXHIGHCHI-24OCT30-B77.5",
            "count": 7,
            "created_time": "2024-10-30T04:08:22.711914Z",
            "yes_price": 7,
            "no_price": 93,
            "taker_side": "no"
        },
        {
            "trade_id": "f3f1dae5-2cd1-4bc4-af14-cd0059d599d5",
            "ticker": "KXHIGHCHI-24OCT30-B77.5",
            "count": 172,
            "created_time": "2024-10-30T03:58:42.152038Z",
            "yes_price": 16,
            "no_price": 84,
            "taker_side": "yes"
        },
        {
            "trade_id": "e4c88a8a-518d-4410-b9da-b0d264f5e77c",
            "ticker": "KXHIGHCHI-24OCT30-B77.5",
            "count": 5,
            "created_time": "2024-10-30T03:58:42.152038Z",
            "yes_price": 15,
            "no_price": 85,
            "taker_side": "yes"
        },
        {
            "trade_id": "f0b7b7d0-3c29-475c-8175-5b456a26dbb5",
            "ticker": "KXHIGHCHI-24OCT30-B77.5",
            "count": 4,
            "created_time": "2024-10-30T02:29:24.827887Z",
            "yes_price": 16,
            "no_price": 84,
            "taker_side": "yes"
        },
        {
            "trade_id": "7ba5b805-dc54-4a39-aff7-9a68f130e2a8",
            "ticker": "KXHIGHCHI-24OCT30-B77.5",
            "count": 1,
            "created_time": "2024-10-30T02:18:23.302386Z",
            "yes_price": 19,
            "no_price": 81,
            "taker_side": "yes"
        }
    ],
    "KXHIGHCHI-24OCT30-B79.5": [
        {
            "trade_id": "a59e03bd-9bf1-493c-8107-e261e3ea6c1e",
            "ticker": "KXHIGHCHI-24OCT30-B79.5",
            "count": 1,
            "created_time": "2024-10-31T02:39:22.884643Z",
            "yes_price": 1,
            "no_price": 99,
            "taker_side": "yes"
        },
        {
            "trade_id": "92decd81-e984-44ee-bff4-722798eb8729",
            "ticker": "KXHIGHCHI-24OCT30-B79.5",
            "count": 932,
            "created_time": "2024-10-31T02:39:22.884643Z",
            "yes_price": 1,
            "no_price": 99,
            "taker_side": "yes"
        },
        {
            "trade_id": "b0477700-2154-4d27-9d09-a4c1e03b21be",
            "ticker": "KXHIGHCHI-24OCT30-B79.5",
            "count": 26,
            "created_time": "2024-10-30T22:30:50.718361Z",
            "yes_price": 1,
            "no_price": 99,
            "taker_side": "yes"
        },
        {
            "trade_id": "fe5b5d27-78ce-4591-b5fb-7bad9921d78a",
            "ticker": "KXHIGHCHI-24OCT30-B79.5",
            "count": 20,
            "created_time": "2024-10-30T21:43:26.799232Z",
            "yes_price": 1,
            "no_price": 99,
            "taker_side": "yes"
        },
        {
            "trade_id": "c3adba23-be6e-4464-9ff8-b72ccfa194d9",
            "ticker": "KXHIGHCHI-24OCT30-B79.5",
            "count": 1,
            "created_time": "2024-10-30T21:43:04.991187Z",
            "yes_price": 1,
            "no_price": 99,
            "taker_side": "yes"
        },
        {
            "trade_id": "97aef1d0-aa91-4c33-ac54-5ac8e648ea2e",
            "ticker": "KXHIGHCHI-24OCT30-B79.5",
            "count": 258,
            "created_time": "2024-10-30T21:43:04.991187Z",
            "yes_price": 1,
            "no_price": 99,
            "taker_side": "yes"
        },
        {
            "trade_id": "2bdeaff6-1390-46a6-84f1-f7b7be41ff3a",
            "ticker": "KXHIGHCHI-24OCT30-B79.5",
            "count": 177,
            "created_time": "2024-10-30T21:43:04.991187Z",
            "yes_price": 1,
            "no_price": 99,
            "taker_side": "yes"
        },
        {
            "trade_id": "10003010-9db1-431b-89f3-e91ff7f6ce4d",
            "ticker": "KXHIGHCHI-24OCT30-B79.5",
            "count": 8,
            "created_time": "2024-10-30T21:43:04.991187Z",
            "yes_price": 1,
            "no_price": 99,
            "taker_side": "yes"
        },
        {
            "trade_id": "0edb1813-ffc7-4489-896a-f7f902e7f2d4",
            "ticker": "KXHIGHCHI-24OCT30-B79.5",
            "count": 20,
            "created_time": "2024-10-30T21:43:04.991187Z",
            "yes_price": 1,
            "no_price": 99,
            "taker_side": "yes"
        },
        {
            "trade_id": "53552213-1a59-4c89-b737-714a9cbb7c6c",
            "ticker": "KXHIGHCHI-24OCT30-B79.5",
            "count": 93,
            "created_time": "2024-10-30T20:46:18.691538Z",
            "yes_price": 1,
            "no_price": 99,
            "taker_side": "yes"
        },
        {
            "trade_id": "1f772072-f152-40fb-98c0-4de20ede032e",
            "ticker": "KXHIGHCHI-24OCT30-B79.5",
            "count": 935,
            "created_time": "2024-10-30T19:58:42.535174Z",
            "yes_price": 1,
            "no_price": 99,
            "taker_side": "yes"
        },
        {
            "trade_id": "cdd7cc74-7c7d-4324-99cf-353977c2b50b",
            "ticker": "KXHIGHCHI-24OCT30-B79.5",
            "count": 1,
            "created_time": "2024-10-30T19:55:40.887083Z",
            "yes_price": 1,
            "no_price": 99,
            "taker_side": "no"
        },
        {
            "trade_id": "b72fc399-0067-4eeb-ba16-e1c0c0a9416e",
            "ticker": "KXHIGHCHI-24OCT30-B79.5",
            "count": 189,
            "created_time": "2024-10-30T19:55:40.887083Z",
            "yes_price": 1,
            "no_price": 99,
            "taker_side": "no"
        },
        {
            "trade_id": "a8c9a027-ec4d-4eec-b803-44d91ceaa72f",
            "ticker": "KXHIGHCHI-24OCT30-B79.5",
            "count": 350,
            "created_time": "2024-10-30T19:55:40.887083Z",
            "yes_price": 1,
            "no_price": 99,
            "taker_side": "no"
        },
        {
            "trade_id": "f49d688d-9bca-4396-b656-2cab11042ca9",
            "ticker": "KXHIGHCHI-24OCT30-B79.5",
            "count": 18,
            "created_time": "2024-10-30T19:50:20.629285Z",
            "yes_price": 40,
            "no_price": 60,
            "taker_side": "yes"
        },
        {
            "trade_id": "7b3a3776-9490-46d4-873a-620fbd732a3c",
            "ticker": "KXHIGHCHI-24OCT30-B79.5",
            "count": 100,
            "created_time": "2024-10-30T19:50:20.629285Z",
            "yes_price": 34,
            "no_price": 66,
            "taker_side": "yes"
        },
        {
            "trade_id": "4cf52bdb-68eb-49e1-ad93-9ab23c227fed",
            "ticker": "KXHIGHCHI-24OCT30-B79.5",
            "count": 20,
            "created_time": "2024-10-30T19:50:20.629285Z",
            "yes_price": 33,
            "no_price": 67,
            "taker_side": "yes"
        },
        {
            "trade_id": "c7e27af3-791c-481d-9c3a-afe0da916750",
            "ticker": "KXHIGHCHI-24OCT30-B79.5",
            "count": 2,
            "created_time": "2024-10-30T19:46:42.903791Z",
            "yes_price": 9,
            "no_price": 91,
            "taker_side": "no"
        },
        {
            "trade_id": "61375ddc-fa2a-4ae8-ac2d-98c35ade2b34",
            "ticker": "KXHIGHCHI-24OCT30-B79.5",
            "count": 10,
            "created_time": "2024-10-30T19:45:49.350623Z",
            "yes_price": 33,
            "no_price": 67,
            "taker_side": "no"
        },
        {
            "trade_id": "7a2e51a4-5920-4531-94b2-a1ffcb880d8d",
            "ticker": "KXHIGHCHI-24OCT30-B79.5",
            "count": 20,
            "created_time": "2024-10-30T19:45:49.190443Z",
            "yes_price": 33,
            "no_price": 67,
            "taker_side": "yes"
        },
        {
            "trade_id": "faa1ac8a-82d8-415c-a2a8-5348b6d3aef3",
            "ticker": "KXHIGHCHI-24OCT30-B79.5",
            "count": 61,
            "created_time": "2024-10-30T19:29:04.732592Z",
            "yes_price": 24,
            "no_price": 76,
            "taker_side": "yes"
        },
        {
            "trade_id": "c7e71c3d-0a19-40f3-bd38-c68586c632d8",
            "ticker": "KXHIGHCHI-24OCT30-B79.5",
            "count": 34,
            "created_time": "2024-10-30T19:29:04.732592Z",
            "yes_price": 19,
            "no_price": 81,
            "taker_side": "yes"
        },
        {
            "trade_id": "a5b6eec9-bb5d-4e66-8a86-041c07da6907",
            "ticker": "KXHIGHCHI-24OCT30-B79.5",
            "count": 27,
            "created_time": "2024-10-30T19:29:04.732592Z",
            "yes_price": 30,
            "no_price": 70,
            "taker_side": "yes"
        },
        {
            "trade_id": "3657831d-c1f1-40c1-9071-3066f8960144",
            "ticker": "KXHIGHCHI-24OCT30-B79.5",
            "count": 10,
            "created_time": "2024-10-30T19:29:04.732592Z",
            "yes_price": 20,
            "no_price": 80,
            "taker_side": "yes"
        },
        {
            "trade_id": "0d6c1fe1-2091-4207-8d83-9b4f0cb08a83",
            "ticker": "KXHIGHCHI-24OCT30-B79.5",
            "count": 100,
            "created_time": "2024-10-30T19:29:04.732592Z",
            "yes_price": 20,
            "no_price": 80,
            "taker_side": "yes"
        },
        {
            "trade_id": "9d295042-7cd6-40bc-ba5f-4fe3afde991e",
            "ticker": "KXHIGHCHI-24OCT30-B79.5",
            "count": 12,
            "created_time": "2024-10-30T19:18:35.958222Z",
            "yes_price": 6,
            "no_price": 94,
            "taker_side": "no"
        },
        {
            "trade_id": "d929df85-b7a0-40fb-ac97-cb9529d18297",
            "ticker": "KXHIGHCHI-24OCT30-B79.5",
            "count": 15,
            "created_time": "2024-10-30T19:17:38.205163Z",
            "yes_price": 6,
            "no_price": 94,
            "taker_side": "no"
        },
        {
            "trade_id": "15d0756e-e61d-4373-8051-9ea8cb8e0c40",
            "ticker": "KXHIGHCHI-24OCT30-B79.5",
            "count": 5,
            "created_time": "2024-10-30T19:15:55.989569Z",
            "yes_price": 6,
            "no_price": 94,
            "taker_side": "no"
        },
        {
            "trade_id": "d622146e-c067-4126-a026-cbd74850d403",
            "ticker": "KXHIGHCHI-24OCT30-B79.5",
            "count": 7,
            "created_time": "2024-10-30T19:15:44.44095Z",
            "yes_price": 6,
            "no_price": 94,
            "taker_side": "no"
        },
        {
            "trade_id": "67bcf01d-52e5-4374-a695-a1526b372527",
            "ticker": "KXHIGHCHI-24OCT30-B79.5",
            "count": 20,
            "created_time": "2024-10-30T19:11:06.598942Z",
            "yes_price": 9,
            "no_price": 91,
            "taker_side": "no"
        },
        {
            "trade_id": "21e78efd-1a60-4c3f-95bb-07474dd28249",
            "ticker": "KXHIGHCHI-24OCT30-B79.5",
            "count": 44,
            "created_time": "2024-10-30T19:11:06.598942Z",
            "yes_price": 6,
            "no_price": 94,
            "taker_side": "no"
        },
        {
            "trade_id": "6b648788-d0a9-4521-8848-8c8211f1fea3",
            "ticker": "KXHIGHCHI-24OCT30-B79.5",
            "count": 100,
            "created_time": "2024-10-30T19:10:36.369199Z",
            "yes_price": 9,
            "no_price": 91,
            "taker_side": "no"
        },
        {
            "trade_id": "5d1e8501-b4fa-40d7-853f-f58273e63df0",
            "ticker": "KXHIGHCHI-24OCT30-B79.5",
            "count": 1,
            "created_time": "2024-10-30T19:09:39.242452Z",
            "yes_price": 9,
            "no_price": 91,
            "taker_side": "no"
        },
        {
            "trade_id": "86cb7c48-d7ef-42fd-9ad2-f83b57415944",
            "ticker": "KXHIGHCHI-24OCT30-B79.5",
            "count": 34,
            "created_time": "2024-10-30T19:08:32.05684Z",
            "yes_price": 9,
            "no_price": 91,
            "taker_side": "no"
        },
        {
            "trade_id": "5fcf89d8-f303-4f03-8a8c-6a29920eba69",
            "ticker": "KXHIGHCHI-24OCT30-B79.5",
            "count": 58,
            "created_time": "2024-10-30T19:07:39.779735Z",
            "yes_price": 10,
            "no_price": 90,
            "taker_side": "no"
        },
        {
            "trade_id": "936a9c60-b3a9-4323-af4d-d43da99a5c9c",
            "ticker": "KXHIGHCHI-24OCT30-B79.5",
            "count": 100,
            "created_time": "2024-10-30T19:02:41.021937Z",
            "yes_price": 20,
            "no_price": 80,
            "taker_side": "yes"
        },
        {
            "trade_id": "ecd9f12b-6f63-4555-a4cb-8bae1c8e611f",
            "ticker": "KXHIGHCHI-24OCT30-B79.5",
            "count": 79,
            "created_time": "2024-10-30T18:59:10.539328Z",
            "yes_price": 24,
            "no_price": 76,
            "taker_side": "yes"
        },
        {
            "trade_id": "b7b17a31-6796-43b1-acea-a5fcc774f3c7",
            "ticker": "KXHIGHCHI-24OCT30-B79.5",
            "count": 13,
            "created_time": "2024-10-30T18:57:48.836757Z",
            "yes_price": 8,
            "no_price": 92,
            "taker_side": "no"
        },
        {
            "trade_id": "1837282d-d3fa-4b88-8d06-d23b8dc72583",
            "ticker": "KXHIGHCHI-24OCT30-B79.5",
            "count": 10,
            "created_time": "2024-10-30T18:57:41.832699Z",
            "yes_price": 24,
            "no_price": 76,
            "taker_side": "no"
        },
        {
            "trade_id": "b80a5023-ed9a-4f18-b7e9-2d2c3aa0d339",
            "ticker": "KXHIGHCHI-24OCT30-B79.5",
            "count": 15,
            "created_time": "2024-10-30T18:57:20.208812Z",
            "yes_price": 25,
            "no_price": 75,
            "taker_side": "no"
        },
        {
            "trade_id": "3add30f2-5fc9-4cfe-860e-4bbc89492878",
            "ticker": "KXHIGHCHI-24OCT30-B79.5",
            "count": 20,
            "created_time": "2024-10-30T18:54:10.237292Z",
            "yes_price": 41,
            "no_price": 59,
            "taker_side": "yes"
        },
        {
            "trade_id": "87a9a4ff-39fe-4b95-9900-ccff4a636578",
            "ticker": "KXHIGHCHI-24OCT30-B79.5",
            "count": 3,
            "created_time": "2024-10-30T18:52:07.244831Z",
            "yes_price": 25,
            "no_price": 75,
            "taker_side": "no"
        },
        {
            "trade_id": "41ca961d-6963-4ff1-a58b-34b443506a0b",
            "ticker": "KXHIGHCHI-24OCT30-B79.5",
            "count": 91,
            "created_time": "2024-10-30T18:51:26.531701Z",
            "yes_price": 25,
            "no_price": 75,
            "taker_side": "no"
        },
        {
            "trade_id": "a35a53c4-4419-4588-ac86-32bd9ee57b2d",
            "ticker": "KXHIGHCHI-24OCT30-B79.5",
            "count": 1,
            "created_time": "2024-10-30T18:50:02.477649Z",
            "yes_price": 25,
            "no_price": 75,
            "taker_side": "no"
        },
        {
            "trade_id": "3c193f92-8d20-43f1-9f58-1d9f27461d65",
            "ticker": "KXHIGHCHI-24OCT30-B79.5",
            "count": 8,
            "created_time": "2024-10-30T18:47:18.544904Z",
            "yes_price": 26,
            "no_price": 74,
            "taker_side": "no"
        },
        {
            "trade_id": "d1a925e5-d52c-4802-9306-87911d789715",
            "ticker": "KXHIGHCHI-24OCT30-B79.5",
            "count": 8,
            "created_time": "2024-10-30T18:46:20.126107Z",
            "yes_price": 32,
            "no_price": 68,
            "taker_side": "yes"
        },
        {
            "trade_id": "09e74b5e-67f0-4f23-9ce0-15ef45ee902a",
            "ticker": "KXHIGHCHI-24OCT30-B79.5",
            "count": 23,
            "created_time": "2024-10-30T18:45:27.977959Z",
            "yes_price": 32,
            "no_price": 68,
            "taker_side": "yes"
        },
        {
            "trade_id": "8e53e775-accf-4f12-9bb6-60737e00bdde",
            "ticker": "KXHIGHCHI-24OCT30-B79.5",
            "count": 22,
            "created_time": "2024-10-30T18:45:27.910868Z",
            "yes_price": 32,
            "no_price": 68,
            "taker_side": "yes"
        },
        {
            "trade_id": "9b75525c-0d9f-49b1-88f4-a436a6769e12",
            "ticker": "KXHIGHCHI-24OCT30-B79.5",
            "count": 22,
            "created_time": "2024-10-30T18:45:27.806353Z",
            "yes_price": 32,
            "no_price": 68,
            "taker_side": "yes"
        },
        {
            "trade_id": "07ea8c22-5004-480b-80bb-6e5c6b1635c5",
            "ticker": "KXHIGHCHI-24OCT30-B79.5",
            "count": 57,
            "created_time": "2024-10-30T18:45:27.786394Z",
            "yes_price": 30,
            "no_price": 70,
            "taker_side": "no"
        },
        {
            "trade_id": "319dda87-a45e-4d9b-bcb1-d2724f01d525",
            "ticker": "KXHIGHCHI-24OCT30-B79.5",
            "count": 10,
            "created_time": "2024-10-30T18:45:27.77526Z",
            "yes_price": 30,
            "no_price": 70,
            "taker_side": "no"
        },
        {
            "trade_id": "5b4f88b4-7c60-487a-babd-9eeaee77fc08",
            "ticker": "KXHIGHCHI-24OCT30-B79.5",
            "count": 20,
            "created_time": "2024-10-30T18:45:27.754803Z",
            "yes_price": 44,
            "no_price": 56,
            "taker_side": "no"
        },
        {
            "trade_id": "5216d475-b193-4bd0-840b-0edb223cbdb1",
            "ticker": "KXHIGHCHI-24OCT30-B79.5",
            "count": 22,
            "created_time": "2024-10-30T18:45:27.745165Z",
            "yes_price": 45,
            "no_price": 55,
            "taker_side": "no"
        },
        {
            "trade_id": "9e24b7c7-4b1a-4609-8581-c3e613e6b6d1",
            "ticker": "KXHIGHCHI-24OCT30-B79.5",
            "count": 10,
            "created_time": "2024-10-30T18:38:35.73604Z",
            "yes_price": 72,
            "no_price": 28,
            "taker_side": "no"
        },
        {
            "trade_id": "5c3f9d37-ba66-4993-80c4-b228d17e0572",
            "ticker": "KXHIGHCHI-24OCT30-B79.5",
            "count": 1,
            "created_time": "2024-10-30T18:21:36.06468Z",
            "yes_price": 83,
            "no_price": 17,
            "taker_side": "yes"
        },
        {
            "trade_id": "de72ac51-0e88-4b2b-8efd-c42ea3fa3356",
            "ticker": "KXHIGHCHI-24OCT30-B79.5",
            "count": 45,
            "created_time": "2024-10-30T18:13:00.87837Z",
            "yes_price": 84,
            "no_price": 16,
            "taker_side": "yes"
        },
        {
            "trade_id": "43226980-49d1-4938-8459-14d4cc1b1c31",
            "ticker": "KXHIGHCHI-24OCT30-B79.5",
            "count": 14,
            "created_time": "2024-10-30T18:13:00.87837Z",
            "yes_price": 83,
            "no_price": 17,
            "taker_side": "yes"
        },
        {
            "trade_id": "42f154ce-e4aa-41aa-ada0-fc0d0373bdba",
            "ticker": "KXHIGHCHI-24OCT30-B79.5",
            "count": 21,
            "created_time": "2024-10-30T18:11:31.587295Z",
            "yes_price": 73,
            "no_price": 27,
            "taker_side": "no"
        },
        {
            "trade_id": "f4c9abb0-abdd-4f1d-8a9e-70611e7e61cd",
            "ticker": "KXHIGHCHI-24OCT30-B79.5",
            "count": 5,
            "created_time": "2024-10-30T17:58:48.113269Z",
            "yes_price": 83,
            "no_price": 17,
            "taker_side": "yes"
        },
        {
            "trade_id": "a64ecad4-7b76-43b1-b003-92e345204670",
            "ticker": "KXHIGHCHI-24OCT30-B79.5",
            "count": 137,
            "created_time": "2024-10-30T17:58:48.113269Z",
            "yes_price": 84,
            "no_price": 16,
            "taker_side": "yes"
        },
        {
            "trade_id": "cbc7fa37-88d8-4f60-aa04-79d8c23ab995",
            "ticker": "KXHIGHCHI-24OCT30-B79.5",
            "count": 32,
            "created_time": "2024-10-30T17:53:15.724782Z",
            "yes_price": 82,
            "no_price": 18,
            "taker_side": "yes"
        },
        {
            "trade_id": "92dd562b-7f85-4f88-b1f8-b2ef1b6137c6",
            "ticker": "KXHIGHCHI-24OCT30-B79.5",
            "count": 88,
            "created_time": "2024-10-30T17:53:15.724782Z",
            "yes_price": 82,
            "no_price": 18,
            "taker_side": "yes"
        },
        {
            "trade_id": "25875753-5a97-4ec1-b362-6f369de1845b",
            "ticker": "KXHIGHCHI-24OCT30-B79.5",
            "count": 11,
            "created_time": "2024-10-30T17:52:48.180298Z",
            "yes_price": 74,
            "no_price": 26,
            "taker_side": "no"
        },
        {
            "trade_id": "c6d0f4ef-374d-44fc-a034-61fabb7cb16e",
            "ticker": "KXHIGHCHI-24OCT30-B79.5",
            "count": 12,
            "created_time": "2024-10-30T17:45:41.82881Z",
            "yes_price": 82,
            "no_price": 18,
            "taker_side": "yes"
        },
        {
            "trade_id": "4229a535-dd64-4f40-95ae-866ae9b0338c",
            "ticker": "KXHIGHCHI-24OCT30-B79.5",
            "count": 10,
            "created_time": "2024-10-30T17:34:33.906345Z",
            "yes_price": 78,
            "no_price": 22,
            "taker_side": "no"
        },
        {
            "trade_id": "863eaf94-fa3f-46af-8fc2-dff7e0a85592",
            "ticker": "KXHIGHCHI-24OCT30-B79.5",
            "count": 36,
            "created_time": "2024-10-30T17:30:13.973042Z",
            "yes_price": 76,
            "no_price": 24,
            "taker_side": "yes"
        },
        {
            "trade_id": "3d087184-0750-4eb6-9b8d-e11cbb99ab75",
            "ticker": "KXHIGHCHI-24OCT30-B79.5",
            "count": 15,
            "created_time": "2024-10-30T17:30:13.973042Z",
            "yes_price": 84,
            "no_price": 16,
            "taker_side": "yes"
        },
        {
            "trade_id": "2e9c4387-c19d-4ff8-95c8-7002f88c046a",
            "ticker": "KXHIGHCHI-24OCT30-B79.5",
            "count": 41,
            "created_time": "2024-10-30T17:30:13.973042Z",
            "yes_price": 81,
            "no_price": 19,
            "taker_side": "yes"
        },
        {
            "trade_id": "e8b8b93e-1b11-4174-b9db-bd61cd1c13ca",
            "ticker": "KXHIGHCHI-24OCT30-B79.5",
            "count": 90,
            "created_time": "2024-10-30T17:29:39.209432Z",
            "yes_price": 84,
            "no_price": 16,
            "taker_side": "yes"
        },
        {
            "trade_id": "9702bacf-b501-4725-aa09-95cda631be40",
            "ticker": "KXHIGHCHI-24OCT30-B79.5",
            "count": 83,
            "created_time": "2024-10-30T17:29:39.209432Z",
            "yes_price": 71,
            "no_price": 29,
            "taker_side": "yes"
        },
        {
            "trade_id": "7796698a-3b01-46aa-9b25-ab095f9af2cd",
            "ticker": "KXHIGHCHI-24OCT30-B79.5",
            "count": 66,
            "created_time": "2024-10-30T17:29:39.209432Z",
            "yes_price": 72,
            "no_price": 28,
            "taker_side": "yes"
        },
        {
            "trade_id": "5355d342-133a-4233-b667-ebb5d796a9fc",
            "ticker": "KXHIGHCHI-24OCT30-B79.5",
            "count": 40,
            "created_time": "2024-10-30T17:29:39.209432Z",
            "yes_price": 74,
            "no_price": 26,
            "taker_side": "yes"
        },
        {
            "trade_id": "01b2f481-a8bb-475a-87d7-8a8264cccd9a",
            "ticker": "KXHIGHCHI-24OCT30-B79.5",
            "count": 10,
            "created_time": "2024-10-30T17:29:39.209432Z",
            "yes_price": 72,
            "no_price": 28,
            "taker_side": "yes"
        },
        {
            "trade_id": "f4a6a911-9a6c-4bfc-a063-b7d46a643c7d",
            "ticker": "KXHIGHCHI-24OCT30-B79.5",
            "count": 200,
            "created_time": "2024-10-30T17:13:02.932829Z",
            "yes_price": 68,
            "no_price": 32,
            "taker_side": "no"
        },
        {
            "trade_id": "bdcef38f-5771-45cc-b73c-f8e14d04c545",
            "ticker": "KXHIGHCHI-24OCT30-B79.5",
            "count": 25,
            "created_time": "2024-10-30T17:13:02.932829Z",
            "yes_price": 46,
            "no_price": 54,
            "taker_side": "no"
        },
        {
            "trade_id": "ae4f6434-6ede-4a3a-97f2-074691883ffd",
            "ticker": "KXHIGHCHI-24OCT30-B79.5",
            "count": 20,
            "created_time": "2024-10-30T17:13:02.932829Z",
            "yes_price": 66,
            "no_price": 34,
            "taker_side": "no"
        },
        {
            "trade_id": "9a7b66c5-dd19-4788-b043-1b84f152b3d5",
            "ticker": "KXHIGHCHI-24OCT30-B79.5",
            "count": 10,
            "created_time": "2024-10-30T17:13:02.932829Z",
            "yes_price": 55,
            "no_price": 45,
            "taker_side": "no"
        },
        {
            "trade_id": "91a482b3-7ac3-4bae-b018-56f9605eed2f",
            "ticker": "KXHIGHCHI-24OCT30-B79.5",
            "count": 10,
            "created_time": "2024-10-30T17:13:02.932829Z",
            "yes_price": 70,
            "no_price": 30,
            "taker_side": "no"
        },
        {
            "trade_id": "54b10869-d738-4240-8a61-fbc15474f530",
            "ticker": "KXHIGHCHI-24OCT30-B79.5",
            "count": 12,
            "created_time": "2024-10-30T17:13:02.932829Z",
            "yes_price": 71,
            "no_price": 29,
            "taker_side": "no"
        },
        {
            "trade_id": "a828c29a-dba7-4364-8b61-ca710ffe88cb",
            "ticker": "KXHIGHCHI-24OCT30-B79.5",
            "count": 2,
            "created_time": "2024-10-30T16:37:23.327621Z",
            "yes_price": 74,
            "no_price": 26,
            "taker_side": "yes"
        },
        {
            "trade_id": "d345061a-797d-49b2-b1ee-58d4e70a5b33",
            "ticker": "KXHIGHCHI-24OCT30-B79.5",
            "count": 8,
            "created_time": "2024-10-30T16:29:42.992785Z",
            "yes_price": 71,
            "no_price": 29,
            "taker_side": "yes"
        },
        {
            "trade_id": "653e458a-20e1-4757-bd9b-f28c7bfe1a96",
            "ticker": "KXHIGHCHI-24OCT30-B79.5",
            "count": 10,
            "created_time": "2024-10-30T16:29:42.992785Z",
            "yes_price": 70,
            "no_price": 30,
            "taker_side": "yes"
        },
        {
            "trade_id": "4d2eb0fa-648e-4f47-bafa-931ea0b243fc",
            "ticker": "KXHIGHCHI-24OCT30-B79.5",
            "count": 1,
            "created_time": "2024-10-30T16:29:42.992785Z",
            "yes_price": 75,
            "no_price": 25,
            "taker_side": "yes"
        },
        {
            "trade_id": "a4fd7997-69be-497e-94a3-dbd83408184e",
            "ticker": "KXHIGHCHI-24OCT30-B79.5",
            "count": 10,
            "created_time": "2024-10-30T16:26:32.729018Z",
            "yes_price": 71,
            "no_price": 29,
            "taker_side": "yes"
        },
        {
            "trade_id": "d0a3b7b9-639e-410c-b218-cccbbf0a675f",
            "ticker": "KXHIGHCHI-24OCT30-B79.5",
            "count": 18,
            "created_time": "2024-10-30T16:23:52.679089Z",
            "yes_price": 63,
            "no_price": 37,
            "taker_side": "yes"
        },
        {
            "trade_id": "b41dc83d-de48-4903-957e-4337cbc584ac",
            "ticker": "KXHIGHCHI-24OCT30-B79.5",
            "count": 10,
            "created_time": "2024-10-30T16:23:52.679089Z",
            "yes_price": 65,
            "no_price": 35,
            "taker_side": "yes"
        },
        {
            "trade_id": "6a2a3361-391b-4c33-8891-1b647be56416",
            "ticker": "KXHIGHCHI-24OCT30-B79.5",
            "count": 273,
            "created_time": "2024-10-30T16:23:52.679089Z",
            "yes_price": 71,
            "no_price": 29,
            "taker_side": "yes"
        },
        {
            "trade_id": "50667621-dccf-4186-b58a-967861bb287e",
            "ticker": "KXHIGHCHI-24OCT30-B79.5",
            "count": 20,
            "created_time": "2024-10-30T16:23:52.679089Z",
            "yes_price": 64,
            "no_price": 36,
            "taker_side": "yes"
        },
        {
            "trade_id": "506b8c81-50d9-4a08-b897-f30b21bd5ccf",
            "ticker": "KXHIGHCHI-24OCT30-B79.5",
            "count": 10,
            "created_time": "2024-10-30T16:18:26.913454Z",
            "yes_price": 57,
            "no_price": 43,
            "taker_side": "no"
        },
        {
            "trade_id": "94c383ef-d821-4e6a-84af-5f58ac9a1953",
            "ticker": "KXHIGHCHI-24OCT30-B79.5",
            "count": 7,
            "created_time": "2024-10-30T16:03:17.606341Z",
            "yes_price": 68,
            "no_price": 32,
            "taker_side": "yes"
        },
        {
            "trade_id": "3f1ff4fd-4e13-4827-9fd5-4106114e1f44",
            "ticker": "KXHIGHCHI-24OCT30-B79.5",
            "count": 10,
            "created_time": "2024-10-30T16:00:54.303741Z",
            "yes_price": 60,
            "no_price": 40,
            "taker_side": "no"
        },
        {
            "trade_id": "3cdbe939-7935-4852-ae6a-94284652283d",
            "ticker": "KXHIGHCHI-24OCT30-B79.5",
            "count": 6,
            "created_time": "2024-10-30T15:53:30.988594Z",
            "yes_price": 52,
            "no_price": 48,
            "taker_side": "yes"
        },
        {
            "trade_id": "2dfc325c-c6da-4ad4-9166-e09fa317c372",
            "ticker": "KXHIGHCHI-24OCT30-B79.5",
            "count": 4,
            "created_time": "2024-10-30T15:51:28.443842Z",
            "yes_price": 52,
            "no_price": 48,
            "taker_side": "no"
        },
        {
            "trade_id": "19d3d12f-939e-40fd-ae4d-16f7ac024e5a",
            "ticker": "KXHIGHCHI-24OCT30-B79.5",
            "count": 10,
            "created_time": "2024-10-30T15:51:28.425456Z",
            "yes_price": 52,
            "no_price": 48,
            "taker_side": "no"
        },
        {
            "trade_id": "9864b095-1ca2-4d35-aa92-453e9b9b77d7",
            "ticker": "KXHIGHCHI-24OCT30-B79.5",
            "count": 20,
            "created_time": "2024-10-30T15:38:12.870915Z",
            "yes_price": 54,
            "no_price": 46,
            "taker_side": "no"
        },
        {
            "trade_id": "a7fbb771-2c4e-4ba4-937c-e67eebf3d218",
            "ticker": "KXHIGHCHI-24OCT30-B79.5",
            "count": 150,
            "created_time": "2024-10-30T15:32:34.338987Z",
            "yes_price": 67,
            "no_price": 33,
            "taker_side": "no"
        },
        {
            "trade_id": "153c3b96-69ff-44c4-8d16-c91df3191a31",
            "ticker": "KXHIGHCHI-24OCT30-B79.5",
            "count": 14,
            "created_time": "2024-10-30T15:27:39.495772Z",
            "yes_price": 68,
            "no_price": 32,
            "taker_side": "yes"
        },
        {
            "trade_id": "d8a3cb42-ef7c-4f4e-89ed-3f7a8477dcaa",
            "ticker": "KXHIGHCHI-24OCT30-B79.5",
            "count": 2,
            "created_time": "2024-10-30T15:10:29.785971Z",
            "yes_price": 52,
            "no_price": 48,
            "taker_side": "no"
        },
        {
            "trade_id": "5f7ee916-a2e3-4200-97d4-f3f08d88c569",
            "ticker": "KXHIGHCHI-24OCT30-B79.5",
            "count": 10,
            "created_time": "2024-10-30T15:09:25.675771Z",
            "yes_price": 52,
            "no_price": 48,
            "taker_side": "no"
        },
        {
            "trade_id": "5cd2061e-1d88-4815-a4ff-95c3fc24ae4f",
            "ticker": "KXHIGHCHI-24OCT30-B79.5",
            "count": 17,
            "created_time": "2024-10-30T15:02:48.884347Z",
            "yes_price": 68,
            "no_price": 32,
            "taker_side": "yes"
        },
        {
            "trade_id": "497d09b5-903b-490f-a9b7-2c0c9cd96913",
            "ticker": "KXHIGHCHI-24OCT30-B79.5",
            "count": 15,
            "created_time": "2024-10-30T14:53:16.244826Z",
            "yes_price": 50,
            "no_price": 50,
            "taker_side": "no"
        },
        {
            "trade_id": "f1ea992e-bca8-4c7a-8dda-bfe305d20f91",
            "ticker": "KXHIGHCHI-24OCT30-B79.5",
            "count": 10,
            "created_time": "2024-10-30T14:48:11.086736Z",
            "yes_price": 50,
            "no_price": 50,
            "taker_side": "no"
        },
        {
            "trade_id": "3e3ad39f-95b3-40ed-8ea5-2b299009a3b4",
            "ticker": "KXHIGHCHI-24OCT30-B79.5",
            "count": 10,
            "created_time": "2024-10-30T14:26:52.657898Z",
            "yes_price": 50,
            "no_price": 50,
            "taker_side": "no"
        },
        {
            "trade_id": "50781139-c4dd-4701-aaf8-d7b548dfcbce",
            "ticker": "KXHIGHCHI-24OCT30-B79.5",
            "count": 58,
            "created_time": "2024-10-30T14:13:43.32069Z",
            "yes_price": 50,
            "no_price": 50,
            "taker_side": "no"
        },
        {
            "trade_id": "3c151967-e9da-4123-81e9-ccf4d2b9ddbb",
            "ticker": "KXHIGHCHI-24OCT30-B79.5",
            "count": 14,
            "created_time": "2024-10-30T14:13:43.32069Z",
            "yes_price": 50,
            "no_price": 50,
            "taker_side": "no"
        },
        {
            "trade_id": "9da8c571-6959-4bd2-87c7-f69c55ed5f62",
            "ticker": "KXHIGHCHI-24OCT30-B79.5",
            "count": 50,
            "created_time": "2024-10-30T14:03:03.514399Z",
            "yes_price": 50,
            "no_price": 50,
            "taker_side": "no"
        },
        {
            "trade_id": "568ff060-9d79-4809-b3ae-672f1f429605",
            "ticker": "KXHIGHCHI-24OCT30-B79.5",
            "count": 15,
            "created_time": "2024-10-30T13:56:19.212111Z",
            "yes_price": 51,
            "no_price": 49,
            "taker_side": "no"
        },
        {
            "trade_id": "5fbe91ca-e15d-4876-a19f-7ac0e8543b35",
            "ticker": "KXHIGHCHI-24OCT30-B79.5",
            "count": 10,
            "created_time": "2024-10-30T13:41:19.990041Z",
            "yes_price": 51,
            "no_price": 49,
            "taker_side": "no"
        },
        {
            "trade_id": "e7db91d3-37b3-4e89-968d-61b24cd891d6",
            "ticker": "KXHIGHCHI-24OCT30-B79.5",
            "count": 13,
            "created_time": "2024-10-30T13:36:43.983699Z",
            "yes_price": 70,
            "no_price": 30,
            "taker_side": "yes"
        },
        {
            "trade_id": "2a050966-e739-413f-94b9-4c6210082e37",
            "ticker": "KXHIGHCHI-24OCT30-B79.5",
            "count": 14,
            "created_time": "2024-10-30T13:32:28.79483Z",
            "yes_price": 69,
            "no_price": 31,
            "taker_side": "yes"
        },
        {
            "trade_id": "c934c4b1-198e-45d1-8644-ad739ebebab1",
            "ticker": "KXHIGHCHI-24OCT30-B79.5",
            "count": 9,
            "created_time": "2024-10-30T13:31:26.29646Z",
            "yes_price": 70,
            "no_price": 30,
            "taker_side": "no"
        },
        {
            "trade_id": "a1ff4557-694d-4735-af44-10f2a014f99b",
            "ticker": "KXHIGHCHI-24OCT30-B79.5",
            "count": 1,
            "created_time": "2024-10-30T13:31:19.135124Z",
            "yes_price": 70,
            "no_price": 30,
            "taker_side": "no"
        },
        {
            "trade_id": "9c8c1261-7aab-4912-a252-818f212a5fc9",
            "ticker": "KXHIGHCHI-24OCT30-B79.5",
            "count": 40,
            "created_time": "2024-10-30T13:31:18.852419Z",
            "yes_price": 70,
            "no_price": 30,
            "taker_side": "yes"
        },
        {
            "trade_id": "69bcdfdc-ce4e-4304-9de5-e73e51fba9ce",
            "ticker": "KXHIGHCHI-24OCT30-B79.5",
            "count": 6,
            "created_time": "2024-10-30T13:30:09.425294Z",
            "yes_price": 70,
            "no_price": 30,
            "taker_side": "yes"
        },
        {
            "trade_id": "18abc01d-f451-4b83-8920-9c9f00bea972",
            "ticker": "KXHIGHCHI-24OCT30-B79.5",
            "count": 15,
            "created_time": "2024-10-30T13:26:18.723604Z",
            "yes_price": 69,
            "no_price": 31,
            "taker_side": "no"
        },
        {
            "trade_id": "44b54d7d-24a5-4f05-be30-9f2a2ce8891a",
            "ticker": "KXHIGHCHI-24OCT30-B79.5",
            "count": 1,
            "created_time": "2024-10-30T13:26:18.302394Z",
            "yes_price": 69,
            "no_price": 31,
            "taker_side": "no"
        },
        {
            "trade_id": "16c7bef2-862c-4ccc-aad9-afbe43cc36da",
            "ticker": "KXHIGHCHI-24OCT30-B79.5",
            "count": 3,
            "created_time": "2024-10-30T13:26:18.070763Z",
            "yes_price": 69,
            "no_price": 31,
            "taker_side": "no"
        },
        {
            "trade_id": "b7a1b9ea-b290-4e16-885f-3ce75a0bba5a",
            "ticker": "KXHIGHCHI-24OCT30-B79.5",
            "count": 31,
            "created_time": "2024-10-30T13:26:17.990291Z",
            "yes_price": 69,
            "no_price": 31,
            "taker_side": "yes"
        },
        {
            "trade_id": "6eeb3376-c523-44da-a8a3-188efdbae515",
            "ticker": "KXHIGHCHI-24OCT30-B79.5",
            "count": 5,
            "created_time": "2024-10-30T13:20:11.248995Z",
            "yes_price": 59,
            "no_price": 41,
            "taker_side": "no"
        },
        {
            "trade_id": "63ee1440-b0d0-4217-8e5f-54700fbe4a3e",
            "ticker": "KXHIGHCHI-24OCT30-B79.5",
            "count": 8,
            "created_time": "2024-10-30T13:19:49.984064Z",
            "yes_price": 60,
            "no_price": 40,
            "taker_side": "no"
        },
        {
            "trade_id": "38d7e95e-337b-4ec9-8dfc-3026890422f1",
            "ticker": "KXHIGHCHI-24OCT30-B79.5",
            "count": 1,
            "created_time": "2024-10-30T13:19:49.764352Z",
            "yes_price": 60,
            "no_price": 40,
            "taker_side": "no"
        },
        {
            "trade_id": "3f0623b5-0e63-4ee2-9006-21ad207a1f78",
            "ticker": "KXHIGHCHI-24OCT30-B79.5",
            "count": 5,
            "created_time": "2024-10-30T13:19:49.618796Z",
            "yes_price": 60,
            "no_price": 40,
            "taker_side": "no"
        },
        {
            "trade_id": "a3cf4939-1505-4735-8789-8bcffbc8dc59",
            "ticker": "KXHIGHCHI-24OCT30-B79.5",
            "count": 3,
            "created_time": "2024-10-30T13:17:38.560194Z",
            "yes_price": 70,
            "no_price": 30,
            "taker_side": "yes"
        },
        {
            "trade_id": "5afe173e-32c6-4846-aedc-abc3d064a473",
            "ticker": "KXHIGHCHI-24OCT30-B79.5",
            "count": 8,
            "created_time": "2024-10-30T13:15:32.119939Z",
            "yes_price": 60,
            "no_price": 40,
            "taker_side": "no"
        },
        {
            "trade_id": "944cd8b4-f4bd-4ec0-81b0-85e1eebb1f75",
            "ticker": "KXHIGHCHI-24OCT30-B79.5",
            "count": 5,
            "created_time": "2024-10-30T13:15:07.434316Z",
            "yes_price": 60,
            "no_price": 40,
            "taker_side": "no"
        },
        {
            "trade_id": "dbdb100f-b056-4fd8-84fb-04099a1e352d",
            "ticker": "KXHIGHCHI-24OCT30-B79.5",
            "count": 9,
            "created_time": "2024-10-30T13:02:49.070555Z",
            "yes_price": 71,
            "no_price": 29,
            "taker_side": "yes"
        },
        {
            "trade_id": "8f59a7ec-93dc-4432-8783-af98473f3f1f",
            "ticker": "KXHIGHCHI-24OCT30-B79.5",
            "count": 19,
            "created_time": "2024-10-30T13:02:49.070555Z",
            "yes_price": 65,
            "no_price": 35,
            "taker_side": "yes"
        },
        {
            "trade_id": "72ac0366-6f91-4476-87e4-518439b2966e",
            "ticker": "KXHIGHCHI-24OCT30-B79.5",
            "count": 10,
            "created_time": "2024-10-30T13:02:49.070555Z",
            "yes_price": 64,
            "no_price": 36,
            "taker_side": "yes"
        },
        {
            "trade_id": "68777f8d-df77-40d8-b737-1088bc6beb92",
            "ticker": "KXHIGHCHI-24OCT30-B79.5",
            "count": 20,
            "created_time": "2024-10-30T13:02:49.070555Z",
            "yes_price": 69,
            "no_price": 31,
            "taker_side": "yes"
        },
        {
            "trade_id": "fe6f746b-86d6-4e85-a502-ee74a4d785d1",
            "ticker": "KXHIGHCHI-24OCT30-B79.5",
            "count": 5,
            "created_time": "2024-10-30T12:58:53.202903Z",
            "yes_price": 59,
            "no_price": 41,
            "taker_side": "yes"
        },
        {
            "trade_id": "942c09e5-de40-4c07-a862-b89c8cf5bfcf",
            "ticker": "KXHIGHCHI-24OCT30-B79.5",
            "count": 5,
            "created_time": "2024-10-30T12:35:59.654375Z",
            "yes_price": 61,
            "no_price": 39,
            "taker_side": "yes"
        },
        {
            "trade_id": "7ab4f5d0-d50e-454d-9fcc-60e645f313a4",
            "ticker": "KXHIGHCHI-24OCT30-B79.5",
            "count": 26,
            "created_time": "2024-10-30T12:34:48.871272Z",
            "yes_price": 26,
            "no_price": 74,
            "taker_side": "no"
        },
        {
            "trade_id": "476c89d4-0909-4fd2-ab23-c9b101d4d143",
            "ticker": "KXHIGHCHI-24OCT30-B79.5",
            "count": 14,
            "created_time": "2024-10-30T12:25:30.290593Z",
            "yes_price": 54,
            "no_price": 46,
            "taker_side": "no"
        },
        {
            "trade_id": "a45e654e-1f6f-476e-82a8-c92b57c0e076",
            "ticker": "KXHIGHCHI-24OCT30-B79.5",
            "count": 2,
            "created_time": "2024-10-30T12:24:19.41381Z",
            "yes_price": 54,
            "no_price": 46,
            "taker_side": "no"
        },
        {
            "trade_id": "abf25832-6e1e-4598-89ee-4f3b8ac612a2",
            "ticker": "KXHIGHCHI-24OCT30-B79.5",
            "count": 2,
            "created_time": "2024-10-30T12:23:29.270654Z",
            "yes_price": 54,
            "no_price": 46,
            "taker_side": "no"
        },
        {
            "trade_id": "8333d53c-6e73-445e-8afc-756bc4063200",
            "ticker": "KXHIGHCHI-24OCT30-B79.5",
            "count": 5,
            "created_time": "2024-10-30T12:11:55.106434Z",
            "yes_price": 49,
            "no_price": 51,
            "taker_side": "no"
        },
        {
            "trade_id": "ec8cde7f-e215-407b-a719-5568ac76452d",
            "ticker": "KXHIGHCHI-24OCT30-B79.5",
            "count": 5,
            "created_time": "2024-10-30T12:11:54.946707Z",
            "yes_price": 50,
            "no_price": 50,
            "taker_side": "no"
        },
        {
            "trade_id": "c5c6c53a-0505-4527-b24f-8f2a56c691e3",
            "ticker": "KXHIGHCHI-24OCT30-B79.5",
            "count": 1,
            "created_time": "2024-10-30T12:05:46.570246Z",
            "yes_price": 63,
            "no_price": 37,
            "taker_side": "yes"
        },
        {
            "trade_id": "39699bfa-85eb-4c8b-b632-4d4292216109",
            "ticker": "KXHIGHCHI-24OCT30-B79.5",
            "count": 2,
            "created_time": "2024-10-30T12:05:46.570246Z",
            "yes_price": 64,
            "no_price": 36,
            "taker_side": "yes"
        },
        {
            "trade_id": "f50fdfbb-cc4b-4a11-96b6-2fe5eda56075",
            "ticker": "KXHIGHCHI-24OCT30-B79.5",
            "count": 1,
            "created_time": "2024-10-30T12:03:55.647873Z",
            "yes_price": 64,
            "no_price": 36,
            "taker_side": "yes"
        },
        {
            "trade_id": "9da974b0-ab94-4388-97b8-e08321f4dbf1",
            "ticker": "KXHIGHCHI-24OCT30-B79.5",
            "count": 11,
            "created_time": "2024-10-30T12:03:55.647873Z",
            "yes_price": 63,
            "no_price": 37,
            "taker_side": "yes"
        },
        {
            "trade_id": "5c27a1a2-2184-4096-b7a4-2d19166979fb",
            "ticker": "KXHIGHCHI-24OCT30-B79.5",
            "count": 1,
            "created_time": "2024-10-30T12:03:55.647873Z",
            "yes_price": 64,
            "no_price": 36,
            "taker_side": "yes"
        },
        {
            "trade_id": "cde95d89-3bdb-48fe-bcd6-fd15b4c1c7c7",
            "ticker": "KXHIGHCHI-24OCT30-B79.5",
            "count": 5,
            "created_time": "2024-10-30T06:53:43.120211Z",
            "yes_price": 60,
            "no_price": 40,
            "taker_side": "yes"
        },
        {
            "trade_id": "7088d464-3a54-4200-a134-d457e46789f8",
            "ticker": "KXHIGHCHI-24OCT30-B79.5",
            "count": 11,
            "created_time": "2024-10-30T06:53:43.120211Z",
            "yes_price": 61,
            "no_price": 39,
            "taker_side": "yes"
        },
        {
            "trade_id": "bdff29b4-6648-48d5-a32d-d9ed47068bee",
            "ticker": "KXHIGHCHI-24OCT30-B79.5",
            "count": 5,
            "created_time": "2024-10-30T06:13:08.923288Z",
            "yes_price": 45,
            "no_price": 55,
            "taker_side": "no"
        },
        {
            "trade_id": "c8997d33-b8ce-46f6-9046-0518d44e0007",
            "ticker": "KXHIGHCHI-24OCT30-B79.5",
            "count": 20,
            "created_time": "2024-10-30T05:25:20.754369Z",
            "yes_price": 60,
            "no_price": 40,
            "taker_side": "yes"
        },
        {
            "trade_id": "5f983b8a-02bf-4a83-bd97-af8be8733166",
            "ticker": "KXHIGHCHI-24OCT30-B79.5",
            "count": 22,
            "created_time": "2024-10-30T04:50:03.590642Z",
            "yes_price": 37,
            "no_price": 63,
            "taker_side": "no"
        },
        {
            "trade_id": "3caac213-602f-4747-bdec-2417adebdf14",
            "ticker": "KXHIGHCHI-24OCT30-B79.5",
            "count": 16,
            "created_time": "2024-10-30T04:49:51.71328Z",
            "yes_price": 57,
            "no_price": 43,
            "taker_side": "yes"
        },
        {
            "trade_id": "07d67ad2-345f-46df-b0dd-158cfdf2d423",
            "ticker": "KXHIGHCHI-24OCT30-B79.5",
            "count": 1,
            "created_time": "2024-10-30T04:31:48.790398Z",
            "yes_price": 35,
            "no_price": 65,
            "taker_side": "no"
        },
        {
            "trade_id": "f702a111-66fd-4256-a538-eb4601b2be53",
            "ticker": "KXHIGHCHI-24OCT30-B79.5",
            "count": 3,
            "created_time": "2024-10-30T04:31:33.329154Z",
            "yes_price": 23,
            "no_price": 77,
            "taker_side": "no"
        },
        {
            "trade_id": "643b2560-5127-4a01-bcc8-fac9dc4aeba8",
            "ticker": "KXHIGHCHI-24OCT30-B79.5",
            "count": 5,
            "created_time": "2024-10-30T04:31:24.25705Z",
            "yes_price": 23,
            "no_price": 77,
            "taker_side": "no"
        },
        {
            "trade_id": "56e1c24a-d643-4123-8d91-38ac692e19ce",
            "ticker": "KXHIGHCHI-24OCT30-B79.5",
            "count": 18,
            "created_time": "2024-10-30T04:31:24.238568Z",
            "yes_price": 23,
            "no_price": 77,
            "taker_side": "no"
        },
        {
            "trade_id": "7f3cd93e-10a5-4e35-b340-b0bfea696a98",
            "ticker": "KXHIGHCHI-24OCT30-B79.5",
            "count": 5,
            "created_time": "2024-10-30T04:10:14.857638Z",
            "yes_price": 51,
            "no_price": 49,
            "taker_side": "yes"
        },
        {
            "trade_id": "866ebd33-d230-45a1-9214-f2110c93ea9f",
            "ticker": "KXHIGHCHI-24OCT30-B79.5",
            "count": 10,
            "created_time": "2024-10-30T04:07:53.969517Z",
            "yes_price": 52,
            "no_price": 48,
            "taker_side": "yes"
        },
        {
            "trade_id": "4a663772-3620-4caf-aac2-67d7135a89dc",
            "ticker": "KXHIGHCHI-24OCT30-B79.5",
            "count": 6,
            "created_time": "2024-10-30T04:07:40.71689Z",
            "yes_price": 51,
            "no_price": 49,
            "taker_side": "yes"
        },
        {
            "trade_id": "102b0acc-02bb-4f14-b45a-cc9576ec613d",
            "ticker": "KXHIGHCHI-24OCT30-B79.5",
            "count": 45,
            "created_time": "2024-10-30T03:29:09.60894Z",
            "yes_price": 35,
            "no_price": 65,
            "taker_side": "yes"
        },
        {
            "trade_id": "bf9e1ab3-9fd5-40e3-832a-3f896c632604",
            "ticker": "KXHIGHCHI-24OCT30-B79.5",
            "count": 50,
            "created_time": "2024-10-30T03:28:10.511802Z",
            "yes_price": 34,
            "no_price": 66,
            "taker_side": "no"
        },
        {
            "trade_id": "f180bc3e-2b92-4afe-a906-a5d9b0f4bb25",
            "ticker": "KXHIGHCHI-24OCT30-B79.5",
            "count": 5,
            "created_time": "2024-10-30T03:23:13.781321Z",
            "yes_price": 35,
            "no_price": 65,
            "taker_side": "no"
        },
        {
            "trade_id": "7a597f4b-aae0-4322-8b98-2739f12d5da3",
            "ticker": "KXHIGHCHI-24OCT30-B79.5",
            "count": 10,
            "created_time": "2024-10-30T03:20:10.910536Z",
            "yes_price": 42,
            "no_price": 58,
            "taker_side": "yes"
        },
        {
            "trade_id": "edc2d7b2-afbf-447d-9086-3eda2afe01ff",
            "ticker": "KXHIGHCHI-24OCT30-B79.5",
            "count": 50,
            "created_time": "2024-10-30T03:18:16.093731Z",
            "yes_price": 36,
            "no_price": 64,
            "taker_side": "no"
        },
        {
            "trade_id": "19a481bd-fd43-4a60-8ab1-5ac7f4fd4385",
            "ticker": "KXHIGHCHI-24OCT30-B79.5",
            "count": 300,
            "created_time": "2024-10-30T03:18:16.093731Z",
            "yes_price": 35,
            "no_price": 65,
            "taker_side": "no"
        },
        {
            "trade_id": "cd5b7107-f446-4d4b-aa50-384d88260128",
            "ticker": "KXHIGHCHI-24OCT30-B79.5",
            "count": 50,
            "created_time": "2024-10-30T03:18:08.788161Z",
            "yes_price": 36,
            "no_price": 64,
            "taker_side": "no"
        },
        {
            "trade_id": "002188ec-0340-459f-bf5c-0fc1771c037a",
            "ticker": "KXHIGHCHI-24OCT30-B79.5",
            "count": 22,
            "created_time": "2024-10-30T03:18:08.788161Z",
            "yes_price": 36,
            "no_price": 64,
            "taker_side": "no"
        },
        {
            "trade_id": "40d35054-777b-47d8-97a9-6de7d2827f8d",
            "ticker": "KXHIGHCHI-24OCT30-B79.5",
            "count": 5,
            "created_time": "2024-10-30T03:16:56.1822Z",
            "yes_price": 37,
            "no_price": 63,
            "taker_side": "no"
        },
        {
            "trade_id": "931824d9-9714-47e0-8345-bc62295c54c2",
            "ticker": "KXHIGHCHI-24OCT30-B79.5",
            "count": 1,
            "created_time": "2024-10-30T02:29:05.793076Z",
            "yes_price": 54,
            "no_price": 46,
            "taker_side": "yes"
        },
        {
            "trade_id": "8c72cbd0-9706-438c-b531-d4c90b755afd",
            "ticker": "KXHIGHCHI-24OCT30-B79.5",
            "count": 10,
            "created_time": "2024-10-30T02:02:33.231805Z",
            "yes_price": 79,
            "no_price": 21,
            "taker_side": "yes"
        },
        {
            "trade_id": "70e0af39-63bb-4425-8b38-72d7c3cbf10b",
            "ticker": "KXHIGHCHI-24OCT30-B79.5",
            "count": 5,
            "created_time": "2024-10-30T02:02:33.231805Z",
            "yes_price": 59,
            "no_price": 41,
            "taker_side": "yes"
        },
        {
            "trade_id": "51f8cd49-b763-4d09-a2d5-69dc9127bb99",
            "ticker": "KXHIGHCHI-24OCT30-B79.5",
            "count": 10,
            "created_time": "2024-10-30T02:02:33.231805Z",
            "yes_price": 60,
            "no_price": 40,
            "taker_side": "yes"
        },
        {
            "trade_id": "793b0828-ffc6-40e7-888b-95cec2cd8f0d",
            "ticker": "KXHIGHCHI-24OCT30-B79.5",
            "count": 55,
            "created_time": "2024-10-29T20:06:55.993494Z",
            "yes_price": 36,
            "no_price": 64,
            "taker_side": "no"
        },
        {
            "trade_id": "2ef89058-d6ed-40c0-8560-387f0152ccb8",
            "ticker": "KXHIGHCHI-24OCT30-B79.5",
            "count": 5,
            "created_time": "2024-10-29T20:06:55.993494Z",
            "yes_price": 37,
            "no_price": 63,
            "taker_side": "no"
        },
        {
            "trade_id": "b2dcb08a-665a-4676-a61e-3e05aca30db0",
            "ticker": "KXHIGHCHI-24OCT30-B79.5",
            "count": 1,
            "created_time": "2024-10-29T15:34:45.31131Z",
            "yes_price": 36,
            "no_price": 64,
            "taker_side": "no"
        },
        {
            "trade_id": "f6cb38a7-d249-4383-871a-6315a6cbfcfc",
            "ticker": "KXHIGHCHI-24OCT30-B79.5",
            "count": 22,
            "created_time": "2024-10-29T15:27:42.533184Z",
            "yes_price": 36,
            "no_price": 64,
            "taker_side": "no"
        }
    ],
    "KXHIGHCHI-24OCT30-B81.5": [
        {
            "trade_id": "94a1753a-d757-4f48-b00a-982f672aaed7",
            "ticker": "KXHIGHCHI-24OCT30-B81.5",
            "count": 10,
            "created_time": "2024-10-31T03:56:08.018977Z",
            "yes_price": 99,
            "no_price": 1,
            "taker_side": "no"
        },
        {
            "trade_id": "e5be19cc-f6d0-46b1-8f27-48306f72a545",
            "ticker": "KXHIGHCHI-24OCT30-B81.5",
            "count": 932,
            "created_time": "2024-10-31T03:17:16.83645Z",
            "yes_price": 99,
            "no_price": 1,
            "taker_side": "no"
        },
        {
            "trade_id": "42873495-7473-44c0-af14-6c8872430956",
            "ticker": "KXHIGHCHI-24OCT30-B81.5",
            "count": 1,
            "created_time": "2024-10-31T03:17:16.83645Z",
            "yes_price": 99,
            "no_price": 1,
            "taker_side": "no"
        },
        {
            "trade_id": "aec822da-1597-46f7-b3c7-fe35aed6a75c",
            "ticker": "KXHIGHCHI-24OCT30-B81.5",
            "count": 7,
            "created_time": "2024-10-31T01:53:24.387388Z",
            "yes_price": 99,
            "no_price": 1,
            "taker_side": "no"
        },
        {
            "trade_id": "5fa51d30-26f2-41b5-8217-4fdb413768dc",
            "ticker": "KXHIGHCHI-24OCT30-B81.5",
            "count": 179,
            "created_time": "2024-10-31T01:53:24.387388Z",
            "yes_price": 99,
            "no_price": 1,
            "taker_side": "no"
        },
        {
            "trade_id": "1ceec522-6224-4e73-8594-d47af4b18a43",
            "ticker": "KXHIGHCHI-24OCT30-B81.5",
            "count": 17,
            "created_time": "2024-10-30T23:44:34.249956Z",
            "yes_price": 99,
            "no_price": 1,
            "taker_side": "no"
        },
        {
            "trade_id": "b0f00505-79a1-4b16-ab7e-20c61fee5048",
            "ticker": "KXHIGHCHI-24OCT30-B81.5",
            "count": 32,
            "created_time": "2024-10-30T23:11:35.341362Z",
            "yes_price": 99,
            "no_price": 1,
            "taker_side": "no"
        },
        {
            "trade_id": "e6ec4632-44e7-4bae-b173-036e75b9814f",
            "ticker": "KXHIGHCHI-24OCT30-B81.5",
            "count": 9,
            "created_time": "2024-10-30T22:37:39.790802Z",
            "yes_price": 99,
            "no_price": 1,
            "taker_side": "yes"
        },
        {
            "trade_id": "15821720-c593-4495-ab11-30e7dae33397",
            "ticker": "KXHIGHCHI-24OCT30-B81.5",
            "count": 15,
            "created_time": "2024-10-30T22:28:18.462748Z",
            "yes_price": 99,
            "no_price": 1,
            "taker_side": "yes"
        },
        {
            "trade_id": "23988e44-6d9a-49cc-8a2f-4f315acfe8c2",
            "ticker": "KXHIGHCHI-24OCT30-B81.5",
            "count": 100,
            "created_time": "2024-10-30T22:05:13.916187Z",
            "yes_price": 99,
            "no_price": 1,
            "taker_side": "yes"
        },
        {
            "trade_id": "7b4dc826-43c2-4275-8054-73063b79e434",
            "ticker": "KXHIGHCHI-24OCT30-B81.5",
            "count": 57,
            "created_time": "2024-10-30T21:51:23.359864Z",
            "yes_price": 91,
            "no_price": 9,
            "taker_side": "no"
        },
        {
            "trade_id": "eca4f73d-04d7-4221-a652-82e2bf98d656",
            "ticker": "KXHIGHCHI-24OCT30-B81.5",
            "count": 6,
            "created_time": "2024-10-30T21:50:31.897535Z",
            "yes_price": 98,
            "no_price": 2,
            "taker_side": "yes"
        },
        {
            "trade_id": "9c24e58a-2f3f-4e05-be52-c9f7ad252d64",
            "ticker": "KXHIGHCHI-24OCT30-B81.5",
            "count": 1,
            "created_time": "2024-10-30T21:45:18.796296Z",
            "yes_price": 98,
            "no_price": 2,
            "taker_side": "yes"
        },
        {
            "trade_id": "453dcb28-d61b-4030-a802-fb635da660d3",
            "ticker": "KXHIGHCHI-24OCT30-B81.5",
            "count": 212,
            "created_time": "2024-10-30T21:43:40.303779Z",
            "yes_price": 91,
            "no_price": 9,
            "taker_side": "no"
        },
        {
            "trade_id": "72197df6-ef80-4831-a26e-8d369fe4ac76",
            "ticker": "KXHIGHCHI-24OCT30-B81.5",
            "count": 3,
            "created_time": "2024-10-30T21:08:38.402241Z",
            "yes_price": 97,
            "no_price": 3,
            "taker_side": "yes"
        },
        {
            "trade_id": "2f624b82-0d5a-44a3-b662-84471357bc6f",
            "ticker": "KXHIGHCHI-24OCT30-B81.5",
            "count": 10,
            "created_time": "2024-10-30T20:22:30.814921Z",
            "yes_price": 88,
            "no_price": 12,
            "taker_side": "yes"
        },
        {
            "trade_id": "82125725-4f0c-4b02-811b-faa5f931907b",
            "ticker": "KXHIGHCHI-24OCT30-B81.5",
            "count": 20,
            "created_time": "2024-10-30T19:56:40.65956Z",
            "yes_price": 52,
            "no_price": 48,
            "taker_side": "no"
        },
        {
            "trade_id": "5e77991c-3cd1-499f-9b89-f4e8f3d8ccae",
            "ticker": "KXHIGHCHI-24OCT30-B81.5",
            "count": 50,
            "created_time": "2024-10-30T19:55:52.06632Z",
            "yes_price": 82,
            "no_price": 18,
            "taker_side": "yes"
        },
        {
            "trade_id": "57b690b0-140e-412d-a8e9-98525cbf47f8",
            "ticker": "KXHIGHCHI-24OCT30-B81.5",
            "count": 15,
            "created_time": "2024-10-30T19:55:48.10905Z",
            "yes_price": 81,
            "no_price": 19,
            "taker_side": "yes"
        },
        {
            "trade_id": "43e33fa5-412c-4cae-9a28-a5e010f05450",
            "ticker": "KXHIGHCHI-24OCT30-B81.5",
            "count": 47,
            "created_time": "2024-10-30T19:55:48.10905Z",
            "yes_price": 80,
            "no_price": 20,
            "taker_side": "yes"
        },
        {
            "trade_id": "263ede36-d513-433b-99a5-d0239c2fa281",
            "ticker": "KXHIGHCHI-24OCT30-B81.5",
            "count": 3,
            "created_time": "2024-10-30T19:54:35.077493Z",
            "yes_price": 82,
            "no_price": 18,
            "taker_side": "yes"
        },
        {
            "trade_id": "f5c1a2ca-3967-4404-90bd-9315b22d1c1b",
            "ticker": "KXHIGHCHI-24OCT30-B81.5",
            "count": 15,
            "created_time": "2024-10-30T19:49:09.899339Z",
            "yes_price": 48,
            "no_price": 52,
            "taker_side": "no"
        },
        {
            "trade_id": "29009dd7-94a6-42ff-8169-0013fa32f879",
            "ticker": "KXHIGHCHI-24OCT30-B81.5",
            "count": 24,
            "created_time": "2024-10-30T19:49:09.899339Z",
            "yes_price": 49,
            "no_price": 51,
            "taker_side": "no"
        },
        {
            "trade_id": "cc0ded6e-6820-4e4e-b3e9-8b5a2727afb0",
            "ticker": "KXHIGHCHI-24OCT30-B81.5",
            "count": 18,
            "created_time": "2024-10-30T19:45:18.480843Z",
            "yes_price": 49,
            "no_price": 51,
            "taker_side": "no"
        },
        {
            "trade_id": "6e6797fb-c433-4c1b-ac70-d5c73725b895",
            "ticker": "KXHIGHCHI-24OCT30-B81.5",
            "count": 24,
            "created_time": "2024-10-30T19:39:14.773052Z",
            "yes_price": 80,
            "no_price": 20,
            "taker_side": "yes"
        },
        {
            "trade_id": "14054e86-47e5-4919-920f-5f68ff80eb68",
            "ticker": "KXHIGHCHI-24OCT30-B81.5",
            "count": 12,
            "created_time": "2024-10-30T19:36:45.837878Z",
            "yes_price": 80,
            "no_price": 20,
            "taker_side": "yes"
        },
        {
            "trade_id": "d27574b3-9e93-4c1c-8503-755291d02ec7",
            "ticker": "KXHIGHCHI-24OCT30-B81.5",
            "count": 63,
            "created_time": "2024-10-30T19:33:40.852805Z",
            "yes_price": 61,
            "no_price": 39,
            "taker_side": "no"
        },
        {
            "trade_id": "b939bffe-57a7-44e3-9b94-276b663378bb",
            "ticker": "KXHIGHCHI-24OCT30-B81.5",
            "count": 75,
            "created_time": "2024-10-30T19:33:40.852805Z",
            "yes_price": 53,
            "no_price": 47,
            "taker_side": "no"
        },
        {
            "trade_id": "3a3948ff-ba89-4438-b238-1d7e29005127",
            "ticker": "KXHIGHCHI-24OCT30-B81.5",
            "count": 30,
            "created_time": "2024-10-30T19:33:40.852805Z",
            "yes_price": 60,
            "no_price": 40,
            "taker_side": "no"
        },
        {
            "trade_id": "36ed9020-f02e-4d23-8798-a4a3c58c65ad",
            "ticker": "KXHIGHCHI-24OCT30-B81.5",
            "count": 29,
            "created_time": "2024-10-30T19:33:40.852805Z",
            "yes_price": 15,
            "no_price": 85,
            "taker_side": "no"
        },
        {
            "trade_id": "865cefe6-e2e0-4b31-bdd9-6849df04c641",
            "ticker": "KXHIGHCHI-24OCT30-B81.5",
            "count": 1,
            "created_time": "2024-10-30T19:29:46.262893Z",
            "yes_price": 88,
            "no_price": 12,
            "taker_side": "yes"
        },
        {
            "trade_id": "c8fa01b8-d6f8-4c76-b1ea-5050d7ce8ddb",
            "ticker": "KXHIGHCHI-24OCT30-B81.5",
            "count": 49,
            "created_time": "2024-10-30T19:28:30.905427Z",
            "yes_price": 61,
            "no_price": 39,
            "taker_side": "no"
        },
        {
            "trade_id": "3ef2a82c-c7b2-46de-bfd5-7a693b24b9e5",
            "ticker": "KXHIGHCHI-24OCT30-B81.5",
            "count": 1,
            "created_time": "2024-10-30T19:18:39.902711Z",
            "yes_price": 89,
            "no_price": 11,
            "taker_side": "yes"
        },
        {
            "trade_id": "245f2a5a-d550-42d8-ae87-74ae6939da3d",
            "ticker": "KXHIGHCHI-24OCT30-B81.5",
            "count": 10,
            "created_time": "2024-10-30T19:13:46.698068Z",
            "yes_price": 89,
            "no_price": 11,
            "taker_side": "yes"
        },
        {
            "trade_id": "bad5c411-b0e4-41c5-816e-0c6c82eec9ef",
            "ticker": "KXHIGHCHI-24OCT30-B81.5",
            "count": 18,
            "created_time": "2024-10-30T19:11:12.332992Z",
            "yes_price": 89,
            "no_price": 11,
            "taker_side": "yes"
        },
        {
            "trade_id": "8b31ed69-d4dc-40a4-a6f4-e57bc4dcec23",
            "ticker": "KXHIGHCHI-24OCT30-B81.5",
            "count": 2,
            "created_time": "2024-10-30T19:07:27.059942Z",
            "yes_price": 85,
            "no_price": 15,
            "taker_side": "yes"
        },
        {
            "trade_id": "0c651814-e3d8-43cd-a578-c1c337a3e24f",
            "ticker": "KXHIGHCHI-24OCT30-B81.5",
            "count": 7,
            "created_time": "2024-10-30T19:07:27.059942Z",
            "yes_price": 85,
            "no_price": 15,
            "taker_side": "yes"
        },
        {
            "trade_id": "5fb8df6d-40c0-45c9-a0b8-659dc024b8c6",
            "ticker": "KXHIGHCHI-24OCT30-B81.5",
            "count": 4,
            "created_time": "2024-10-30T19:01:38.317136Z",
            "yes_price": 79,
            "no_price": 21,
            "taker_side": "yes"
        },
        {
            "trade_id": "89f792ab-3c16-416f-b9fd-ccf00c5e7abf",
            "ticker": "KXHIGHCHI-24OCT30-B81.5",
            "count": 15,
            "created_time": "2024-10-30T18:57:20.116946Z",
            "yes_price": 74,
            "no_price": 26,
            "taker_side": "yes"
        },
        {
            "trade_id": "f0a202a8-6627-4f46-82ab-c6ce7326e4e0",
