{
    "HIGHCHI-24SEP13-T78": [
        {
            "trade_id": "fbf7106c-f8aa-4469-93ed-6120ac09f55b",
            "ticker": "HIGHCHI-24SEP13-T78",
            "count": 50,
            "created_time": "2024-09-12T16:00:31.690891Z",
            "yes_price": 1,
            "no_price": 99,
            "taker_side": "no"
        }
    ],
    "HIGHCHI-24SEP13-B78.5": [
        {
            "trade_id": "54229784-6e85-4f34-aab0-cb8ac36e6d65",
            "ticker": "HIGHCHI-24SEP13-B78.5",
            "count": 935,
            "created_time": "2024-09-13T16:50:02.266362Z",
            "yes_price": 1,
            "no_price": 99,
            "taker_side": "yes"
        },
        {
            "trade_id": "120b9730-89c9-445e-8ea3-078b5af721c9",
            "ticker": "HIGHCHI-24SEP13-B78.5",
            "count": 2,
            "created_time": "2024-09-13T12:07:25.113958Z",
            "yes_price": 4,
            "no_price": 96,
            "taker_side": "no"
        },
        {
            "trade_id": "a50e65f2-339e-464c-89a0-2476f94c1e23",
            "ticker": "HIGHCHI-24SEP13-B78.5",
            "count": 234,
            "created_time": "2024-09-13T01:58:19.715808Z",
            "yes_price": 16,
            "no_price": 84,
            "taker_side": "yes"
        },
        {
            "trade_id": "8757a37c-d0de-4a81-baca-651f88980917",
            "ticker": "HIGHCHI-24SEP13-B78.5",
            "count": 60,
            "created_time": "2024-09-13T01:58:19.715808Z",
            "yes_price": 16,
            "no_price": 84,
            "taker_side": "yes"
        },
        {
            "trade_id": "ef260bf7-7533-46b9-84c1-c417a38da2cd",
            "ticker": "HIGHCHI-24SEP13-B78.5",
            "count": 174,
            "created_time": "2024-09-13T01:12:32.651186Z",
            "yes_price": 1,
            "no_price": 99,
            "taker_side": "yes"
        },
        {
            "trade_id": "7564695c-0938-4829-9f5f-ea57bf933fdc",
            "ticker": "HIGHCHI-24SEP13-B78.5",
            "count": 41,
            "created_time": "2024-09-13T01:12:32.651186Z",
            "yes_price": 11,
            "no_price": 89,
            "taker_side": "yes"
        },
        {
            "trade_id": "743d4dd2-3c10-4c3d-a343-b2b57a13c602",
            "ticker": "HIGHCHI-24SEP13-B78.5",
            "count": 19,
            "created_time": "2024-09-13T01:12:32.651186Z",
            "yes_price": 21,
            "no_price": 79,
            "taker_side": "yes"
        },
        {
            "trade_id": "247b346b-65d1-4bf0-a3d2-46a0bd373e9c",
            "ticker": "HIGHCHI-24SEP13-B78.5",
            "count": 2,
            "created_time": "2024-09-13T01:12:32.651186Z",
            "yes_price": 6,
            "no_price": 94,
            "taker_side": "yes"
        },
        {
            "trade_id": "01da288b-a281-4b0a-ab3f-41091d938266",
            "ticker": "HIGHCHI-24SEP13-B78.5",
            "count": 27,
            "created_time": "2024-09-13T01:12:32.651186Z",
            "yes_price": 5,
            "no_price": 95,
            "taker_side": "yes"
        },
        {
            "trade_id": "2e0673dd-ca5a-476b-b358-88eb75a7a80b",
            "ticker": "HIGHCHI-24SEP13-B78.5",
            "count": 27,
            "created_time": "2024-09-12T20:08:40.850996Z",
            "yes_price": 1,
            "no_price": 99,
            "taker_side": "no"
        },
        {
            "trade_id": "535ca5c4-1edf-4c3f-aa11-8bded7d6a013",
            "ticker": "HIGHCHI-24SEP13-B78.5",
            "count": 3,
            "created_time": "2024-09-12T19:16:06.479702Z",
            "yes_price": 1,
            "no_price": 99,
            "taker_side": "no"
        },
        {
            "trade_id": "4fb11a29-c775-4927-a1bb-6c03ff92277b",
            "ticker": "HIGHCHI-24SEP13-B78.5",
            "count": 20,
            "created_time": "2024-09-12T19:15:54.241025Z",
            "yes_price": 1,
            "no_price": 99,
            "taker_side": "no"
        }
    ],
    "HIGHCHI-24SEP13-B80.5": [
        {
            "trade_id": "9847f935-b83d-4f68-ae81-fe11c2da5297",
            "ticker": "HIGHCHI-24SEP13-B80.5",
            "count": 46,
            "created_time": "2024-09-14T01:31:05.37431Z",
            "yes_price": 1,
            "no_price": 99,
            "taker_side": "yes"
        },
        {
            "trade_id": "5877d8c4-5807-49d5-b5ad-b9c87bd4ab18",
            "ticker": "HIGHCHI-24SEP13-B80.5",
            "count": 8416,
            "created_time": "2024-09-13T18:45:23.614817Z",
            "yes_price": 1,
            "no_price": 99,
            "taker_side": "yes"
        },
        {
            "trade_id": "cc56a4c8-2313-44d5-a295-8ad032bcad9e",
            "ticker": "HIGHCHI-24SEP13-B80.5",
            "count": 866,
            "created_time": "2024-09-13T17:00:25.66762Z",
            "yes_price": 1,
            "no_price": 99,
            "taker_side": "yes"
        },
        {
            "trade_id": "5154085a-06c1-4f11-9c7c-47f74b044975",
            "ticker": "HIGHCHI-24SEP13-B80.5",
            "count": 3475,
            "created_time": "2024-09-13T16:51:43.056347Z",
            "yes_price": 1,
            "no_price": 99,
            "taker_side": "yes"
        },
        {
            "trade_id": "16a10633-da32-4171-b96f-7d278d0b92c8",
            "ticker": "HIGHCHI-24SEP13-B80.5",
            "count": 1200,
            "created_time": "2024-09-13T16:51:43.056347Z",
            "yes_price": 1,
            "no_price": 99,
            "taker_side": "yes"
        },
        {
            "trade_id": "e72c099a-64d3-440c-882b-7735badea963",
            "ticker": "HIGHCHI-24SEP13-B80.5",
            "count": 235,
            "created_time": "2024-09-13T16:18:44.030204Z",
            "yes_price": 8,
            "no_price": 92,
            "taker_side": "yes"
        },
        {
            "trade_id": "442245eb-d5d2-4940-90d8-70493a449d2a",
            "ticker": "HIGHCHI-24SEP13-B80.5",
            "count": 44,
            "created_time": "2024-09-13T15:59:02.241827Z",
            "yes_price": 1,
            "no_price": 99,
            "taker_side": "no"
        },
        {
            "trade_id": "ebb0166d-bda6-4594-94d7-47e4334eb6d5",
            "ticker": "HIGHCHI-24SEP13-B80.5",
            "count": 6,
            "created_time": "2024-09-13T13:39:11.8624Z",
            "yes_price": 1,
            "no_price": 99,
            "taker_side": "no"
        },
        {
            "trade_id": "e92e5390-2380-49ce-8be8-34d5381d8888",
            "ticker": "HIGHCHI-24SEP13-B80.5",
            "count": 8,
            "created_time": "2024-09-13T13:18:30.808627Z",
            "yes_price": 2,
            "no_price": 98,
            "taker_side": "no"
        },
        {
            "trade_id": "bd3d49ae-84f6-4837-b79e-d58022a1125a",
            "ticker": "HIGHCHI-24SEP13-B80.5",
            "count": 3,
            "created_time": "2024-09-13T13:06:29.437385Z",
            "yes_price": 2,
            "no_price": 98,
            "taker_side": "no"
        },
        {
            "trade_id": "031f8fa6-fad3-4b6b-8ca2-ade36ae6fe4f",
            "ticker": "HIGHCHI-24SEP13-B80.5",
            "count": 14,
            "created_time": "2024-09-13T13:06:02.034207Z",
            "yes_price": 2,
            "no_price": 98,
            "taker_side": "no"
        },
        {
            "trade_id": "c5b7dcab-430d-403a-a212-e79d86ee5c6c",
            "ticker": "HIGHCHI-24SEP13-B80.5",
            "count": 1,
            "created_time": "2024-09-13T13:06:01.895146Z",
            "yes_price": 2,
            "no_price": 98,
            "taker_side": "no"
        },
        {
            "trade_id": "9a17597b-f060-4771-b7ea-133120d76580",
            "ticker": "HIGHCHI-24SEP13-B80.5",
            "count": 1,
            "created_time": "2024-09-13T13:05:37.716581Z",
            "yes_price": 2,
            "no_price": 98,
            "taker_side": "no"
        },
        {
            "trade_id": "550bee8b-602e-4d70-bfb8-ec2746d62189",
            "ticker": "HIGHCHI-24SEP13-B80.5",
            "count": 30,
            "created_time": "2024-09-13T12:53:50.730569Z",
            "yes_price": 4,
            "no_price": 96,
            "taker_side": "no"
        },
        {
            "trade_id": "3870255b-82cf-4a3b-abda-f3bb7e5ab684",
            "ticker": "HIGHCHI-24SEP13-B80.5",
            "count": 10,
            "created_time": "2024-09-13T12:48:41.499275Z",
            "yes_price": 4,
            "no_price": 96,
            "taker_side": "no"
        },
        {
            "trade_id": "50fd5ce2-2508-4673-9808-1598f5fab91a",
            "ticker": "HIGHCHI-24SEP13-B80.5",
            "count": 20,
            "created_time": "2024-09-13T12:48:34.179348Z",
            "yes_price": 4,
            "no_price": 96,
            "taker_side": "no"
        },
        {
            "trade_id": "989ecf15-4d48-4ba1-a331-96b36427e98c",
            "ticker": "HIGHCHI-24SEP13-B80.5",
            "count": 20,
            "created_time": "2024-09-13T12:48:34.164323Z",
            "yes_price": 4,
            "no_price": 96,
            "taker_side": "no"
        },
        {
            "trade_id": "5a14d8f2-99aa-4f7f-b517-9fb85b645bbd",
            "ticker": "HIGHCHI-24SEP13-B80.5",
            "count": 40,
            "created_time": "2024-09-13T12:12:00.308347Z",
            "yes_price": 4,
            "no_price": 96,
            "taker_side": "no"
        },
        {
            "trade_id": "97d820a0-b2b6-40a0-a49f-94df5a24c585",
            "ticker": "HIGHCHI-24SEP13-B80.5",
            "count": 20,
            "created_time": "2024-09-13T12:07:46.775763Z",
            "yes_price": 4,
            "no_price": 96,
            "taker_side": "no"
        },
        {
            "trade_id": "7e26381b-f76e-4ed1-9e11-bd6bd141635a",
            "ticker": "HIGHCHI-24SEP13-B80.5",
            "count": 60,
            "created_time": "2024-09-13T01:58:19.832075Z",
            "yes_price": 4,
            "no_price": 96,
            "taker_side": "no"
        },
        {
            "trade_id": "bff1b64e-31a2-4aeb-8f01-cebc56cb8167",
            "ticker": "HIGHCHI-24SEP13-B80.5",
            "count": 2,
            "created_time": "2024-09-13T01:41:15.79056Z",
            "yes_price": 12,
            "no_price": 88,
            "taker_side": "no"
        },
        {
            "trade_id": "3454bd6f-7f12-456c-88ce-7125db3e152d",
            "ticker": "HIGHCHI-24SEP13-B80.5",
            "count": 131,
            "created_time": "2024-09-13T01:11:24.492251Z",
            "yes_price": 18,
            "no_price": 82,
            "taker_side": "yes"
        },
        {
            "trade_id": "971bd00b-d3ca-46b7-bcf1-d6af0f3f7a23",
            "ticker": "HIGHCHI-24SEP13-B80.5",
            "count": 2,
            "created_time": "2024-09-13T01:00:28.48737Z",
            "yes_price": 14,
            "no_price": 86,
            "taker_side": "yes"
        },
        {
            "trade_id": "37919c24-3459-4c13-8a5f-e7ba48756bd0",
            "ticker": "HIGHCHI-24SEP13-B80.5",
            "count": 20,
            "created_time": "2024-09-13T01:00:28.48737Z",
            "yes_price": 13,
            "no_price": 87,
            "taker_side": "yes"
        },
        {
            "trade_id": "26b39b5f-b3bb-483c-ac49-d6ef5bfda6e5",
            "ticker": "HIGHCHI-24SEP13-B80.5",
            "count": 1034,
            "created_time": "2024-09-13T01:00:28.48737Z",
            "yes_price": 18,
            "no_price": 82,
            "taker_side": "yes"
        },
        {
            "trade_id": "594e7c7c-d69b-4684-8a8b-1916a6fd8ca7",
            "ticker": "HIGHCHI-24SEP13-B80.5",
            "count": 1,
            "created_time": "2024-09-13T00:32:24.486703Z",
            "yes_price": 7,
            "no_price": 93,
            "taker_side": "no"
        },
        {
            "trade_id": "dd408201-03a3-4e22-ba2f-821d8db552c9",
            "ticker": "HIGHCHI-24SEP13-B80.5",
            "count": 1,
            "created_time": "2024-09-13T00:29:00.020604Z",
            "yes_price": 9,
            "no_price": 91,
            "taker_side": "yes"
        },
        {
            "trade_id": "1fefd4a9-87e8-4278-a588-286de407a32e",
            "ticker": "HIGHCHI-24SEP13-B80.5",
            "count": 14,
            "created_time": "2024-09-13T00:29:00.020604Z",
            "yes_price": 6,
            "no_price": 94,
            "taker_side": "yes"
        },
        {
            "trade_id": "ce6b7652-df58-4ff2-bc3e-7e86cade95db",
            "ticker": "HIGHCHI-24SEP13-B80.5",
            "count": 51,
            "created_time": "2024-09-12T23:46:25.266533Z",
            "yes_price": 3,
            "no_price": 97,
            "taker_side": "no"
        },
        {
            "trade_id": "c92cbb6a-7fe9-4565-8d8e-164828d9a86f",
            "ticker": "HIGHCHI-24SEP13-B80.5",
            "count": 3,
            "created_time": "2024-09-12T23:36:20.958493Z",
            "yes_price": 3,
            "no_price": 97,
            "taker_side": "no"
        },
        {
            "trade_id": "3a25c153-05e7-4c8a-a0a3-38b1d829134a",
            "ticker": "HIGHCHI-24SEP13-B80.5",
            "count": 26,
            "created_time": "2024-09-12T20:50:19.298722Z",
            "yes_price": 6,
            "no_price": 94,
            "taker_side": "no"
        },
        {
            "trade_id": "bafa5457-e859-4fd2-82e5-f41d710ea91f",
            "ticker": "HIGHCHI-24SEP13-B80.5",
            "count": 40,
            "created_time": "2024-09-12T20:50:19.245831Z",
            "yes_price": 6,
            "no_price": 94,
            "taker_side": "no"
        },
        {
            "trade_id": "a647e264-ab22-4116-b9e5-21a4299b06bd",
            "ticker": "HIGHCHI-24SEP13-B80.5",
            "count": 184,
            "created_time": "2024-09-12T20:10:00.137489Z",
            "yes_price": 6,
            "no_price": 94,
            "taker_side": "no"
        },
        {
            "trade_id": "4e677670-a4bc-4bd9-96a7-185d4547f908",
            "ticker": "HIGHCHI-24SEP13-B80.5",
            "count": 26,
            "created_time": "2024-09-12T20:09:14.591136Z",
            "yes_price": 9,
            "no_price": 91,
            "taker_side": "no"
        },
        {
            "trade_id": "a5d0548b-6072-4b8b-9591-dfdbfd70781a",
            "ticker": "HIGHCHI-24SEP13-B80.5",
            "count": 201,
            "created_time": "2024-09-12T20:08:40.869896Z",
            "yes_price": 9,
            "no_price": 91,
            "taker_side": "no"
        },
        {
            "trade_id": "5de5d7fc-e3fb-4b55-b3c7-4af23afcd206",
            "ticker": "HIGHCHI-24SEP13-B80.5",
            "count": 3,
            "created_time": "2024-09-12T19:16:06.474797Z",
            "yes_price": 9,
            "no_price": 91,
            "taker_side": "no"
        },
        {
            "trade_id": "c2f2ddd7-7a5b-46ca-9d33-a7c62111aa74",
            "ticker": "HIGHCHI-24SEP13-B80.5",
            "count": 20,
            "created_time": "2024-09-12T19:15:54.261564Z",
            "yes_price": 9,
            "no_price": 91,
            "taker_side": "no"
        },
        {
            "trade_id": "eb82201d-b032-46ab-a7ac-85d1b6d32485",
            "ticker": "HIGHCHI-24SEP13-B80.5",
            "count": 200,
            "created_time": "2024-09-12T14:22:50.307435Z",
            "yes_price": 18,
            "no_price": 82,
            "taker_side": "yes"
        },
        {
            "trade_id": "b8fad7a9-a851-427b-b007-a48ffc6261e3",
            "ticker": "HIGHCHI-24SEP13-B80.5",
            "count": 100,
            "created_time": "2024-09-12T14:22:50.307435Z",
            "yes_price": 15,
            "no_price": 85,
            "taker_side": "yes"
        },
        {
            "trade_id": "55d56021-e523-4ceb-bfe8-a4ffe17c7ec0",
            "ticker": "HIGHCHI-24SEP13-B80.5",
            "count": 200,
            "created_time": "2024-09-12T14:22:50.307435Z",
            "yes_price": 17,
            "no_price": 83,
            "taker_side": "yes"
        }
    ],
    "HIGHCHI-24SEP13-B82.5": [
        {
            "trade_id": "e2377906-9028-4aa7-b148-3b5c973515f7",
            "ticker": "HIGHCHI-24SEP13-B82.5",
            "count": 46,
            "created_time": "2024-09-14T01:31:39.466011Z",
            "yes_price": 1,
            "no_price": 99,
            "taker_side": "yes"
        },
        {
            "trade_id": "f3757d96-326f-4d89-91b9-2913b21b527c",
            "ticker": "HIGHCHI-24SEP13-B82.5",
            "count": 101,
            "created_time": "2024-09-13T17:55:54.348093Z",
            "yes_price": 1,
            "no_price": 99,
            "taker_side": "yes"
        },
        {
            "trade_id": "f051e7b0-1b2f-4aeb-a7c5-c4cbb4ba4074",
            "ticker": "HIGHCHI-24SEP13-B82.5",
            "count": 34,
            "created_time": "2024-09-13T17:55:54.348093Z",
            "yes_price": 1,
            "no_price": 99,
            "taker_side": "yes"
        },
        {
            "trade_id": "ecab6c8a-d66c-4080-b5bf-3239970fc4fc",
            "ticker": "HIGHCHI-24SEP13-B82.5",
            "count": 101,
            "created_time": "2024-09-13T17:55:54.348093Z",
            "yes_price": 1,
            "no_price": 99,
            "taker_side": "yes"
        },
        {
            "trade_id": "cdbc9656-869f-41ce-9c87-57757d19a454",
            "ticker": "HIGHCHI-24SEP13-B82.5",
            "count": 101,
            "created_time": "2024-09-13T17:55:54.348093Z",
            "yes_price": 1,
            "no_price": 99,
            "taker_side": "yes"
        },
        {
            "trade_id": "bb21ba03-e3df-4119-ad6f-911854a3e950",
            "ticker": "HIGHCHI-24SEP13-B82.5",
            "count": 101,
            "created_time": "2024-09-13T17:55:54.348093Z",
            "yes_price": 1,
            "no_price": 99,
            "taker_side": "yes"
        },
        {
            "trade_id": "b54557e6-a8bb-4399-9770-ead8efb4a0a8",
            "ticker": "HIGHCHI-24SEP13-B82.5",
            "count": 101,
            "created_time": "2024-09-13T17:55:54.348093Z",
            "yes_price": 1,
            "no_price": 99,
            "taker_side": "yes"
        },
        {
            "trade_id": "8d3f2e4e-ba37-4f9e-a840-6b2cb65add68",
            "ticker": "HIGHCHI-24SEP13-B82.5",
            "count": 92,
            "created_time": "2024-09-13T17:55:54.348093Z",
            "yes_price": 1,
            "no_price": 99,
            "taker_side": "yes"
        },
        {
            "trade_id": "53cec216-dbc8-412a-99a7-ba21f60816de",
            "ticker": "HIGHCHI-24SEP13-B82.5",
            "count": 101,
            "created_time": "2024-09-13T17:55:54.348093Z",
            "yes_price": 1,
            "no_price": 99,
            "taker_side": "yes"
        },
        {
            "trade_id": "33a16d46-c707-496d-a69f-2697a8d512c8",
            "ticker": "HIGHCHI-24SEP13-B82.5",
            "count": 101,
            "created_time": "2024-09-13T17:55:54.348093Z",
            "yes_price": 1,
            "no_price": 99,
            "taker_side": "yes"
        },
        {
            "trade_id": "10822367-6339-4bdb-92af-255e32b96353",
            "ticker": "HIGHCHI-24SEP13-B82.5",
            "count": 101,
            "created_time": "2024-09-13T17:55:54.348093Z",
            "yes_price": 1,
            "no_price": 99,
            "taker_side": "yes"
        },
        {
            "trade_id": "c28d2fdc-5149-4b57-a90d-433b54964486",
            "ticker": "HIGHCHI-24SEP13-B82.5",
            "count": 9,
            "created_time": "2024-09-13T17:19:09.644331Z",
            "yes_price": 1,
            "no_price": 99,
            "taker_side": "yes"
        },
        {
            "trade_id": "9608a117-e81f-439c-89e6-08dedf397849",
            "ticker": "HIGHCHI-24SEP13-B82.5",
            "count": 30,
            "created_time": "2024-09-13T16:20:32.542221Z",
            "yes_price": 10,
            "no_price": 90,
            "taker_side": "yes"
        },
        {
            "trade_id": "04fdf6fb-832c-47db-ac80-6b16fa17cc6a",
            "ticker": "HIGHCHI-24SEP13-B82.5",
            "count": 49,
            "created_time": "2024-09-13T16:20:32.542221Z",
            "yes_price": 13,
            "no_price": 87,
            "taker_side": "yes"
        },
        {
            "trade_id": "9d91aacc-0228-40d4-9d13-b9a4294e9058",
            "ticker": "HIGHCHI-24SEP13-B82.5",
            "count": 50,
            "created_time": "2024-09-13T16:20:30.776921Z",
            "yes_price": 1,
            "no_price": 99,
            "taker_side": "no"
        },
        {
            "trade_id": "6a84e8ab-e87f-41ec-9f2f-36a873631e59",
            "ticker": "HIGHCHI-24SEP13-B82.5",
            "count": 62,
            "created_time": "2024-09-13T15:47:29.298673Z",
            "yes_price": 15,
            "no_price": 85,
            "taker_side": "yes"
        },
        {
            "trade_id": "03d0ffe5-d402-43c4-a60b-9b80fb3725f1",
            "ticker": "HIGHCHI-24SEP13-B82.5",
            "count": 6,
            "created_time": "2024-09-13T13:39:11.799141Z",
            "yes_price": 15,
            "no_price": 85,
            "taker_side": "yes"
        },
        {
            "trade_id": "ad401f42-764e-459c-8762-0b61221d1243",
            "ticker": "HIGHCHI-24SEP13-B82.5",
            "count": 347,
            "created_time": "2024-09-13T13:38:14.714544Z",
            "yes_price": 3,
            "no_price": 97,
            "taker_side": "no"
        },
        {
            "trade_id": "3c3f3e01-fee6-4132-98cb-c2c9680601b5",
            "ticker": "HIGHCHI-24SEP13-B82.5",
            "count": 169,
            "created_time": "2024-09-13T13:38:14.714544Z",
            "yes_price": 4,
            "no_price": 96,
            "taker_side": "no"
        },
        {
            "trade_id": "4caff050-b0b9-42aa-8774-6e2480f3591b",
            "ticker": "HIGHCHI-24SEP13-B82.5",
            "count": 4,
            "created_time": "2024-09-13T13:18:43.962911Z",
            "yes_price": 4,
            "no_price": 96,
            "taker_side": "no"
        },
        {
            "trade_id": "c9609e81-939a-4e84-abdc-2b697b6d8786",
            "ticker": "HIGHCHI-24SEP13-B82.5",
            "count": 8,
            "created_time": "2024-09-13T13:18:30.798259Z",
            "yes_price": 4,
            "no_price": 96,
            "taker_side": "no"
        },
        {
            "trade_id": "c5e46256-3cb8-461c-b430-a13c6bac8403",
            "ticker": "HIGHCHI-24SEP13-B82.5",
            "count": 3,
            "created_time": "2024-09-13T13:06:29.466333Z",
            "yes_price": 4,
            "no_price": 96,
            "taker_side": "no"
        },
        {
            "trade_id": "a86b6a34-2ab5-4224-8644-1ca251b8c89c",
            "ticker": "HIGHCHI-24SEP13-B82.5",
            "count": 14,
            "created_time": "2024-09-13T13:06:02.03449Z",
            "yes_price": 4,
            "no_price": 96,
            "taker_side": "no"
        },
        {
            "trade_id": "887bcf38-d616-492a-b90a-cedd6e9a2436",
            "ticker": "HIGHCHI-24SEP13-B82.5",
            "count": 1,
            "created_time": "2024-09-13T13:06:01.902504Z",
            "yes_price": 4,
            "no_price": 96,
            "taker_side": "no"
        },
        {
            "trade_id": "63a076d6-e2f1-4f9e-a448-1ee72620135e",
            "ticker": "HIGHCHI-24SEP13-B82.5",
            "count": 1,
            "created_time": "2024-09-13T13:05:37.716089Z",
            "yes_price": 4,
            "no_price": 96,
            "taker_side": "no"
        },
        {
            "trade_id": "0166394f-c1eb-4402-a06b-64b5dd04702f",
            "ticker": "HIGHCHI-24SEP13-B82.5",
            "count": 10,
            "created_time": "2024-09-13T12:48:41.49036Z",
            "yes_price": 6,
            "no_price": 94,
            "taker_side": "no"
        },
        {
            "trade_id": "b521e72e-4592-4dec-89c1-b1f36accf0f5",
            "ticker": "HIGHCHI-24SEP13-B82.5",
            "count": 20,
            "created_time": "2024-09-13T12:48:34.18521Z",
            "yes_price": 6,
            "no_price": 94,
            "taker_side": "no"
        },
        {
            "trade_id": "8cbc391a-52a3-42e1-93de-7522a3464238",
            "ticker": "HIGHCHI-24SEP13-B82.5",
            "count": 20,
            "created_time": "2024-09-13T12:48:34.151386Z",
            "yes_price": 6,
            "no_price": 94,
            "taker_side": "no"
        },
        {
            "trade_id": "d8c771cd-0065-4c24-90d2-3441b3a8dd0e",
            "ticker": "HIGHCHI-24SEP13-B82.5",
            "count": 192,
            "created_time": "2024-09-13T12:26:27.261434Z",
            "yes_price": 10,
            "no_price": 90,
            "taker_side": "no"
        },
        {
            "trade_id": "f2822a42-8cbc-40af-9e43-3b17723b5231",
            "ticker": "HIGHCHI-24SEP13-B82.5",
            "count": 8,
            "created_time": "2024-09-13T12:12:13.253099Z",
            "yes_price": 10,
            "no_price": 90,
            "taker_side": "no"
        },
        {
            "trade_id": "00f24681-25bd-4fda-9b5f-13bdb8da7ee6",
            "ticker": "HIGHCHI-24SEP13-B82.5",
            "count": 58,
            "created_time": "2024-09-13T12:12:13.253099Z",
            "yes_price": 10,
            "no_price": 90,
            "taker_side": "no"
        },
        {
            "trade_id": "a5d01355-7004-4748-a6ee-1d2c81d7a41a",
            "ticker": "HIGHCHI-24SEP13-B82.5",
            "count": 46,
            "created_time": "2024-09-13T12:12:13.236926Z",
            "yes_price": 10,
            "no_price": 90,
            "taker_side": "no"
        },
        {
            "trade_id": "4535c5ce-b5ad-443a-9646-bf3b249ac6af",
            "ticker": "HIGHCHI-24SEP13-B82.5",
            "count": 66,
            "created_time": "2024-09-13T12:12:13.222054Z",
            "yes_price": 10,
            "no_price": 90,
            "taker_side": "no"
        },
        {
            "trade_id": "be1815c1-5933-4e17-ad68-706fc9856d22",
            "ticker": "HIGHCHI-24SEP13-B82.5",
            "count": 40,
            "created_time": "2024-09-13T12:12:00.307686Z",
            "yes_price": 10,
            "no_price": 90,
            "taker_side": "no"
        },
        {
            "trade_id": "84dd7aa5-b719-4606-a989-291620744920",
            "ticker": "HIGHCHI-24SEP13-B82.5",
            "count": 20,
            "created_time": "2024-09-13T12:07:46.829558Z",
            "yes_price": 10,
            "no_price": 90,
            "taker_side": "no"
        },
        {
            "trade_id": "85d68939-bbaf-4fd1-98f4-17e11a8ca4f7",
            "ticker": "HIGHCHI-24SEP13-B82.5",
            "count": 60,
            "created_time": "2024-09-13T01:58:19.793236Z",
            "yes_price": 14,
            "no_price": 86,
            "taker_side": "no"
        },
        {
            "trade_id": "33472f02-31c1-4693-86ec-855cbc9db217",
            "ticker": "HIGHCHI-24SEP13-B82.5",
            "count": 138,
            "created_time": "2024-09-13T01:11:37.60731Z",
            "yes_price": 17,
            "no_price": 83,
            "taker_side": "yes"
        },
        {
            "trade_id": "b14f9c9c-8808-471d-a013-606af70057ee",
            "ticker": "HIGHCHI-24SEP13-B82.5",
            "count": 20,
            "created_time": "2024-09-13T01:00:28.611232Z",
            "yes_price": 10,
            "no_price": 90,
            "taker_side": "no"
        },
        {
            "trade_id": "2542513e-5bc5-461e-b954-4fe7252d27a8",
            "ticker": "HIGHCHI-24SEP13-B82.5",
            "count": 5,
            "created_time": "2024-09-13T00:29:17.44219Z",
            "yes_price": 17,
            "no_price": 83,
            "taker_side": "yes"
        },
        {
            "trade_id": "726aa3f3-72e0-4059-8bd0-6e8af833a8da",
            "ticker": "HIGHCHI-24SEP13-B82.5",
            "count": 40,
            "created_time": "2024-09-12T23:06:00.766185Z",
            "yes_price": 16,
            "no_price": 84,
            "taker_side": "yes"
        },
        {
            "trade_id": "025ff52e-5603-41a9-8180-23d1f867d5e6",
            "ticker": "HIGHCHI-24SEP13-B82.5",
            "count": 16,
            "created_time": "2024-09-12T23:06:00.766185Z",
            "yes_price": 18,
            "no_price": 82,
            "taker_side": "yes"
        },
        {
            "trade_id": "5dd21bbc-bc45-43a1-8134-2851d1c84485",
            "ticker": "HIGHCHI-24SEP13-B82.5",
            "count": 140,
            "created_time": "2024-09-12T21:35:30.137682Z",
            "yes_price": 16,
            "no_price": 84,
            "taker_side": "yes"
        },
        {
            "trade_id": "82ae7cd6-5fe1-4426-98df-e7ab1874751c",
            "ticker": "HIGHCHI-24SEP13-B82.5",
            "count": 40,
            "created_time": "2024-09-12T21:34:17.457798Z",
            "yes_price": 7,
            "no_price": 93,
            "taker_side": "yes"
        },
        {
            "trade_id": "66876d21-515b-4c9e-8133-4c2e8aa87454",
            "ticker": "HIGHCHI-24SEP13-B82.5",
            "count": 200,
            "created_time": "2024-09-12T21:34:17.457798Z",
            "yes_price": 13,
            "no_price": 87,
            "taker_side": "yes"
        },
        {
            "trade_id": "4b149799-1e7f-44b9-bedd-c161296ef5a2",
            "ticker": "HIGHCHI-24SEP13-B82.5",
            "count": 200,
            "created_time": "2024-09-12T21:34:17.457798Z",
            "yes_price": 16,
            "no_price": 84,
            "taker_side": "yes"
        },
        {
            "trade_id": "26407ccd-8941-4e9a-8837-90ed1be9f710",
            "ticker": "HIGHCHI-24SEP13-B82.5",
            "count": 200,
            "created_time": "2024-09-12T21:34:17.457798Z",
            "yes_price": 14,
            "no_price": 86,
            "taker_side": "yes"
        },
        {
            "trade_id": "e5d6eebc-85ff-4b64-85d1-c56d25c55096",
            "ticker": "HIGHCHI-24SEP13-B82.5",
            "count": 40,
            "created_time": "2024-09-12T20:50:19.24658Z",
            "yes_price": 7,
            "no_price": 93,
            "taker_side": "no"
        },
        {
            "trade_id": "5ca4da79-e248-4a56-9da0-965e3fdb07be",
            "ticker": "HIGHCHI-24SEP13-B82.5",
            "count": 184,
            "created_time": "2024-09-12T20:10:00.135989Z",
            "yes_price": 10,
            "no_price": 90,
            "taker_side": "no"
        },
        {
            "trade_id": "a09b8c37-35b2-40f7-aba1-e7999025188c",
            "ticker": "HIGHCHI-24SEP13-B82.5",
            "count": 40,
            "created_time": "2024-09-12T20:09:14.489904Z",
            "yes_price": 15,
            "no_price": 85,
            "taker_side": "yes"
        },
        {
            "trade_id": "47a03cc7-f817-46d8-96c9-0f80094cf0d1",
            "ticker": "HIGHCHI-24SEP13-B82.5",
            "count": 26,
            "created_time": "2024-09-12T20:09:14.489904Z",
            "yes_price": 14,
            "no_price": 86,
            "taker_side": "yes"
        },
        {
            "trade_id": "137f4b68-8256-4100-8afc-0a7c44f3eb2c",
            "ticker": "HIGHCHI-24SEP13-B82.5",
            "count": 500,
            "created_time": "2024-09-12T20:09:14.489904Z",
            "yes_price": 16,
            "no_price": 84,
            "taker_side": "yes"
        },
        {
            "trade_id": "67871737-931b-4cb4-b304-05d3bd89cd0f",
            "ticker": "HIGHCHI-24SEP13-B82.5",
            "count": 1,
            "created_time": "2024-09-12T20:08:40.842464Z",
            "yes_price": 9,
            "no_price": 91,
            "taker_side": "no"
        },
        {
            "trade_id": "38e05805-4d62-466b-a994-72327deab13b",
            "ticker": "HIGHCHI-24SEP13-B82.5",
            "count": 200,
            "created_time": "2024-09-12T20:08:40.842464Z",
            "yes_price": 9,
            "no_price": 91,
            "taker_side": "no"
        },
        {
            "trade_id": "291b116f-b416-49a7-822d-5fca692ad286",
            "ticker": "HIGHCHI-24SEP13-B82.5",
            "count": 180,
            "created_time": "2024-09-12T20:08:12.814638Z",
            "yes_price": 10,
            "no_price": 90,
            "taker_side": "no"
        },
        {
            "trade_id": "b1e49f64-09f6-488c-bd5d-93297d1b1725",
            "ticker": "HIGHCHI-24SEP13-B82.5",
            "count": 180,
            "created_time": "2024-09-12T20:07:49.520797Z",
            "yes_price": 11,
            "no_price": 89,
            "taker_side": "no"
        },
        {
            "trade_id": "83f475d5-a8e5-4330-9511-bf0c63725df4",
            "ticker": "HIGHCHI-24SEP13-B82.5",
            "count": 140,
            "created_time": "2024-09-12T20:07:31.561085Z",
            "yes_price": 12,
            "no_price": 88,
            "taker_side": "no"
        },
        {
            "trade_id": "b9c6477f-8dd3-4e50-9bd4-cfdc8d0f2338",
            "ticker": "HIGHCHI-24SEP13-B82.5",
            "count": 1,
            "created_time": "2024-09-12T19:58:45.102848Z",
            "yes_price": 13,
            "no_price": 87,
            "taker_side": "yes"
        },
        {
            "trade_id": "67a81671-88dc-42a2-980b-86051a0f967f",
            "ticker": "HIGHCHI-24SEP13-B82.5",
            "count": 2,
            "created_time": "2024-09-12T19:58:34.92606Z",
            "yes_price": 13,
            "no_price": 87,
            "taker_side": "no"
        },
        {
            "trade_id": "0b0a0069-8956-46ff-88d2-a5fcee0c497f",
            "ticker": "HIGHCHI-24SEP13-B82.5",
            "count": 3,
            "created_time": "2024-09-12T19:16:06.475826Z",
            "yes_price": 13,
            "no_price": 87,
            "taker_side": "no"
        },
        {
            "trade_id": "77db3a20-f3af-4dc4-b287-936d7548203b",
            "ticker": "HIGHCHI-24SEP13-B82.5",
            "count": 60,
            "created_time": "2024-09-12T19:15:54.1496Z",
            "yes_price": 20,
            "no_price": 80,
            "taker_side": "yes"
        },
        {
            "trade_id": "1d5738d3-4bde-4d5f-931d-fe5ce1e23f9c",
            "ticker": "HIGHCHI-24SEP13-B82.5",
            "count": 20,
            "created_time": "2024-09-12T19:15:54.1496Z",
            "yes_price": 18,
            "no_price": 82,
            "taker_side": "yes"
        },
        {
            "trade_id": "0eb30909-3433-41c8-8380-8ffef5de2c94",
            "ticker": "HIGHCHI-24SEP13-B82.5",
            "count": 20,
            "created_time": "2024-09-12T19:15:54.1496Z",
            "yes_price": 17,
            "no_price": 83,
            "taker_side": "yes"
        },
        {
            "trade_id": "4a607a41-97f8-4501-8647-ee1794a93cca",
            "ticker": "HIGHCHI-24SEP13-B82.5",
            "count": 1,
            "created_time": "2024-09-12T17:30:33.779032Z",
            "yes_price": 32,
            "no_price": 68,
            "taker_side": "no"
        },
        {
            "trade_id": "ad8cd3a1-8142-4c10-8804-d644a315d218",
            "ticker": "HIGHCHI-24SEP13-B82.5",
            "count": 39,
            "created_time": "2024-09-12T14:37:21.948746Z",
            "yes_price": 33,
            "no_price": 67,
            "taker_side": "no"
        },
        {
            "trade_id": "90ca9f3f-1a13-425c-aa1d-55fe0429917c",
            "ticker": "HIGHCHI-24SEP13-B82.5",
            "count": 2,
            "created_time": "2024-09-12T14:36:57.383743Z",
            "yes_price": 34,
            "no_price": 66,
            "taker_side": "no"
        }
    ],
    "HIGHCHI-24SEP13-B84.5": [
        {
            "trade_id": "c9649bd2-b490-4cfc-9b72-43b504ca2a15",
            "ticker": "HIGHCHI-24SEP13-B84.5",
            "count": 50,
            "created_time": "2024-09-13T21:41:57.642183Z",
            "yes_price": 99,
            "no_price": 1,
            "taker_side": "yes"
        },
        {
            "trade_id": "66af687a-8974-444c-8e3a-e589a7bb169a",
            "ticker": "HIGHCHI-24SEP13-B84.5",
            "count": 25,
            "created_time": "2024-09-13T21:41:57.642183Z",
            "yes_price": 97,
            "no_price": 3,
            "taker_side": "yes"
        },
        {
            "trade_id": "f7cbbcbf-0f15-4a88-b2b6-75e1f9e35b34",
            "ticker": "HIGHCHI-24SEP13-B84.5",
            "count": 1,
            "created_time": "2024-09-13T18:45:54.409045Z",
            "yes_price": 49,
            "no_price": 51,
            "taker_side": "yes"
        },
        {
            "trade_id": "fd884374-1a38-43dc-a9d7-18d6db5529e3",
            "ticker": "HIGHCHI-24SEP13-B84.5",
            "count": 17,
            "created_time": "2024-09-13T17:11:55.863026Z",
            "yes_price": 94,
            "no_price": 6,
            "taker_side": "yes"
        },
        {
            "trade_id": "a6de7bc8-8a00-42dd-82ff-d1887452e47a",
            "ticker": "HIGHCHI-24SEP13-B84.5",
            "count": 9,
            "created_time": "2024-09-13T17:11:55.863026Z",
            "yes_price": 41,
            "no_price": 59,
            "taker_side": "yes"
        },
        {
            "trade_id": "2a19312a-ed4d-4cec-8d51-1aabd011c97a",
            "ticker": "HIGHCHI-24SEP13-B84.5",
            "count": 30,
            "created_time": "2024-09-13T16:21:08.344573Z",
            "yes_price": 25,
            "no_price": 75,
            "taker_side": "no"
        },
        {
            "trade_id": "cc37292d-9def-4210-923e-2c1cf914683d",
            "ticker": "HIGHCHI-24SEP13-B84.5",
            "count": 200,
            "created_time": "2024-09-13T16:18:55.926377Z",
            "yes_price": 25,
            "no_price": 75,
            "taker_side": "no"
        },
        {
            "trade_id": "d59adeed-f9d4-4b39-af37-67f1a79b95e5",
            "ticker": "HIGHCHI-24SEP13-B84.5",
            "count": 1,
            "created_time": "2024-09-13T16:05:52.27029Z",
            "yes_price": 25,
            "no_price": 75,
            "taker_side": "no"
        },
        {
            "trade_id": "85511d1d-aa99-4bd7-b553-4bd95285ecf4",
            "ticker": "HIGHCHI-24SEP13-B84.5",
            "count": 34,
            "created_time": "2024-09-13T16:05:52.27029Z",
            "yes_price": 22,
            "no_price": 78,
            "taker_side": "no"
        },
        {
            "trade_id": "ef2b0a04-e008-4765-87c4-8158f9773276",
            "ticker": "HIGHCHI-24SEP13-B84.5",
            "count": 50,
            "created_time": "2024-09-13T15:46:29.52954Z",
            "yes_price": 30,
            "no_price": 70,
            "taker_side": "no"
        },
        {
            "trade_id": "fe61f085-2c39-469d-b005-187e53db0eb2",
            "ticker": "HIGHCHI-24SEP13-B84.5",
            "count": 8,
            "created_time": "2024-09-13T14:52:06.491713Z",
            "yes_price": 34,
            "no_price": 66,
            "taker_side": "yes"
        },
        {
            "trade_id": "bff140b6-fc9b-453c-ae5d-eb03cbea0340",
            "ticker": "HIGHCHI-24SEP13-B84.5",
            "count": 200,
            "created_time": "2024-09-13T14:14:28.046738Z",
            "yes_price": 33,
            "no_price": 67,
            "taker_side": "no"
        },
        {
            "trade_id": "492a2412-deaa-4134-91da-043f5983917d",
            "ticker": "HIGHCHI-24SEP13-B84.5",
            "count": 100,
            "created_time": "2024-09-13T14:14:28.046738Z",
            "yes_price": 35,
            "no_price": 65,
            "taker_side": "no"
        },
        {
            "trade_id": "1fd70435-46e8-4cc0-adee-56e4bfa4d13f",
            "ticker": "HIGHCHI-24SEP13-B84.5",
            "count": 6,
            "created_time": "2024-09-13T13:39:11.886661Z",
            "yes_price": 37,
            "no_price": 63,
            "taker_side": "no"
        },
        {
            "trade_id": "bfb9efc5-9728-425c-8a2a-07a2b12db362",
            "ticker": "HIGHCHI-24SEP13-B84.5",
            "count": 8,
            "created_time": "2024-09-13T13:18:30.800592Z",
            "yes_price": 38,
            "no_price": 62,
            "taker_side": "no"
        },
        {
            "trade_id": "b66948b6-ca8a-45b4-a782-761cb6f53a62",
            "ticker": "HIGHCHI-24SEP13-B84.5",
            "count": 3,
            "created_time": "2024-09-13T13:06:29.440305Z",
            "yes_price": 38,
            "no_price": 62,
            "taker_side": "no"
        },
        {
            "trade_id": "8df004ee-4d7d-493a-a986-670eaf8cdc76",
            "ticker": "HIGHCHI-24SEP13-B84.5",
            "count": 14,
            "created_time": "2024-09-13T13:06:02.026221Z",
            "yes_price": 38,
            "no_price": 62,
            "taker_side": "no"
        },
        {
            "trade_id": "0ecde3f5-40c0-4b70-9737-cfd609e8ca77",
            "ticker": "HIGHCHI-24SEP13-B84.5",
            "count": 1,
            "created_time": "2024-09-13T13:06:01.870939Z",
            "yes_price": 39,
            "no_price": 61,
            "taker_side": "no"
        },
        {
            "trade_id": "885e42d6-c382-4e35-a6de-17f11bd634cd",
            "ticker": "HIGHCHI-24SEP13-B84.5",
            "count": 1,
            "created_time": "2024-09-13T13:05:37.741788Z",
            "yes_price": 39,
            "no_price": 61,
            "taker_side": "no"
        },
        {
            "trade_id": "fc7b5409-850e-4e48-af03-5c61da163d73",
            "ticker": "HIGHCHI-24SEP13-B84.5",
            "count": 2,
            "created_time": "2024-09-13T12:52:32.106657Z",
            "yes_price": 39,
            "no_price": 61,
            "taker_side": "no"
        },
        {
            "trade_id": "2b2d761e-6632-4bf9-820d-8028c7203eaa",
            "ticker": "HIGHCHI-24SEP13-B84.5",
            "count": 30,
            "created_time": "2024-09-13T12:52:32.106657Z",
            "yes_price": 38,
            "no_price": 62,
            "taker_side": "no"
        },
        {
            "trade_id": "516948c5-bea0-4af4-93e4-0e2a4a3f360a",
            "ticker": "HIGHCHI-24SEP13-B84.5",
            "count": 5,
            "created_time": "2024-09-13T12:52:09.053911Z",
            "yes_price": 39,
            "no_price": 61,
            "taker_side": "no"
        },
        {
            "trade_id": "97ac5546-8dcc-4d6d-a85c-0eb4c5a0635d",
            "ticker": "HIGHCHI-24SEP13-B84.5",
            "count": 3,
            "created_time": "2024-09-13T12:51:15.428075Z",
            "yes_price": 41,
            "no_price": 59,
            "taker_side": "no"
        },
        {
            "trade_id": "95ee45e9-d672-4c4e-96ef-af6bad4bedf7",
            "ticker": "HIGHCHI-24SEP13-B84.5",
            "count": 10,
            "created_time": "2024-09-13T12:48:41.518013Z",
            "yes_price": 43,
            "no_price": 57,
            "taker_side": "no"
        },
        {
            "trade_id": "8e7dfe31-e5a4-48cf-9f70-f13cb9f90531",
            "ticker": "HIGHCHI-24SEP13-B84.5",
            "count": 20,
            "created_time": "2024-09-13T12:48:34.185816Z",
            "yes_price": 43,
            "no_price": 57,
            "taker_side": "no"
        },
        {
            "trade_id": "cd88bd5b-8388-424f-8ed8-7fa406006834",
            "ticker": "HIGHCHI-24SEP13-B84.5",
            "count": 20,
            "created_time": "2024-09-13T12:48:34.149458Z",
            "yes_price": 43,
            "no_price": 57,
            "taker_side": "no"
        },
        {
            "trade_id": "f7fb8b05-043d-4064-8b9f-8d61b41ec6da",
            "ticker": "HIGHCHI-24SEP13-B84.5",
            "count": 20,
            "created_time": "2024-09-13T12:12:00.14865Z",
            "yes_price": 54,
            "no_price": 46,
            "taker_side": "yes"
        },
        {
            "trade_id": "d1aea6d3-d9cf-4b8a-a361-da1938cc8e03",
            "ticker": "HIGHCHI-24SEP13-B84.5",
            "count": 104,
            "created_time": "2024-09-13T12:12:00.14865Z",
            "yes_price": 95,
            "no_price": 5,
            "taker_side": "yes"
        },
        {
            "trade_id": "c1a5361a-097e-4bfb-9765-a519a6b0313c",
            "ticker": "HIGHCHI-24SEP13-B84.5",
            "count": 50,
            "created_time": "2024-09-13T12:12:00.14865Z",
            "yes_price": 56,
            "no_price": 44,
            "taker_side": "yes"
        },
        {
            "trade_id": "b5f4c7e3-4b6d-4cf9-bb9b-d4ffb1055b6c",
            "ticker": "HIGHCHI-24SEP13-B84.5",
            "count": 40,
            "created_time": "2024-09-13T12:12:00.14865Z",
            "yes_price": 53,
            "no_price": 47,
            "taker_side": "yes"
        },
        {
            "trade_id": "7f1eb42e-3c64-4b2c-b4e1-9c1a72aa46c8",
            "ticker": "HIGHCHI-24SEP13-B84.5",
            "count": 200,
            "created_time": "2024-09-13T12:12:00.14865Z",
            "yes_price": 57,
            "no_price": 43,
            "taker_side": "yes"
        },
        {
            "trade_id": "695b8cca-aaaa-4dac-9c5b-f4d324f89f45",
            "ticker": "HIGHCHI-24SEP13-B84.5",
            "count": 200,
            "created_time": "2024-09-13T12:12:00.14865Z",
            "yes_price": 59,
            "no_price": 41,
            "taker_side": "yes"
        },
        {
            "trade_id": "e731bb62-82de-4f92-8dbf-d3d972ea234b",
            "ticker": "HIGHCHI-24SEP13-B84.5",
            "count": 20,
            "created_time": "2024-09-13T12:07:46.692453Z",
            "yes_price": 53,
            "no_price": 47,
            "taker_side": "yes"
        },
        {
            "trade_id": "a5d43f2b-a2fd-49fd-93ce-2d3785a496e8",
            "ticker": "HIGHCHI-24SEP13-B84.5",
            "count": 20,
            "created_time": "2024-09-13T12:07:46.692453Z",
            "yes_price": 53,
            "no_price": 47,
            "taker_side": "yes"
        },
        {
            "trade_id": "50aff3b0-1e6e-4d5c-b7c5-280a81192751",
            "ticker": "HIGHCHI-24SEP13-B84.5",
            "count": 60,
            "created_time": "2024-09-13T01:58:19.796023Z",
            "yes_price": 48,
            "no_price": 52,
            "taker_side": "no"
        },
        {
            "trade_id": "d22dd4bb-a176-4541-aacc-63c69c8582b7",
            "ticker": "HIGHCHI-24SEP13-B84.5",
            "count": 2,
            "created_time": "2024-09-13T01:12:51.844214Z",
            "yes_price": 57,
            "no_price": 43,
            "taker_side": "yes"
        },
        {
            "trade_id": "0e02ed48-9262-463f-98c1-42084b56b368",
            "ticker": "HIGHCHI-24SEP13-B84.5",
            "count": 20,
            "created_time": "2024-09-13T01:12:51.844214Z",
            "yes_price": 54,
            "no_price": 46,
            "taker_side": "yes"
        },
        {
            "trade_id": "1d3cfe5e-640e-4f3b-bbd5-5e2bc8519569",
            "ticker": "HIGHCHI-24SEP13-B84.5",
            "count": 20,
            "created_time": "2024-09-13T01:00:28.611945Z",
            "yes_price": 53,
            "no_price": 47,
            "taker_side": "no"
        },
        {
            "trade_id": "6428560a-6e01-421c-9dcb-b55baac90127",
            "ticker": "HIGHCHI-24SEP13-B84.5",
            "count": 35,
            "created_time": "2024-09-12T22:14:23.411489Z",
            "yes_price": 55,
            "no_price": 45,
            "taker_side": "yes"
        },
        {
            "trade_id": "015bcddd-a1ac-4c40-aadf-2e6058722a9e",
            "ticker": "HIGHCHI-24SEP13-B84.5",
            "count": 15,
            "created_time": "2024-09-12T21:48:05.231143Z",
            "yes_price": 56,
            "no_price": 44,
            "taker_side": "yes"
        },
        {
            "trade_id": "094e3dfa-624e-4af5-8df6-a59f810ed367",
            "ticker": "HIGHCHI-24SEP13-B84.5",
            "count": 3,
            "created_time": "2024-09-12T21:30:33.567584Z",
            "yes_price": 59,
            "no_price": 41,
            "taker_side": "yes"
        },
        {
            "trade_id": "b2646ac4-1c1b-4d15-9549-679c0c372264",
            "ticker": "HIGHCHI-24SEP13-B84.5",
            "count": 25,
            "created_time": "2024-09-12T21:29:26.91774Z",
            "yes_price": 59,
            "no_price": 41,
            "taker_side": "yes"
        },
        {
            "trade_id": "3e0a7554-4edf-4e39-8df8-632c1101d7b7",
            "ticker": "HIGHCHI-24SEP13-B84.5",
            "count": 40,
            "created_time": "2024-09-12T20:50:19.282523Z",
            "yes_price": 55,
            "no_price": 45,
            "taker_side": "no"
        },
        {
            "trade_id": "0bbc11b7-c87f-4b2c-9e90-76083dc58eeb",
            "ticker": "HIGHCHI-24SEP13-B84.5",
            "count": 40,
            "created_time": "2024-09-12T20:50:19.253666Z",
            "yes_price": 55,
            "no_price": 45,
            "taker_side": "no"
        },
        {
            "trade_id": "b8ece2bf-cbdf-4d44-893a-7202966e23be",
            "ticker": "HIGHCHI-24SEP13-B84.5",
            "count": 20,
            "created_time": "2024-09-12T20:10:00.049668Z",
            "yes_price": 59,
            "no_price": 41,
            "taker_side": "yes"
        },
        {
            "trade_id": "74ce3651-2774-4c78-9980-68ebf1153945",
            "ticker": "HIGHCHI-24SEP13-B84.5",
            "count": 184,
            "created_time": "2024-09-12T20:10:00.049668Z",
            "yes_price": 59,
            "no_price": 41,
            "taker_side": "yes"
        },
        {
            "trade_id": "78c23e94-86be-4ffb-8cea-dd2947a66ce0",
            "ticker": "HIGHCHI-24SEP13-B84.5",
            "count": 26,
            "created_time": "2024-09-12T20:09:14.584507Z",
            "yes_price": 53,
            "no_price": 47,
            "taker_side": "no"
        },
        {
            "trade_id": "db0b5930-da79-44a4-8028-0547c995755a",
            "ticker": "HIGHCHI-24SEP13-B84.5",
            "count": 201,
            "created_time": "2024-09-12T20:08:40.770515Z",
            "yes_price": 59,
            "no_price": 41,
            "taker_side": "yes"
        },
        {
            "trade_id": "dd3e3792-d393-4be6-b635-86c91af831c8",
            "ticker": "HIGHCHI-24SEP13-B84.5",
            "count": 20,
            "created_time": "2024-09-12T19:16:06.377988Z",
            "yes_price": 57,
            "no_price": 43,
            "taker_side": "yes"
        },
        {
            "trade_id": "9edfe9af-cb80-40b2-bf1e-ac7d5d9ef88b",
            "ticker": "HIGHCHI-24SEP13-B84.5",
            "count": 36,
            "created_time": "2024-09-12T19:16:06.377988Z",
            "yes_price": 59,
            "no_price": 41,
            "taker_side": "yes"
        },
        {
            "trade_id": "9e2d0953-b335-467a-9668-eb714f9bdd88",
            "ticker": "HIGHCHI-24SEP13-B84.5",
            "count": 41,
            "created_time": "2024-09-12T19:16:06.377988Z",
            "yes_price": 55,
            "no_price": 45,
            "taker_side": "yes"
        },
        {
            "trade_id": "3d3dc234-d326-461c-a7b2-15b9ac89188e",
            "ticker": "HIGHCHI-24SEP13-B84.5",
            "count": 3,
            "created_time": "2024-09-12T19:16:06.377988Z",
            "yes_price": 55,
            "no_price": 45,
            "taker_side": "yes"
        },
        {
            "trade_id": "327ff862-b79c-464a-ac50-f19d0ce9540a",
            "ticker": "HIGHCHI-24SEP13-B84.5",
            "count": 20,
            "created_time": "2024-09-12T19:15:54.269671Z",
            "yes_price": 51,
            "no_price": 49,
            "taker_side": "no"
        },
        {
            "trade_id": "4f379462-8771-40e3-a391-a82824c49ab2",
            "ticker": "HIGHCHI-24SEP13-B84.5",
            "count": 22,
            "created_time": "2024-09-12T18:44:34.816954Z",
            "yes_price": 51,
            "no_price": 49,
            "taker_side": "yes"
        },
        {
            "trade_id": "bb329488-86f3-4b1f-9b73-c72578ffb8b9",
            "ticker": "HIGHCHI-24SEP13-B84.5",
            "count": 100,
            "created_time": "2024-09-12T18:05:04.919991Z",
            "yes_price": 49,
            "no_price": 51,
            "taker_side": "yes"
        },
        {
            "trade_id": "75b8091c-af29-4aca-924b-e82d83102a54",
            "ticker": "HIGHCHI-24SEP13-B84.5",
            "count": 1,
            "created_time": "2024-09-12T17:30:33.996841Z",
            "yes_price": 46,
            "no_price": 54,
            "taker_side": "no"
        },
        {
            "trade_id": "a488a000-cf67-4fea-99d4-f6894f646471",
            "ticker": "HIGHCHI-24SEP13-B84.5",
            "count": 60,
            "created_time": "2024-09-12T15:55:18.360452Z",
            "yes_price": 47,
            "no_price": 53,
            "taker_side": "yes"
        },
        {
            "trade_id": "8d84fc64-87bd-427b-a425-bb7dd323d385",
            "ticker": "HIGHCHI-24SEP13-B84.5",
            "count": 200,
            "created_time": "2024-09-12T15:55:18.360452Z",
            "yes_price": 49,
            "no_price": 51,
            "taker_side": "yes"
        },
        {
            "trade_id": "c037ded1-e7bd-449d-9210-9e47a3acb224",
            "ticker": "HIGHCHI-24SEP13-B84.5",
            "count": 2,
            "created_time": "2024-09-12T14:18:57.337215Z",
            "yes_price": 39,
            "no_price": 61,
            "taker_side": "yes"
        },
        {
            "trade_id": "a15eec31-1e4b-4f45-9fd2-08092e312f59",
            "ticker": "HIGHCHI-24SEP13-B84.5",
            "count": 200,
            "created_time": "2024-09-12T14:18:57.337215Z",
            "yes_price": 43,
            "no_price": 57,
            "taker_side": "yes"
        },
        {
            "trade_id": "90277cce-5baa-4fe4-9d89-5c96c7f478c5",
            "ticker": "HIGHCHI-24SEP13-B84.5",
            "count": 1,
            "created_time": "2024-09-12T14:18:57.337215Z",
            "yes_price": 45,
            "no_price": 55,
            "taker_side": "yes"
        },
        {
            "trade_id": "75c0b913-4300-4a34-9f84-4bc3a3bf9ec9",
            "ticker": "HIGHCHI-24SEP13-B84.5",
            "count": 200,
            "created_time": "2024-09-12T14:18:57.337215Z",
            "yes_price": 45,
            "no_price": 55,
            "taker_side": "yes"
        },
        {
            "trade_id": "557d02d5-24bb-4f58-ad4b-0b64966474f6",
            "ticker": "HIGHCHI-24SEP13-B84.5",
            "count": 60,
            "created_time": "2024-09-12T14:18:57.337215Z",
            "yes_price": 40,
            "no_price": 60,
            "taker_side": "yes"
        }
    ],
    "HIGHCHI-24SEP13-T85": [
        {
            "trade_id": "ad7cc48d-fda1-4e50-aacb-e3b8b58b89d6",
            "ticker": "HIGHCHI-24SEP13-T85",
            "count": 31,
            "created_time": "2024-09-13T21:42:51.042848Z",
            "yes_price": 1,
            "no_price": 99,
            "taker_side": "no"
        },
        {
            "trade_id": "0070d899-325d-4af2-b149-6465406d7dc2",
            "ticker": "HIGHCHI-24SEP13-T85",
            "count": 19,
            "created_time": "2024-09-13T21:30:08.130667Z",
            "yes_price": 1,
            "no_price": 99,
            "taker_side": "no"
        },
        {
            "trade_id": "0ce68e9c-4a6d-4666-bb7a-c1273f8dff1f",
            "ticker": "HIGHCHI-24SEP13-T85",
            "count": 50,
            "created_time": "2024-09-13T21:10:41.584887Z",
            "yes_price": 2,
            "no_price": 98,
            "taker_side": "no"
        },
        {
            "trade_id": "5c712609-ddb7-4a5f-ab53-0061fb7ed54e",
            "ticker": "HIGHCHI-24SEP13-T85",
            "count": 62,
            "created_time": "2024-09-13T20:53:13.532866Z",
            "yes_price": 7,
            "no_price": 93,
            "taker_side": "no"
        },
        {
            "trade_id": "a590452f-5833-49cb-a906-aadd304b8d85",
            "ticker": "HIGHCHI-24SEP13-T85",
            "count": 26,
            "created_time": "2024-09-13T20:51:34.837172Z",
            "yes_price": 7,
            "no_price": 93,
            "taker_side": "no"
        },
        {
            "trade_id": "a12b450f-c9fa-473e-8408-861d56531db5",
            "ticker": "HIGHCHI-24SEP13-T85",
            "count": 11,
            "created_time": "2024-09-13T20:21:56.270565Z",
            "yes_price": 40,
            "no_price": 60,
            "taker_side": "yes"
        },
        {
            "trade_id": "92c31920-5a8e-4bcd-a034-917f7b7be449",
            "ticker": "HIGHCHI-24SEP13-T85",
            "count": 400,
            "created_time": "2024-09-13T19:47:46.342168Z",
            "yes_price": 45,
            "no_price": 55,
            "taker_side": "yes"
        },
        {
            "trade_id": "2fed5215-6d00-4cf3-a723-8eabcf12b319",
            "ticker": "HIGHCHI-24SEP13-T85",
            "count": 5,
            "created_time": "2024-09-13T18:54:42.519321Z",
            "yes_price": 26,
            "no_price": 74,
            "taker_side": "no"
        },
        {
            "trade_id": "2e2f34be-2550-4633-a73b-7ecd31557762",
            "ticker": "HIGHCHI-24SEP13-T85",
            "count": 4,
            "created_time": "2024-09-13T18:54:42.519321Z",
            "yes_price": 30,
            "no_price": 70,
            "taker_side": "no"
        },
        {
            "trade_id": "3fd2f0b7-ca12-4ff0-a327-5b56f1e9d70f",
            "ticker": "HIGHCHI-24SEP13-T85",
            "count": 50,
            "created_time": "2024-09-13T18:32:50.555842Z",
            "yes_price": 50,
            "no_price": 50,
            "taker_side": "no"
        },
        {
            "trade_id": "69230573-a741-4210-a776-f11cf35a6360",
            "ticker": "HIGHCHI-24SEP13-T85",
            "count": 35,
            "created_time": "2024-09-13T17:54:16.844927Z",
            "yes_price": 50,
            "no_price": 50,
            "taker_side": "no"
        },
        {
            "trade_id": "e491ca18-07df-47cb-95cb-4ad512e62230",
            "ticker": "HIGHCHI-24SEP13-T85",
            "count": 4,
            "created_time": "2024-09-13T14:43:50.259918Z",
            "yes_price": 65,
            "no_price": 35,
            "taker_side": "yes"
        },
        {
            "trade_id": "0fa58160-9e13-4af4-90d8-4727a6fb8dcd",
            "ticker": "HIGHCHI-24SEP13-T85",
            "count": 17,
            "created_time": "2024-09-13T14:05:04.23497Z",
            "yes_price": 61,
            "no_price": 39,
            "taker_side": "yes"
        },
        {
            "trade_id": "7f054de8-f782-42fb-a40a-76ff120107fe",
            "ticker": "HIGHCHI-24SEP13-T85",
            "count": 59,
            "created_time": "2024-09-13T13:45:53.488228Z",
            "yes_price": 60,
            "no_price": 40,
            "taker_side": "yes"
        },
        {
            "trade_id": "b96901c3-8063-481e-af0e-f2c4fa6af2e9",
            "ticker": "HIGHCHI-24SEP13-T85",
            "count": 6,
            "created_time": "2024-09-13T13:39:11.879155Z",
            "yes_price": 52,
            "no_price": 48,
            "taker_side": "no"
        },
        {
            "trade_id": "2d474627-07a6-4f3d-88e1-0793aad57a10",
            "ticker": "HIGHCHI-24SEP13-T85",
            "count": 10,
            "created_time": "2024-09-13T13:23:25.540689Z",
            "yes_price": 52,
            "no_price": 48,
            "taker_side": "no"
        },
        {
            "trade_id": "010692bc-d016-4f08-ae95-1bbebc684d70",
            "ticker": "HIGHCHI-24SEP13-T85",
            "count": 8,
            "created_time": "2024-09-13T13:18:30.715835Z",
            "yes_price": 58,
            "no_price": 42,
            "taker_side": "yes"
        },
        {
            "trade_id": "bb0ab85c-4d02-444a-a7e5-42099f7dc1a7",
            "ticker": "HIGHCHI-24SEP13-T85",
            "count": 3,
            "created_time": "2024-09-13T13:06:29.372568Z",
            "yes_price": 58,
            "no_price": 42,
            "taker_side": "yes"
        },
        {
            "trade_id": "2d3f72b6-e7a9-4ff6-8380-8a482b99c194",
            "ticker": "HIGHCHI-24SEP13-T85",
            "count": 14,
            "created_time": "2024-09-13T13:06:01.958429Z",
            "yes_price": 58,
            "no_price": 42,
            "taker_side": "no"
        },
        {
            "trade_id": "e9675b96-45f4-4830-954f-9c9ad277fa6c",
            "ticker": "HIGHCHI-24SEP13-T85",
            "count": 1,
            "created_time": "2024-09-13T13:06:01.79296Z",
            "yes_price": 58,
            "no_price": 42,
            "taker_side": "yes"
        },
        {
            "trade_id": "92e5ccbd-73f0-4aef-b343-c49babe364c4",
            "ticker": "HIGHCHI-24SEP13-T85",
            "count": 9,
            "created_time": "2024-09-13T13:05:37.648998Z",
            "yes_price": 59,
            "no_price": 41,
            "taker_side": "yes"
        },
        {
            "trade_id": "921d4313-abe7-4a5f-8fac-f44ae44cc828",
            "ticker": "HIGHCHI-24SEP13-T85",
            "count": 1,
            "created_time": "2024-09-13T13:05:37.648998Z",
            "yes_price": 58,
            "no_price": 42,
            "taker_side": "yes"
        },
        {
            "trade_id": "5b111648-6464-4f15-82a1-13593a34585e",
            "ticker": "HIGHCHI-24SEP13-T85",
            "count": 20,
            "created_time": "2024-09-13T12:52:42.400638Z",
            "yes_price": 52,
            "no_price": 48,
            "taker_side": "yes"
        },
        {
            "trade_id": "739b5e01-468e-43cf-a081-54a730430896",
            "ticker": "HIGHCHI-24SEP13-T85",
            "count": 10,
            "created_time": "2024-09-13T12:48:41.49104Z",
            "yes_price": 51,
            "no_price": 49,
            "taker_side": "no"
        },
        {
            "trade_id": "dbfcce7c-3754-4db5-9b75-6e594f304f05",
            "ticker": "HIGHCHI-24SEP13-T85",
            "count": 20,
            "created_time": "2024-09-13T12:48:34.156125Z",
            "yes_price": 52,
            "no_price": 48,
            "taker_side": "no"
        },
        {
            "trade_id": "0a5e8d3c-c250-48f2-9fb3-8688d4c0b7ad",
            "ticker": "HIGHCHI-24SEP13-T85",
            "count": 100,
            "created_time": "2024-09-13T12:32:41.049034Z",
            "yes_price": 45,
            "no_price": 55,
            "taker_side": "yes"
        },
        {
            "trade_id": "706fc3de-f9e3-4085-8c6c-4f7f35758c4a",
            "ticker": "HIGHCHI-24SEP13-T85",
            "count": 40,
            "created_time": "2024-09-13T12:12:00.259291Z",
            "yes_price": 35,
            "no_price": 65,
            "taker_side": "no"
        },
        {
            "trade_id": "691d97d3-b011-4736-ae2d-1036b2f5b453",
            "ticker": "HIGHCHI-24SEP13-T85",
            "count": 41,
            "created_time": "2024-09-13T12:07:51.422541Z",
            "yes_price": 37,
            "no_price": 63,
            "taker_side": "yes"
        },
        {
            "trade_id": "5dd9ed8e-467a-434a-8326-30826f847552",
            "ticker": "HIGHCHI-24SEP13-T85",
            "count": 20,
            "created_time": "2024-09-13T12:07:46.822607Z",
            "yes_price": 34,
            "no_price": 66,
            "taker_side": "no"
        },
        {
            "trade_id": "d1e38c8a-2cfb-4763-93ce-5bde6e561991",
            "ticker": "HIGHCHI-24SEP13-T85",
            "count": 12,
            "created_time": "2024-09-13T12:03:52.944668Z",
            "yes_price": 37,
            "no_price": 63,
            "taker_side": "yes"
        },
        {
            "trade_id": "b7ffa7f9-b74f-4b8f-a965-f10f7df29544",
            "ticker": "HIGHCHI-24SEP13-T85",
            "count": 25,
            "created_time": "2024-09-13T12:03:48.506221Z",
            "yes_price": 37,
            "no_price": 63,
            "taker_side": "yes"
        },
        {
            "trade_id": "f42bbb4c-568a-4b37-840a-af50bd44a738",
            "ticker": "HIGHCHI-24SEP13-T85",
            "count": 22,
            "created_time": "2024-09-13T12:03:41.295295Z",
            "yes_price": 37,
            "no_price": 63,
            "taker_side": "yes"
        },
        {
            "trade_id": "41cf57b5-f0ba-4140-bda6-c3511aa31e0f",
            "ticker": "HIGHCHI-24SEP13-T85",
            "count": 3,
            "created_time": "2024-09-13T12:03:41.295295Z",
            "yes_price": 36,
            "no_price": 64,
            "taker_side": "yes"
        },
        {
            "trade_id": "7a571987-616c-483d-a29e-cee4514cf0f2",
            "ticker": "HIGHCHI-24SEP13-T85",
            "count": 60,
            "created_time": "2024-09-13T01:58:19.827331Z",
            "yes_price": 29,
            "no_price": 71,
            "taker_side": "no"
        },
        {
            "trade_id": "0e47a848-3082-4ce8-ab83-bbfa87ea5bf7",
            "ticker": "HIGHCHI-24SEP13-T85",
            "count": 59,
            "created_time": "2024-09-13T01:17:52.492616Z",
            "yes_price": 29,
            "no_price": 71,
            "taker_side": "no"
        },
        {
            "trade_id": "7d1da793-92f6-40cb-8f56-6a0449bc21a9",
            "ticker": "HIGHCHI-24SEP13-T85",
            "count": 14,
            "created_time": "2024-09-13T01:10:15.149357Z",
            "yes_price": 37,
            "no_price": 63,
            "taker_side": "yes"
        },
        {
            "trade_id": "725f2bbb-8b30-41a8-8bed-28c64199512f",
            "ticker": "HIGHCHI-24SEP13-T85",
            "count": 20,
            "created_time": "2024-09-13T01:10:15.149357Z",
            "yes_price": 36,
            "no_price": 64,
            "taker_side": "yes"
        },
        {
            "trade_id": "52697948-a61d-4878-b339-391dacdcd06f",
            "ticker": "HIGHCHI-24SEP13-T85",
            "count": 20,
            "created_time": "2024-09-13T01:00:28.615373Z",
            "yes_price": 29,
            "no_price": 71,
            "taker_side": "no"
        },
        {
            "trade_id": "2b8c0976-a0d9-4c07-95f2-fae79fce76c8",
            "ticker": "HIGHCHI-24SEP13-T85",
            "count": 26,
            "created_time": "2024-09-12T23:06:42.139956Z",
            "yes_price": 36,
            "no_price": 64,
            "taker_side": "yes"
        },
        {
            "trade_id": "1e162a65-589e-4359-82be-d98e22940812",
            "ticker": "HIGHCHI-24SEP13-T85",
            "count": 34,
            "created_time": "2024-09-12T22:23:35.675629Z",
            "yes_price": 29,
            "no_price": 71,
            "taker_side": "no"
        },
        {
            "trade_id": "be4511b6-e176-4517-8462-4dc4179654ad",
            "ticker": "HIGHCHI-24SEP13-T85",
            "count": 100,
            "created_time": "2024-09-12T20:50:41.433007Z",
            "yes_price": 34,
            "no_price": 66,
            "taker_side": "no"
        },
        {
            "trade_id": "060094ee-95de-427a-8d17-14ded3e45881",
            "ticker": "HIGHCHI-24SEP13-T85",
            "count": 100,
            "created_time": "2024-09-12T20:50:30.92875Z",
            "yes_price": 33,
            "no_price": 67,
            "taker_side": "no"
        },
        {
            "trade_id": "cb1c5804-dad4-4b07-8a43-32738f20ef70",
            "ticker": "HIGHCHI-24SEP13-T85",
            "count": 40,
            "created_time": "2024-09-12T20:50:19.214897Z",
            "yes_price": 33,
            "no_price": 67,
            "taker_side": "no"
        },
        {
            "trade_id": "2d66d830-34a4-4841-ab94-7b7883745684",
            "ticker": "HIGHCHI-24SEP13-T85",
            "count": 40,
            "created_time": "2024-09-12T20:50:19.102075Z",
            "yes_price": 33,
            "no_price": 67,
            "taker_side": "no"
        },
        {
            "trade_id": "8b86459d-fc07-4c58-b886-222dba328c72",
            "ticker": "HIGHCHI-24SEP13-T85",
            "count": 20,
            "created_time": "2024-09-12T20:50:19.012406Z",
            "yes_price": 32,
            "no_price": 68,
            "taker_side": "yes"
        },
        {
            "trade_id": "c3974b40-d52c-406b-b070-0bbab36f69bd",
            "ticker": "HIGHCHI-24SEP13-T85",
            "count": 184,
            "created_time": "2024-09-12T20:10:00.136984Z",
            "yes_price": 26,
            "no_price": 74,
            "taker_side": "no"
        },
        {
            "trade_id": "eecded60-262d-4c99-baed-805254eea8d4",
            "ticker": "HIGHCHI-24SEP13-T85",
            "count": 26,
            "created_time": "2024-09-12T20:09:14.591754Z",
            "yes_price": 26,
            "no_price": 74,
            "taker_side": "no"
        },
        {
            "trade_id": "42c2e23c-e6b4-4b03-bf6c-db944a1774b6",
            "ticker": "HIGHCHI-24SEP13-T85",
            "count": 201,
            "created_time": "2024-09-12T20:08:40.841877Z",
            "yes_price": 26,
            "no_price": 74,
            "taker_side": "no"
        },
        {
            "trade_id": "9ebd3f2c-9849-44b5-a006-a6577fdd2dd7",
            "ticker": "HIGHCHI-24SEP13-T85",
            "count": 3,
            "created_time": "2024-09-12T19:16:06.476584Z",
            "yes_price": 24,
            "no_price": 76,
            "taker_side": "no"
        },
        {
            "trade_id": "9593475e-8bd4-4f97-81d8-904539c30fb4",
            "ticker": "HIGHCHI-24SEP13-T85",
            "count": 20,
            "created_time": "2024-09-12T19:15:54.262167Z",
            "yes_price": 25,
            "no_price": 75,
            "taker_side": "no"
        },
        {
            "trade_id": "c38f7bea-74bd-438d-844a-2afd9871e349",
            "ticker": "HIGHCHI-24SEP13-T85",
            "count": 200,
            "created_time": "2024-09-12T18:34:15.372131Z",
            "yes_price": 16,
            "no_price": 84,
            "taker_side": "yes"
        },
        {
            "trade_id": "a51294ff-46d4-482d-8790-8bb0556fd30e",
            "ticker": "HIGHCHI-24SEP13-T85",
            "count": 200,
            "created_time": "2024-09-12T18:34:15.372131Z",
            "yes_price": 17,
            "no_price": 83,
            "taker_side": "yes"
        },
        {
            "trade_id": "952b767e-be6a-43dd-8ab3-eb4d0492bc4e",
            "ticker": "HIGHCHI-24SEP13-T85",
            "count": 80,
            "created_time": "2024-09-12T18:34:15.372131Z",
            "yes_price": 15,
            "no_price": 85,
            "taker_side": "yes"
        },
        {
            "trade_id": "d4fa3c0c-55bd-4852-bad7-716ccdd7bb5c",
            "ticker": "HIGHCHI-24SEP13-T85",
            "count": 200,
            "created_time": "2024-09-12T18:34:05.028856Z",
            "yes_price": 14,
            "no_price": 86,
            "taker_side": "yes"
        },
        {
            "trade_id": "a3d27f00-e3af-48fd-bf0b-933e28fd09b9",
            "ticker": "HIGHCHI-24SEP13-T85",
            "count": 120,
            "created_time": "2024-09-12T18:34:05.028856Z",
            "yes_price": 12,
            "no_price": 88,
            "taker_side": "yes"
        },
        {
            "trade_id": "351238e0-cd90-44ec-a650-1f01561b4e5a",
            "ticker": "HIGHCHI-24SEP13-T85",
            "count": 200,
            "created_time": "2024-09-12T18:34:05.028856Z",
            "yes_price": 13,
            "no_price": 87,
            "taker_side": "yes"
        },
        {
            "trade_id": "28b8fd04-4aa6-4b7a-9c7e-fc00254d3b65",
            "ticker": "HIGHCHI-24SEP13-T85",
            "count": 1,
            "created_time": "2024-09-12T18:34:05.028856Z",
            "yes_price": 11,
            "no_price": 89,
            "taker_side": "yes"
        },
        {
            "trade_id": "0094e375-2847-4d0a-8c52-a62393414a8b",
            "ticker": "HIGHCHI-24SEP13-T85",
            "count": 1,
            "created_time": "2024-09-12T17:30:34.249117Z",
            "yes_price": 11,
            "no_price": 89,
            "taker_side": "yes"
        },
        {
            "trade_id": "b3bbe83e-7470-465c-822e-b263b03a880d",
            "ticker": "HIGHCHI-24SEP13-T85",
            "count": 5,
            "created_time": "2024-09-12T14:46:07.793541Z",
            "yes_price": 5,
            "no_price": 95,
            "taker_side": "no"
        },
        {
            "trade_id": "3cc90e1b-e0af-4996-afe0-3d1a987bee47",
            "ticker": "HIGHCHI-24SEP13-T85",
            "count": 27,
            "created_time": "2024-09-12T14:38:15.75399Z",
            "yes_price": 5,
            "no_price": 95,
            "taker_side": "no"
        }
    ]
}