{
    "HIGHCHI-24MAR01-T48": [
        {
            "trade_id": "63199a5a-b111-43df-9c0c-18eae12f265b",
            "ticker": "HIGHCHI-24MAR01-T48",
            "count": 5,
            "created_time": "2024-03-01T14:38:22.717205Z",
            "yes_price": 49,
            "no_price": 51,
            "taker_side": "yes"
        },
        {
            "trade_id": "1c84d5da-ec70-4a48-952e-6a699682f73d",
            "ticker": "HIGHCHI-24MAR01-T48",
            "count": 3,
            "created_time": "2024-03-01T14:23:27.452838Z",
            "yes_price": 45,
            "no_price": 55,
            "taker_side": "no"
        },
        {
            "trade_id": "2b8c2224-2c9a-4033-96b4-c18317f9342c",
            "ticker": "HIGHCHI-24MAR01-T48",
            "count": 1,
            "created_time": "2024-03-01T02:21:57.388787Z",
            "yes_price": 38,
            "no_price": 62,
            "taker_side": "yes"
        },
        {
            "trade_id": "ba1c23ae-3ff1-4ff8-b8f8-73a10624a6de",
            "ticker": "HIGHCHI-24MAR01-T48",
            "count": 125,
            "created_time": "2024-03-01T01:29:03.372762Z",
            "yes_price": 29,
            "no_price": 71,
            "taker_side": "yes"
        },
        {
            "trade_id": "8568dc36-e1ba-4ae1-a2dc-354671d75386",
            "ticker": "HIGHCHI-24MAR01-T48",
            "count": 37,
            "created_time": "2024-03-01T01:29:03.372762Z",
            "yes_price": 27,
            "no_price": 73,
            "taker_side": "yes"
        },
        {
            "trade_id": "6f023cbb-8cbc-4f69-8ebc-fece5455ba2a",
            "ticker": "HIGHCHI-24MAR01-T48",
            "count": 125,
            "created_time": "2024-03-01T01:29:03.372762Z",
            "yes_price": 31,
            "no_price": 69,
            "taker_side": "yes"
        },
        {
            "trade_id": "e1b662e3-4a68-4c91-8348-3ed2002bd6dd",
            "ticker": "HIGHCHI-24MAR01-T48",
            "count": 87,
            "created_time": "2024-03-01T01:28:57.383897Z",
            "yes_price": 23,
            "no_price": 77,
            "taker_side": "yes"
        },
        {
            "trade_id": "6698995a-f3f9-477a-b0b0-44271e4f915f",
            "ticker": "HIGHCHI-24MAR01-T48",
            "count": 125,
            "created_time": "2024-03-01T01:28:57.383897Z",
            "yes_price": 27,
            "no_price": 73,
            "taker_side": "yes"
        },
        {
            "trade_id": "10e665f2-fb98-464a-8116-150b3fa2c05d",
            "ticker": "HIGHCHI-24MAR01-T48",
            "count": 125,
            "created_time": "2024-03-01T01:28:57.383897Z",
            "yes_price": 25,
            "no_price": 75,
            "taker_side": "yes"
        },
        {
            "trade_id": "ddca76f3-2acb-42fe-9519-bb8bc098be1f",
            "ticker": "HIGHCHI-24MAR01-T48",
            "count": 125,
            "created_time": "2024-03-01T01:28:51.17163Z",
            "yes_price": 22,
            "no_price": 78,
            "taker_side": "yes"
        },
        {
            "trade_id": "85b160f0-f84d-4786-b6cf-03dd7e83a2e9",
            "ticker": "HIGHCHI-24MAR01-T48",
            "count": 125,
            "created_time": "2024-03-01T01:28:51.17163Z",
            "yes_price": 21,
            "no_price": 79,
            "taker_side": "yes"
        },
        {
            "trade_id": "5d8b03da-dfa1-43cc-856d-c2b4c7069925",
            "ticker": "HIGHCHI-24MAR01-T48",
            "count": 25,
            "created_time": "2024-03-01T01:28:51.17163Z",
            "yes_price": 19,
            "no_price": 81,
            "taker_side": "yes"
        },
        {
            "trade_id": "f6cf31fd-6765-4256-b4d8-10e1a2a37b56",
            "ticker": "HIGHCHI-24MAR01-T48",
            "count": 75,
            "created_time": "2024-03-01T01:28:44.346755Z",
            "yes_price": 16,
            "no_price": 84,
            "taker_side": "yes"
        },
        {
            "trade_id": "5807d432-cd8c-4e71-8965-f70f9d363686",
            "ticker": "HIGHCHI-24MAR01-T48",
            "count": 125,
            "created_time": "2024-03-01T01:28:44.346755Z",
            "yes_price": 19,
            "no_price": 81,
            "taker_side": "yes"
        },
        {
            "trade_id": "262155d2-afaa-46d8-b63f-fb6548513fc2",
            "ticker": "HIGHCHI-24MAR01-T48",
            "count": 125,
            "created_time": "2024-03-01T01:28:44.346755Z",
            "yes_price": 18,
            "no_price": 82,
            "taker_side": "yes"
        },
        {
            "trade_id": "ef82c1c5-21ae-4aa3-bc22-6b45245de5ad",
            "ticker": "HIGHCHI-24MAR01-T48",
            "count": 125,
            "created_time": "2024-03-01T01:28:36.995994Z",
            "yes_price": 15,
            "no_price": 85,
            "taker_side": "yes"
        },
        {
            "trade_id": "899d6829-d922-4f2a-80de-1d9d916210b5",
            "ticker": "HIGHCHI-24MAR01-T48",
            "count": 112,
            "created_time": "2024-03-01T01:28:36.995994Z",
            "yes_price": 13,
            "no_price": 87,
            "taker_side": "yes"
        },
        {
            "trade_id": "55f6ba24-b1b1-4bb3-a917-1075e043035f",
            "ticker": "HIGHCHI-24MAR01-T48",
            "count": 123,
            "created_time": "2024-03-01T01:28:36.995994Z",
            "yes_price": 16,
            "no_price": 84,
            "taker_side": "yes"
        },
        {
            "trade_id": "d8c789ba-7dde-494d-b8fb-9f35bdc9dc15",
            "ticker": "HIGHCHI-24MAR01-T48",
            "count": 1,
            "created_time": "2024-03-01T01:28:31.112154Z",
            "yes_price": 21,
            "no_price": 79,
            "taker_side": "no"
        },
        {
            "trade_id": "45748834-52fd-4fbb-9cff-6a633e98b0f7",
            "ticker": "HIGHCHI-24MAR01-T48",
            "count": 1,
            "created_time": "2024-03-01T01:28:31.112154Z",
            "yes_price": 21,
            "no_price": 79,
            "taker_side": "no"
        },
        {
            "trade_id": "77912c8a-29ad-4fe3-9cfd-859a5ae733f0",
            "ticker": "HIGHCHI-24MAR01-T48",
            "count": 10,
            "created_time": "2024-02-29T21:17:47.690232Z",
            "yes_price": 98,
            "no_price": 2,
            "taker_side": "yes"
        },
        {
            "trade_id": "929da34d-fd54-4b88-9257-c8b6c93f6c32",
            "ticker": "HIGHCHI-24MAR01-T48",
            "count": 1,
            "created_time": "2024-02-29T20:10:36.10463Z",
            "yes_price": 18,
            "no_price": 82,
            "taker_side": "no"
        },
        {
            "trade_id": "efe2d333-2c20-403b-b592-f2e586df25f7",
            "ticker": "HIGHCHI-24MAR01-T48",
            "count": 10,
            "created_time": "2024-02-29T15:40:01.905372Z",
            "yes_price": 7,
            "no_price": 93,
            "taker_side": "yes"
        },
        {
            "trade_id": "c0e951fe-5d7d-415f-890d-3537753c1e98",
            "ticker": "HIGHCHI-24MAR01-T48",
            "count": 8,
            "created_time": "2024-02-29T15:40:01.905372Z",
            "yes_price": 7,
            "no_price": 93,
            "taker_side": "yes"
        }
    ],
    "HIGHCHI-24MAR01-B48.5": [
        {
            "trade_id": "014a47f3-796c-4d87-bdaf-061387679792",
            "ticker": "HIGHCHI-24MAR01-B48.5",
            "count": 4,
            "created_time": "2024-03-02T04:39:50.596635Z",
            "yes_price": 7,
            "no_price": 93,
            "taker_side": "yes"
        },
        {
            "trade_id": "46ae48c2-706b-4f5c-9b57-fcf5d0cd1d15",
            "ticker": "HIGHCHI-24MAR01-B48.5",
            "count": 3,
            "created_time": "2024-03-01T14:23:27.363914Z",
            "yes_price": 52,
            "no_price": 48,
            "taker_side": "yes"
        },
        {
            "trade_id": "80476a9b-e498-40c7-a1bd-c9ef38f74d00",
            "ticker": "HIGHCHI-24MAR01-B48.5",
            "count": 37,
            "created_time": "2024-03-01T02:40:00.379481Z",
            "yes_price": 36,
            "no_price": 64,
            "taker_side": "yes"
        },
        {
            "trade_id": "1df18d61-b057-41ff-97d9-7aa0cf0db64c",
            "ticker": "HIGHCHI-24MAR01-B48.5",
            "count": 75,
            "created_time": "2024-03-01T02:05:18.732428Z",
            "yes_price": 35,
            "no_price": 65,
            "taker_side": "yes"
        },
        {
            "trade_id": "690b991b-bd6f-41f7-94b5-dc5c274b5a76",
            "ticker": "HIGHCHI-24MAR01-B48.5",
            "count": 62,
            "created_time": "2024-03-01T02:05:02.408006Z",
            "yes_price": 34,
            "no_price": 66,
            "taker_side": "yes"
        },
        {
            "trade_id": "5662433e-a911-49eb-acdb-8c417b2413ba",
            "ticker": "HIGHCHI-24MAR01-B48.5",
            "count": 62,
            "created_time": "2024-03-01T02:04:53.897323Z",
            "yes_price": 33,
            "no_price": 67,
            "taker_side": "yes"
        },
        {
            "trade_id": "ffc34263-0b2c-4dbc-9217-02089149f7ca",
            "ticker": "HIGHCHI-24MAR01-B48.5",
            "count": 62,
            "created_time": "2024-03-01T02:04:47.107123Z",
            "yes_price": 32,
            "no_price": 68,
            "taker_side": "yes"
        },
        {
            "trade_id": "00f67f43-2e62-41d5-988a-65f1d085709e",
            "ticker": "HIGHCHI-24MAR01-B48.5",
            "count": 75,
            "created_time": "2024-03-01T02:04:40.77844Z",
            "yes_price": 31,
            "no_price": 69,
            "taker_side": "yes"
        },
        {
            "trade_id": "392e4498-9fa2-44c5-8ab8-cf8e7eeb114a",
            "ticker": "HIGHCHI-24MAR01-B48.5",
            "count": 50,
            "created_time": "2024-03-01T02:04:35.20212Z",
            "yes_price": 30,
            "no_price": 70,
            "taker_side": "yes"
        },
        {
            "trade_id": "892718a1-bf40-445a-ace4-9cd3466d1d0a",
            "ticker": "HIGHCHI-24MAR01-B48.5",
            "count": 10,
            "created_time": "2024-02-29T21:17:47.766905Z",
            "yes_price": 24,
            "no_price": 76,
            "taker_side": "no"
        },
        {
            "trade_id": "3df469ba-0da6-4d8e-985c-340c1f8ba9aa",
            "ticker": "HIGHCHI-24MAR01-B48.5",
            "count": 1,
            "created_time": "2024-02-29T20:20:10.653539Z",
            "yes_price": 20,
            "no_price": 80,
            "taker_side": "yes"
        },
        {
            "trade_id": "fa804d7f-2354-4b1b-a3ba-70180aa9b07e",
            "ticker": "HIGHCHI-24MAR01-B48.5",
            "count": 9,
            "created_time": "2024-02-29T20:20:10.62779Z",
            "yes_price": 20,
            "no_price": 80,
            "taker_side": "yes"
        },
        {
            "trade_id": "c86eddb3-fb54-4596-8b7c-c6786be9e49e",
            "ticker": "HIGHCHI-24MAR01-B48.5",
            "count": 49,
            "created_time": "2024-02-29T20:10:36.018253Z",
            "yes_price": 20,
            "no_price": 80,
            "taker_side": "yes"
        },
        {
            "trade_id": "5aac1f83-27cd-4a1b-bba8-01cd72bc7e33",
            "ticker": "HIGHCHI-24MAR01-B48.5",
            "count": 49,
            "created_time": "2024-02-29T20:10:36.018253Z",
            "yes_price": 18,
            "no_price": 82,
            "taker_side": "yes"
        },
        {
            "trade_id": "2f668b4f-4927-4cef-b823-95680e113896",
            "ticker": "HIGHCHI-24MAR01-B48.5",
            "count": 1,
            "created_time": "2024-02-29T20:10:36.018253Z",
            "yes_price": 17,
            "no_price": 83,
            "taker_side": "yes"
        },
        {
            "trade_id": "e9a63ef1-c71b-434f-a48a-d5c54a1e94c9",
            "ticker": "HIGHCHI-24MAR01-B48.5",
            "count": 1,
            "created_time": "2024-02-29T18:48:52.365035Z",
            "yes_price": 18,
            "no_price": 82,
            "taker_side": "yes"
        },
        {
            "trade_id": "e54d782e-76e7-49e5-a45d-e3b43a67629c",
            "ticker": "HIGHCHI-24MAR01-B48.5",
            "count": 125,
            "created_time": "2024-02-29T18:07:45.965573Z",
            "yes_price": 22,
            "no_price": 78,
            "taker_side": "yes"
        },
        {
            "trade_id": "cc36e18d-4a0a-4ce6-b99a-b882658824c8",
            "ticker": "HIGHCHI-24MAR01-B48.5",
            "count": 125,
            "created_time": "2024-02-29T18:07:45.965573Z",
            "yes_price": 21,
            "no_price": 79,
            "taker_side": "yes"
        },
        {
            "trade_id": "9d5c883e-656c-416c-bd38-684e7699a08c",
            "ticker": "HIGHCHI-24MAR01-B48.5",
            "count": 50,
            "created_time": "2024-02-29T18:07:45.965573Z",
            "yes_price": 19,
            "no_price": 81,
            "taker_side": "yes"
        },
        {
            "trade_id": "b1137eee-3981-4dd2-b560-69430d1c79c6",
            "ticker": "HIGHCHI-24MAR01-B48.5",
            "count": 1,
            "created_time": "2024-02-29T17:35:40.565367Z",
            "yes_price": 14,
            "no_price": 86,
            "taker_side": "yes"
        },
        {
            "trade_id": "96bd0f57-a528-41e9-916b-eb1cf790239d",
            "ticker": "HIGHCHI-24MAR01-B48.5",
            "count": 1,
            "created_time": "2024-02-29T17:24:30.264011Z",
            "yes_price": 17,
            "no_price": 83,
            "taker_side": "no"
        },
        {
            "trade_id": "ad5a7571-0761-4b14-beb1-2896b5ed59e2",
            "ticker": "HIGHCHI-24MAR01-B48.5",
            "count": 10,
            "created_time": "2024-02-29T15:39:20.701976Z",
            "yes_price": 10,
            "no_price": 90,
            "taker_side": "yes"
        },
        {
            "trade_id": "0f6f156c-8b75-41b1-9284-fc727f908ee5",
            "ticker": "HIGHCHI-24MAR01-B48.5",
            "count": 4,
            "created_time": "2024-02-29T15:39:20.701976Z",
            "yes_price": 10,
            "no_price": 90,
            "taker_side": "yes"
        },
        {
            "trade_id": "4c45f7aa-e5be-412a-9c00-eb91e5bbc024",
            "ticker": "HIGHCHI-24MAR01-B48.5",
            "count": 1,
            "created_time": "2024-02-29T15:35:52.775952Z",
            "yes_price": 10,
            "no_price": 90,
            "taker_side": "yes"
        },
        {
            "trade_id": "9007abf1-7e6d-4da8-a3c3-25342fd6626e",
            "ticker": "HIGHCHI-24MAR01-B48.5",
            "count": 1,
            "created_time": "2024-02-29T15:14:37.682994Z",
            "yes_price": 26,
            "no_price": 74,
            "taker_side": "no"
        }
    ],
    "HIGHCHI-24MAR01-B50.5": [
        {
            "trade_id": "22b52689-dec2-4ea2-bf43-1bd884c60a5c",
            "ticker": "HIGHCHI-24MAR01-B50.5",
            "count": 3,
            "created_time": "2024-03-01T14:23:27.451377Z",
            "yes_price": 7,
            "no_price": 93,
            "taker_side": "no"
        },
        {
            "trade_id": "7e3ab3c2-5a55-4e9d-816e-46279fc17532",
            "ticker": "HIGHCHI-24MAR01-B50.5",
            "count": 8,
            "created_time": "2024-03-01T13:00:09.972847Z",
            "yes_price": 15,
            "no_price": 85,
            "taker_side": "no"
        },
        {
            "trade_id": "35c52418-e0d0-4e18-805a-c0a596801ee6",
            "ticker": "HIGHCHI-24MAR01-B50.5",
            "count": 50,
            "created_time": "2024-03-01T02:39:44.316045Z",
            "yes_price": 21,
            "no_price": 79,
            "taker_side": "yes"
        },
        {
            "trade_id": "40c8b474-8837-4d79-87e4-999ceec73dce",
            "ticker": "HIGHCHI-24MAR01-B50.5",
            "count": 6,
            "created_time": "2024-03-01T02:30:52.449557Z",
            "yes_price": 20,
            "no_price": 80,
            "taker_side": "yes"
        },
        {
            "trade_id": "6f57706f-baf8-4321-8e9e-e21b371f46cd",
            "ticker": "HIGHCHI-24MAR01-B50.5",
            "count": 12,
            "created_time": "2024-03-01T01:28:31.008969Z",
            "yes_price": 22,
            "no_price": 78,
            "taker_side": "yes"
        },
        {
            "trade_id": "08e9685f-1124-47de-a639-5c1d2ff8525d",
            "ticker": "HIGHCHI-24MAR01-B50.5",
            "count": 87,
            "created_time": "2024-03-01T01:27:31.140925Z",
            "yes_price": 22,
            "no_price": 78,
            "taker_side": "no"
        },
        {
            "trade_id": "85a6d976-d0a5-464f-8191-f730fc52fb4a",
            "ticker": "HIGHCHI-24MAR01-B50.5",
            "count": 12,
            "created_time": "2024-03-01T01:26:57.394149Z",
            "yes_price": 23,
            "no_price": 77,
            "taker_side": "no"
        },
        {
            "trade_id": "d2ff3daf-52a3-4061-8230-2fe47f182057",
            "ticker": "HIGHCHI-24MAR01-B50.5",
            "count": 12,
            "created_time": "2024-03-01T01:26:36.712255Z",
            "yes_price": 23,
            "no_price": 77,
            "taker_side": "no"
        },
        {
            "trade_id": "d4ed2f8e-c40a-4a67-987e-31fa73098f2a",
            "ticker": "HIGHCHI-24MAR01-B50.5",
            "count": 37,
            "created_time": "2024-03-01T01:26:02.053323Z",
            "yes_price": 23,
            "no_price": 77,
            "taker_side": "no"
        },
        {
            "trade_id": "16cceccb-5e17-495d-b21d-595f5a37e24a",
            "ticker": "HIGHCHI-24MAR01-B50.5",
            "count": 25,
            "created_time": "2024-03-01T01:25:28.26747Z",
            "yes_price": 23,
            "no_price": 77,
            "taker_side": "no"
        },
        {
            "trade_id": "4ccdb5ac-12c1-4f63-a1bd-9da347117619",
            "ticker": "HIGHCHI-24MAR01-B50.5",
            "count": 75,
            "created_time": "2024-03-01T00:36:59.739273Z",
            "yes_price": 22,
            "no_price": 78,
            "taker_side": "no"
        },
        {
            "trade_id": "1bec8705-4cfb-41a2-9d8b-658bec106936",
            "ticker": "HIGHCHI-24MAR01-B50.5",
            "count": 37,
            "created_time": "2024-03-01T00:36:41.74763Z",
            "yes_price": 23,
            "no_price": 77,
            "taker_side": "no"
        },
        {
            "trade_id": "a19ec070-d050-4c80-8e56-de61f0a683bb",
            "ticker": "HIGHCHI-24MAR01-B50.5",
            "count": 10,
            "created_time": "2024-02-29T21:17:47.755677Z",
            "yes_price": 23,
            "no_price": 77,
            "taker_side": "no"
        },
        {
            "trade_id": "bbedd914-66c3-4e3f-831c-8aaaee0e3514",
            "ticker": "HIGHCHI-24MAR01-B50.5",
            "count": 1,
            "created_time": "2024-02-29T20:38:37.89393Z",
            "yes_price": 28,
            "no_price": 72,
            "taker_side": "yes"
        },
        {
            "trade_id": "6a6a6b3f-935e-4348-abee-df0f214090f9",
            "ticker": "HIGHCHI-24MAR01-B50.5",
            "count": 10,
            "created_time": "2024-02-29T20:38:37.875267Z",
            "yes_price": 28,
            "no_price": 72,
            "taker_side": "yes"
        },
        {
            "trade_id": "2c89bf7b-1e59-4c0d-a536-579a4dcee968",
            "ticker": "HIGHCHI-24MAR01-B50.5",
            "count": 87,
            "created_time": "2024-02-29T20:37:57.285224Z",
            "yes_price": 22,
            "no_price": 78,
            "taker_side": "no"
        },
        {
            "trade_id": "96a6b366-bebf-467b-9263-5575abde841d",
            "ticker": "HIGHCHI-24MAR01-B50.5",
            "count": 1,
            "created_time": "2024-02-29T20:10:36.116489Z",
            "yes_price": 15,
            "no_price": 85,
            "taker_side": "no"
        },
        {
            "trade_id": "f70a180b-0222-49f1-a049-e7c853a13134",
            "ticker": "HIGHCHI-24MAR01-B50.5",
            "count": 87,
            "created_time": "2024-02-29T18:17:44.013805Z",
            "yes_price": 22,
            "no_price": 78,
            "taker_side": "no"
        },
        {
            "trade_id": "bccdab6a-257e-4f6b-895e-49f3cb9d410a",
            "ticker": "HIGHCHI-24MAR01-B50.5",
            "count": 25,
            "created_time": "2024-02-29T18:17:21.631406Z",
            "yes_price": 23,
            "no_price": 77,
            "taker_side": "no"
        },
        {
            "trade_id": "cb1ef001-6b9e-4c13-b271-a1935feade68",
            "ticker": "HIGHCHI-24MAR01-B50.5",
            "count": 37,
            "created_time": "2024-02-29T18:16:45.729779Z",
            "yes_price": 23,
            "no_price": 77,
            "taker_side": "no"
        },
        {
            "trade_id": "38689f14-c119-4eec-8a06-ce3f98012b8b",
            "ticker": "HIGHCHI-24MAR01-B50.5",
            "count": 37,
            "created_time": "2024-02-29T18:07:27.127841Z",
            "yes_price": 24,
            "no_price": 76,
            "taker_side": "no"
        },
        {
            "trade_id": "84c948de-da7f-4e90-8701-d070bea31c2b",
            "ticker": "HIGHCHI-24MAR01-B50.5",
            "count": 125,
            "created_time": "2024-02-29T18:06:49.265812Z",
            "yes_price": 23,
            "no_price": 77,
            "taker_side": "no"
        },
        {
            "trade_id": "7a010e95-be8d-404e-a0e6-e0815e068737",
            "ticker": "HIGHCHI-24MAR01-B50.5",
            "count": 75,
            "created_time": "2024-02-29T18:06:49.265812Z",
            "yes_price": 27,
            "no_price": 73,
            "taker_side": "no"
        },
        {
            "trade_id": "303489ff-14d4-48be-ab09-894d723cfcd5",
            "ticker": "HIGHCHI-24MAR01-B50.5",
            "count": 125,
            "created_time": "2024-02-29T18:06:49.265812Z",
            "yes_price": 25,
            "no_price": 75,
            "taker_side": "no"
        },
        {
            "trade_id": "9e60b1d4-c467-47fd-82a0-2be66ace632d",
            "ticker": "HIGHCHI-24MAR01-B50.5",
            "count": 6,
            "created_time": "2024-02-29T17:48:29.900982Z",
            "yes_price": 24,
            "no_price": 76,
            "taker_side": "yes"
        },
        {
            "trade_id": "4b5c3af3-25c4-4f09-84fa-015963c844f7",
            "ticker": "HIGHCHI-24MAR01-B50.5",
            "count": 1,
            "created_time": "2024-02-29T17:30:20.755824Z",
            "yes_price": 23,
            "no_price": 77,
            "taker_side": "no"
        },
        {
            "trade_id": "ab36c9d7-5c11-41bd-bd60-66f12b9fe5fd",
            "ticker": "HIGHCHI-24MAR01-B50.5",
            "count": 11,
            "created_time": "2024-02-29T15:39:35.078099Z",
            "yes_price": 22,
            "no_price": 78,
            "taker_side": "yes"
        },
        {
            "trade_id": "6d317c37-1cfd-4b08-bbdd-0e60c75305bc",
            "ticker": "HIGHCHI-24MAR01-B50.5",
            "count": 39,
            "created_time": "2024-02-29T15:39:35.078099Z",
            "yes_price": 22,
            "no_price": 78,
            "taker_side": "yes"
        }
    ],
    "HIGHCHI-24MAR01-B52.5": [
        {
            "trade_id": "0f1528be-e905-4fcd-96b3-a4b5e00db59b",
            "ticker": "HIGHCHI-24MAR01-B52.5",
            "count": 2,
            "created_time": "2024-03-01T20:44:35.064794Z",
            "yes_price": 1,
            "no_price": 99,
            "taker_side": "no"
        },
        {
            "trade_id": "893c797d-e968-47bc-bfd7-85a5d57524c3",
            "ticker": "HIGHCHI-24MAR01-B52.5",
            "count": 3,
            "created_time": "2024-03-01T14:23:27.454039Z",
            "yes_price": 1,
            "no_price": 99,
            "taker_side": "no"
        },
        {
            "trade_id": "c4a07340-33aa-47d7-acab-905df67ad567",
            "ticker": "HIGHCHI-24MAR01-B52.5",
            "count": 25,
            "created_time": "2024-03-01T02:39:34.36877Z",
            "yes_price": 7,
            "no_price": 93,
            "taker_side": "no"
        },
        {
            "trade_id": "beb9389e-6be6-43ed-96c5-987197c3d743",
            "ticker": "HIGHCHI-24MAR01-B52.5",
            "count": 118,
            "created_time": "2024-03-01T02:39:26.942867Z",
            "yes_price": 7,
            "no_price": 93,
            "taker_side": "no"
        },
        {
            "trade_id": "c6378350-403d-4e6a-a526-d5dec391a622",
            "ticker": "HIGHCHI-24MAR01-B52.5",
            "count": 50,
            "created_time": "2024-03-01T02:39:07.360907Z",
            "yes_price": 8,
            "no_price": 92,
            "taker_side": "no"
        },
        {
            "trade_id": "ff884d42-6bcf-49a5-bc5e-b8ebf1b6bc98",
            "ticker": "HIGHCHI-24MAR01-B52.5",
            "count": 25,
            "created_time": "2024-03-01T01:27:45.300517Z",
            "yes_price": 18,
            "no_price": 82,
            "taker_side": "no"
        },
        {
            "trade_id": "bf104ff1-64a7-4eac-a902-dd4d0d88c458",
            "ticker": "HIGHCHI-24MAR01-B52.5",
            "count": 12,
            "created_time": "2024-03-01T01:27:05.460592Z",
            "yes_price": 18,
            "no_price": 82,
            "taker_side": "no"
        },
        {
            "trade_id": "a39e1891-4d2e-4c96-9aca-3ddea134a9e7",
            "ticker": "HIGHCHI-24MAR01-B52.5",
            "count": 12,
            "created_time": "2024-03-01T01:26:44.09508Z",
            "yes_price": 18,
            "no_price": 82,
            "taker_side": "no"
        },
        {
            "trade_id": "819b9da2-e7cf-450a-a622-be6660283e56",
            "ticker": "HIGHCHI-24MAR01-B52.5",
            "count": 12,
            "created_time": "2024-03-01T01:26:09.814047Z",
            "yes_price": 18,
            "no_price": 82,
            "taker_side": "no"
        },
        {
            "trade_id": "05dfebd0-ac24-45d5-b775-1e4d8824d6db",
            "ticker": "HIGHCHI-24MAR01-B52.5",
            "count": 100,
            "created_time": "2024-03-01T01:25:48.801412Z",
            "yes_price": 18,
            "no_price": 82,
            "taker_side": "no"
        },
        {
            "trade_id": "c729e5f4-d302-48f8-9201-d855bc24b3ed",
            "ticker": "HIGHCHI-24MAR01-B52.5",
            "count": 62,
            "created_time": "2024-03-01T00:37:13.006587Z",
            "yes_price": 20,
            "no_price": 80,
            "taker_side": "no"
        },
        {
            "trade_id": "ef84a4d0-dc5a-4eb5-b6b0-a5a82607eb1c",
            "ticker": "HIGHCHI-24MAR01-B52.5",
            "count": 3,
            "created_time": "2024-02-29T23:07:58.032547Z",
            "yes_price": 19,
            "no_price": 81,
            "taker_side": "no"
        },
        {
            "trade_id": "422e5508-73a0-4357-ba80-e6dff1f14e46",
            "ticker": "HIGHCHI-24MAR01-B52.5",
            "count": 10,
            "created_time": "2024-02-29T21:17:47.776651Z",
            "yes_price": 18,
            "no_price": 82,
            "taker_side": "no"
        },
        {
            "trade_id": "97ea2a93-f618-4d1b-974e-30f1890da098",
            "ticker": "HIGHCHI-24MAR01-B52.5",
            "count": 25,
            "created_time": "2024-02-29T20:43:20.341422Z",
            "yes_price": 21,
            "no_price": 79,
            "taker_side": "no"
        },
        {
            "trade_id": "6ffb13fa-40d1-473b-89be-f64d63536af0",
            "ticker": "HIGHCHI-24MAR01-B52.5",
            "count": 62,
            "created_time": "2024-02-29T20:37:45.143614Z",
            "yes_price": 21,
            "no_price": 79,
            "taker_side": "no"
        },
        {
            "trade_id": "4cd5b078-6243-43ce-94f0-5f4387bd06b9",
            "ticker": "HIGHCHI-24MAR01-B52.5",
            "count": 1,
            "created_time": "2024-02-29T20:10:36.105495Z",
            "yes_price": 23,
            "no_price": 77,
            "taker_side": "no"
        },
        {
            "trade_id": "e270ec3c-8fe3-4d0f-84bb-23dc31d2d0c6",
            "ticker": "HIGHCHI-24MAR01-B52.5",
            "count": 12,
            "created_time": "2024-02-29T18:16:55.531113Z",
            "yes_price": 22,
            "no_price": 78,
            "taker_side": "no"
        },
        {
            "trade_id": "498cbd83-0eef-4a9f-bd1f-a60447fc516e",
            "ticker": "HIGHCHI-24MAR01-B52.5",
            "count": 75,
            "created_time": "2024-02-29T18:08:24.910435Z",
            "yes_price": 22,
            "no_price": 78,
            "taker_side": "no"
        },
        {
            "trade_id": "19f5b8c9-d61c-41da-84e7-b05712831438",
            "ticker": "HIGHCHI-24MAR01-B52.5",
            "count": 62,
            "created_time": "2024-02-29T18:07:35.965851Z",
            "yes_price": 24,
            "no_price": 76,
            "taker_side": "no"
        },
        {
            "trade_id": "9f07ef13-5178-4979-8d57-12a564bd8d18",
            "ticker": "HIGHCHI-24MAR01-B52.5",
            "count": 125,
            "created_time": "2024-02-29T18:07:02.300325Z",
            "yes_price": 24,
            "no_price": 76,
            "taker_side": "no"
        },
        {
            "trade_id": "312f72a9-4e08-4164-9efe-fa2ea9b9cf58",
            "ticker": "HIGHCHI-24MAR01-B52.5",
            "count": 12,
            "created_time": "2024-02-29T18:07:02.300325Z",
            "yes_price": 26,
            "no_price": 74,
            "taker_side": "no"
        },
        {
            "trade_id": "ea47ce34-2d87-4199-a767-f787d3ba7b8d",
            "ticker": "HIGHCHI-24MAR01-B52.5",
            "count": 125,
            "created_time": "2024-02-29T18:06:09.222403Z",
            "yes_price": 23,
            "no_price": 77,
            "taker_side": "no"
        },
        {
            "trade_id": "47f4d722-e4e8-4667-8c8b-d73b882c1edc",
            "ticker": "HIGHCHI-24MAR01-B52.5",
            "count": 62,
            "created_time": "2024-02-29T18:06:09.222403Z",
            "yes_price": 27,
            "no_price": 73,
            "taker_side": "no"
        },
        {
            "trade_id": "3cac3c9e-0f58-43b4-a8c3-4917ac49f023",
            "ticker": "HIGHCHI-24MAR01-B52.5",
            "count": 125,
            "created_time": "2024-02-29T18:06:09.222403Z",
            "yes_price": 25,
            "no_price": 75,
            "taker_side": "no"
        },
        {
            "trade_id": "70eb80c7-926e-48c4-8971-b18d6c5454a8",
            "ticker": "HIGHCHI-24MAR01-B52.5",
            "count": 1,
            "created_time": "2024-02-29T17:30:21.461563Z",
            "yes_price": 28,
            "no_price": 72,
            "taker_side": "no"
        },
        {
            "trade_id": "138b31e3-9930-4f42-bef6-4803feaffeff",
            "ticker": "HIGHCHI-24MAR01-B52.5",
            "count": 6,
            "created_time": "2024-02-29T16:40:23.257206Z",
            "yes_price": 31,
            "no_price": 69,
            "taker_side": "yes"
        },
        {
            "trade_id": "0cc15e82-deae-4fbb-b55a-90794d820d14",
            "ticker": "HIGHCHI-24MAR01-B52.5",
            "count": 8,
            "created_time": "2024-02-29T16:40:23.257206Z",
            "yes_price": 33,
            "no_price": 67,
            "taker_side": "yes"
        },
        {
            "trade_id": "c62157c2-98b0-4127-8c64-f132e7b217d8",
            "ticker": "HIGHCHI-24MAR01-B52.5",
            "count": 1,
            "created_time": "2024-02-29T15:35:52.884997Z",
            "yes_price": 28,
            "no_price": 72,
            "taker_side": "no"
        }
    ],
    "HIGHCHI-24MAR01-B54.5": [
        {
            "trade_id": "2a837a76-12c5-4d0b-841c-f5138de76d8d",
            "ticker": "HIGHCHI-24MAR01-B54.5",
            "count": 10,
            "created_time": "2024-03-01T21:18:34.828285Z",
            "yes_price": 2,
            "no_price": 98,
            "taker_side": "no"
        },
        {
            "trade_id": "ec98576e-a4d1-4359-bd3f-d37b381e0524",
            "ticker": "HIGHCHI-24MAR01-B54.5",
            "count": 2,
            "created_time": "2024-03-01T20:43:58.892352Z",
            "yes_price": 2,
            "no_price": 98,
            "taker_side": "no"
        },
        {
            "trade_id": "d013538f-ce1f-453e-8f56-132b2c4ba89f",
            "ticker": "HIGHCHI-24MAR01-B54.5",
            "count": 3,
            "created_time": "2024-03-01T14:23:27.450571Z",
            "yes_price": 2,
            "no_price": 98,
            "taker_side": "no"
        },
        {
            "trade_id": "c1eac59d-d132-4b16-9964-126b1089b93b",
            "ticker": "HIGHCHI-24MAR01-B54.5",
            "count": 25,
            "created_time": "2024-03-01T01:27:54.638949Z",
            "yes_price": 7,
            "no_price": 93,
            "taker_side": "no"
        },
        {
            "trade_id": "b6f2a798-b475-41f5-9bcd-89ec71fcf10a",
            "ticker": "HIGHCHI-24MAR01-B54.5",
            "count": 12,
            "created_time": "2024-03-01T01:27:13.863127Z",
            "yes_price": 7,
            "no_price": 93,
            "taker_side": "no"
        },
        {
            "trade_id": "a64577da-030a-4e8a-ba7d-f45ea40c9248",
            "ticker": "HIGHCHI-24MAR01-B54.5",
            "count": 25,
            "created_time": "2024-03-01T01:26:50.988394Z",
            "yes_price": 7,
            "no_price": 93,
            "taker_side": "no"
        },
        {
            "trade_id": "d59aa18d-6c82-4175-96e7-e95d59992498",
            "ticker": "HIGHCHI-24MAR01-B54.5",
            "count": 125,
            "created_time": "2024-03-01T01:26:30.257859Z",
            "yes_price": 7,
            "no_price": 93,
            "taker_side": "no"
        },
        {
            "trade_id": "be2cb9f8-518a-4e15-85c5-1df3ebd5d058",
            "ticker": "HIGHCHI-24MAR01-B54.5",
            "count": 62,
            "created_time": "2024-03-01T01:25:55.690519Z",
            "yes_price": 8,
            "no_price": 92,
            "taker_side": "no"
        },
        {
            "trade_id": "112c3f83-44e3-48e4-8bb3-e9373d0db338",
            "ticker": "HIGHCHI-24MAR01-B54.5",
            "count": 5,
            "created_time": "2024-02-29T23:08:08.11182Z",
            "yes_price": 9,
            "no_price": 91,
            "taker_side": "no"
        },
        {
            "trade_id": "abc387d9-1da2-4db0-94d6-ed1ebf60895c",
            "ticker": "HIGHCHI-24MAR01-B54.5",
            "count": 10,
            "created_time": "2024-02-29T21:17:47.785571Z",
            "yes_price": 8,
            "no_price": 92,
            "taker_side": "no"
        },
        {
            "trade_id": "8d5b90e5-6e4f-46b7-9ab0-6ec8cbfd9148",
            "ticker": "HIGHCHI-24MAR01-B54.5",
            "count": 25,
            "created_time": "2024-02-29T20:37:40.559134Z",
            "yes_price": 11,
            "no_price": 89,
            "taker_side": "no"
        },
        {
            "trade_id": "cd931342-05bc-4962-9ecd-8924644f6535",
            "ticker": "HIGHCHI-24MAR01-B54.5",
            "count": 10,
            "created_time": "2024-02-29T20:29:09.998743Z",
            "yes_price": 15,
            "no_price": 85,
            "taker_side": "no"
        },
        {
            "trade_id": "25897579-f309-4b30-a21b-1c2ba6e749da",
            "ticker": "HIGHCHI-24MAR01-B54.5",
            "count": 1,
            "created_time": "2024-02-29T20:10:36.127272Z",
            "yes_price": 19,
            "no_price": 81,
            "taker_side": "no"
        },
        {
            "trade_id": "862fcb79-fd56-47f4-8c1b-e8ca2f480e58",
            "ticker": "HIGHCHI-24MAR01-B54.5",
            "count": 100,
            "created_time": "2024-02-29T18:17:11.420612Z",
            "yes_price": 13,
            "no_price": 87,
            "taker_side": "no"
        },
        {
            "trade_id": "2978338c-aba9-4bd1-b176-6b2f7c857c69",
            "ticker": "HIGHCHI-24MAR01-B54.5",
            "count": 100,
            "created_time": "2024-02-29T18:07:11.323574Z",
            "yes_price": 14,
            "no_price": 86,
            "taker_side": "no"
        },
        {
            "trade_id": "8bfece42-73a3-41da-9dfb-bce6c050c6f4",
            "ticker": "HIGHCHI-24MAR01-B54.5",
            "count": 100,
            "created_time": "2024-02-29T18:06:24.294472Z",
            "yes_price": 16,
            "no_price": 84,
            "taker_side": "no"
        },
        {
            "trade_id": "41407700-1910-4eec-9485-df45d121e495",
            "ticker": "HIGHCHI-24MAR01-B54.5",
            "count": 125,
            "created_time": "2024-02-29T18:06:24.294472Z",
            "yes_price": 13,
            "no_price": 87,
            "taker_side": "no"
        },
        {
            "trade_id": "38f4aa4a-1cc5-47cb-8804-3bed2b0acfb7",
            "ticker": "HIGHCHI-24MAR01-B54.5",
            "count": 125,
            "created_time": "2024-02-29T18:06:24.294472Z",
            "yes_price": 14,
            "no_price": 86,
            "taker_side": "no"
        },
        {
            "trade_id": "ea0a69cf-9286-47ff-af8d-ed1697edcb5f",
            "ticker": "HIGHCHI-24MAR01-B54.5",
            "count": 5,
            "created_time": "2024-02-29T17:34:02.420162Z",
            "yes_price": 17,
            "no_price": 83,
            "taker_side": "no"
        },
        {
            "trade_id": "31ff6711-e2bd-4ad1-9753-7fe0d07d1da4",
            "ticker": "HIGHCHI-24MAR01-B54.5",
            "count": 1,
            "created_time": "2024-02-29T17:30:22.192734Z",
            "yes_price": 17,
            "no_price": 83,
            "taker_side": "no"
        },
        {
            "trade_id": "7523f8d7-5424-432c-bbe0-9b993f91faab",
            "ticker": "HIGHCHI-24MAR01-B54.5",
            "count": 1,
            "created_time": "2024-02-29T15:35:52.961895Z",
            "yes_price": 24,
            "no_price": 76,
            "taker_side": "no"
        }
    ],
    "HIGHCHI-24MAR01-T55": [
        {
            "trade_id": "c77ef618-239f-4dc1-999f-9d14521ec863",
            "ticker": "HIGHCHI-24MAR01-T55",
            "count": 10,
            "created_time": "2024-02-29T21:17:47.784909Z",
            "yes_price": 2,
            "no_price": 98,
            "taker_side": "no"
        },
        {
            "trade_id": "4b20134f-5fed-44f8-a988-453880332aa3",
            "ticker": "HIGHCHI-24MAR01-T55",
            "count": 10,
            "created_time": "2024-02-29T20:27:54.169268Z",
            "yes_price": 9,
            "no_price": 91,
            "taker_side": "no"
        },
        {
            "trade_id": "211597c3-153e-4f7e-84f9-2c3631b63f39",
            "ticker": "HIGHCHI-24MAR01-T55",
            "count": 1,
            "created_time": "2024-02-29T20:10:36.136891Z",
            "yes_price": 13,
            "no_price": 87,
            "taker_side": "no"
        }
    ]
}