{
    "HIGHCHI-24FEB17-T25": [],
    "HIGHCHI-24FEB17-B25.5": [],
    "HIGHCHI-24FEB17-B27.5": [
        {
            "trade_id": "a9f19556-5add-4af9-9916-f7383926338b",
            "ticker": "HIGHCHI-24FEB17-B27.5",
            "count": 52,
            "created_time": "2024-02-17T20:48:53.638507Z",
            "yes_price": 1,
            "no_price": 99,
            "taker_side": "yes"
        },
        {
            "trade_id": "f288e2d9-51bd-4773-85bc-86cc8597c075",
            "ticker": "HIGHCHI-24FEB17-B27.5",
            "count": 14,
            "created_time": "2024-02-17T19:57:12.257244Z",
            "yes_price": 2,
            "no_price": 98,
            "taker_side": "no"
        },
        {
            "trade_id": "bea9fac7-ce6f-4174-85ed-37135bacee88",
            "ticker": "HIGHCHI-24FEB17-B27.5",
            "count": 200,
            "created_time": "2024-02-17T18:57:27.055668Z",
            "yes_price": 4,
            "no_price": 96,
            "taker_side": "no"
        },
        {
            "trade_id": "e223ddbd-73fd-4c57-afa6-5f893fbf93da",
            "ticker": "HIGHCHI-24FEB17-B27.5",
            "count": 25,
            "created_time": "2024-02-17T16:48:29.40465Z",
            "yes_price": 9,
            "no_price": 91,
            "taker_side": "no"
        },
        {
            "trade_id": "48d1bc23-5853-470c-867a-5e7f07a76a03",
            "ticker": "HIGHCHI-24FEB17-B27.5",
            "count": 12,
            "created_time": "2024-02-17T16:48:29.40465Z",
            "yes_price": 10,
            "no_price": 90,
            "taker_side": "no"
        },
        {
            "trade_id": "57f52561-6ac0-4347-b966-dd02c55b7967",
            "ticker": "HIGHCHI-24FEB17-B27.5",
            "count": 15,
            "created_time": "2024-02-17T16:48:13.227666Z",
            "yes_price": 10,
            "no_price": 90,
            "taker_side": "no"
        },
        {
            "trade_id": "226a2faf-9cf6-44c7-b086-d455f51127ad",
            "ticker": "HIGHCHI-24FEB17-B27.5",
            "count": 56,
            "created_time": "2024-02-17T15:58:52.493611Z",
            "yes_price": 7,
            "no_price": 93,
            "taker_side": "no"
        },
        {
            "trade_id": "1c8cd4be-312a-4681-ac80-187c92036201",
            "ticker": "HIGHCHI-24FEB17-B27.5",
            "count": 56,
            "created_time": "2024-02-17T15:58:52.493611Z",
            "yes_price": 8,
            "no_price": 92,
            "taker_side": "no"
        },
        {
            "trade_id": "554d1ef1-d96e-4783-98b1-8d93b57f2713",
            "ticker": "HIGHCHI-24FEB17-B27.5",
            "count": 14,
            "created_time": "2024-02-17T15:42:16.758619Z",
            "yes_price": 10,
            "no_price": 90,
            "taker_side": "no"
        },
        {
            "trade_id": "d01e1e74-d2fa-480c-9dbd-8cefb54ccf99",
            "ticker": "HIGHCHI-24FEB17-B27.5",
            "count": 56,
            "created_time": "2024-02-17T15:10:51.78786Z",
            "yes_price": 5,
            "no_price": 95,
            "taker_side": "no"
        },
        {
            "trade_id": "be5bf09f-7d89-4f92-9abe-4d02b12c7b75",
            "ticker": "HIGHCHI-24FEB17-B27.5",
            "count": 17,
            "created_time": "2024-02-17T15:09:53.705045Z",
            "yes_price": 5,
            "no_price": 95,
            "taker_side": "no"
        },
        {
            "trade_id": "33d08368-4357-45d4-9a33-2426b033e3a7",
            "ticker": "HIGHCHI-24FEB17-B27.5",
            "count": 15,
            "created_time": "2024-02-17T15:02:14.990281Z",
            "yes_price": 5,
            "no_price": 95,
            "taker_side": "no"
        },
        {
            "trade_id": "845b9394-87e1-48c6-bbd8-2679c884f755",
            "ticker": "HIGHCHI-24FEB17-B27.5",
            "count": 17,
            "created_time": "2024-02-17T14:58:14.107283Z",
            "yes_price": 5,
            "no_price": 95,
            "taker_side": "no"
        },
        {
            "trade_id": "0eaf0368-11bd-45ed-bb6c-a1abd9a79569",
            "ticker": "HIGHCHI-24FEB17-B27.5",
            "count": 26,
            "created_time": "2024-02-17T14:57:58.276242Z",
            "yes_price": 5,
            "no_price": 95,
            "taker_side": "no"
        },
        {
            "trade_id": "375c76d8-205d-4029-b97c-1394666ac2b1",
            "ticker": "HIGHCHI-24FEB17-B27.5",
            "count": 10,
            "created_time": "2024-02-17T14:42:14.207783Z",
            "yes_price": 5,
            "no_price": 95,
            "taker_side": "no"
        },
        {
            "trade_id": "51b7a9c0-f123-4ba6-964b-c6d886a70b26",
            "ticker": "HIGHCHI-24FEB17-B27.5",
            "count": 27,
            "created_time": "2024-02-17T14:36:24.252806Z",
            "yes_price": 5,
            "no_price": 95,
            "taker_side": "no"
        },
        {
            "trade_id": "cda8ccb8-9f9a-409d-a87c-13f20d1c173f",
            "ticker": "HIGHCHI-24FEB17-B27.5",
            "count": 27,
            "created_time": "2024-02-17T14:36:24.251392Z",
            "yes_price": 5,
            "no_price": 95,
            "taker_side": "no"
        },
        {
            "trade_id": "4c05af22-9731-4626-a78f-8d16481c750b",
            "ticker": "HIGHCHI-24FEB17-B27.5",
            "count": 5,
            "created_time": "2024-02-17T14:20:29.588306Z",
            "yes_price": 5,
            "no_price": 95,
            "taker_side": "no"
        },
        {
            "trade_id": "d8b11f55-a005-4faf-8353-90db08498caa",
            "ticker": "HIGHCHI-24FEB17-B27.5",
            "count": 1,
            "created_time": "2024-02-17T00:10:51.616773Z",
            "yes_price": 5,
            "no_price": 95,
            "taker_side": "no"
        },
        {
            "trade_id": "86c00439-f889-487b-a689-a553a8829cf4",
            "ticker": "HIGHCHI-24FEB17-B27.5",
            "count": 2,
            "created_time": "2024-02-16T20:13:32.949189Z",
            "yes_price": 10,
            "no_price": 90,
            "taker_side": "yes"
        },
        {
            "trade_id": "849fdbfd-538c-484e-b056-1048674a97f6",
            "ticker": "HIGHCHI-24FEB17-B27.5",
            "count": 1,
            "created_time": "2024-02-16T20:13:32.949189Z",
            "yes_price": 10,
            "no_price": 90,
            "taker_side": "yes"
        }
    ],
    "HIGHCHI-24FEB17-B29.5": [
        {
            "trade_id": "b7148287-8eb0-4b0e-bda6-d0010f78afe4",
            "ticker": "HIGHCHI-24FEB17-B29.5",
            "count": 13,
            "created_time": "2024-02-18T01:11:13.693256Z",
            "yes_price": 99,
            "no_price": 1,
            "taker_side": "yes"
        },
        {
            "trade_id": "a66d971d-19f6-474e-9862-f8736ea46d31",
            "ticker": "HIGHCHI-24FEB17-B29.5",
            "count": 30,
            "created_time": "2024-02-17T21:06:30.720962Z",
            "yes_price": 75,
            "no_price": 25,
            "taker_side": "yes"
        },
        {
            "trade_id": "7f340a54-e94e-45f7-8299-2e6afc474e04",
            "ticker": "HIGHCHI-24FEB17-B29.5",
            "count": 95,
            "created_time": "2024-02-17T21:06:30.720962Z",
            "yes_price": 76,
            "no_price": 24,
            "taker_side": "yes"
        },
        {
            "trade_id": "76ab1e5d-8185-46c4-b06c-53b997e7093c",
            "ticker": "HIGHCHI-24FEB17-B29.5",
            "count": 37,
            "created_time": "2024-02-17T16:38:55.607326Z",
            "yes_price": 59,
            "no_price": 41,
            "taker_side": "no"
        },
        {
            "trade_id": "3c911408-4b7d-4e13-a730-68c1b2557ae1",
            "ticker": "HIGHCHI-24FEB17-B29.5",
            "count": 43,
            "created_time": "2024-02-17T16:38:55.607326Z",
            "yes_price": 56,
            "no_price": 44,
            "taker_side": "no"
        },
        {
            "trade_id": "da4ede26-af6b-4940-bd7e-88dc9656e8e9",
            "ticker": "HIGHCHI-24FEB17-B29.5",
            "count": 62,
            "created_time": "2024-02-17T15:58:32.351666Z",
            "yes_price": 59,
            "no_price": 41,
            "taker_side": "no"
        },
        {
            "trade_id": "26db2208-64a3-43dd-9f9f-95da2c716ca2",
            "ticker": "HIGHCHI-24FEB17-B29.5",
            "count": 16,
            "created_time": "2024-02-17T15:58:32.351666Z",
            "yes_price": 61,
            "no_price": 39,
            "taker_side": "no"
        },
        {
            "trade_id": "2035d264-00e8-477a-a37e-490c51732d95",
            "ticker": "HIGHCHI-24FEB17-B29.5",
            "count": 17,
            "created_time": "2024-02-17T15:09:53.705856Z",
            "yes_price": 53,
            "no_price": 47,
            "taker_side": "no"
        },
        {
            "trade_id": "97644dc6-ccf6-4412-9b7f-f3536a24cd6b",
            "ticker": "HIGHCHI-24FEB17-B29.5",
            "count": 15,
            "created_time": "2024-02-17T15:02:14.93237Z",
            "yes_price": 61,
            "no_price": 39,
            "taker_side": "yes"
        },
        {
            "trade_id": "b4f85b7e-1c75-4172-be31-1ef5e0106855",
            "ticker": "HIGHCHI-24FEB17-B29.5",
            "count": 35,
            "created_time": "2024-02-17T14:58:14.033745Z",
            "yes_price": 59,
            "no_price": 41,
            "taker_side": "yes"
        },
        {
            "trade_id": "a8ebafde-a7d2-4b0d-aecd-29ba46845015",
            "ticker": "HIGHCHI-24FEB17-B29.5",
            "count": 17,
            "created_time": "2024-02-17T14:58:14.033745Z",
            "yes_price": 58,
            "no_price": 42,
            "taker_side": "yes"
        },
        {
            "trade_id": "a6284e7f-9431-472a-bde2-5ad74307794d",
            "ticker": "HIGHCHI-24FEB17-B29.5",
            "count": 89,
            "created_time": "2024-02-17T14:58:14.033745Z",
            "yes_price": 61,
            "no_price": 39,
            "taker_side": "yes"
        },
        {
            "trade_id": "dda14d29-9eab-473a-acc1-73d309e3d802",
            "ticker": "HIGHCHI-24FEB17-B29.5",
            "count": 89,
            "created_time": "2024-02-17T14:57:58.176015Z",
            "yes_price": 58,
            "no_price": 42,
            "taker_side": "yes"
        },
        {
            "trade_id": "d915c7ae-f4a4-4d94-af69-c2f4e85e4913",
            "ticker": "HIGHCHI-24FEB17-B29.5",
            "count": 89,
            "created_time": "2024-02-17T14:57:58.176015Z",
            "yes_price": 61,
            "no_price": 39,
            "taker_side": "yes"
        },
        {
            "trade_id": "16d6f601-f746-4e7d-aa82-da2b1a38f150",
            "ticker": "HIGHCHI-24FEB17-B29.5",
            "count": 17,
            "created_time": "2024-02-17T14:57:58.176015Z",
            "yes_price": 56,
            "no_price": 44,
            "taker_side": "yes"
        },
        {
            "trade_id": "049730bd-ef43-4a38-a739-20bc5186c4f4",
            "ticker": "HIGHCHI-24FEB17-B29.5",
            "count": 26,
            "created_time": "2024-02-17T14:57:58.176015Z",
            "yes_price": 55,
            "no_price": 45,
            "taker_side": "yes"
        },
        {
            "trade_id": "61597040-9159-495a-aed2-62b08b1b39fc",
            "ticker": "HIGHCHI-24FEB17-B29.5",
            "count": 10,
            "created_time": "2024-02-17T14:42:14.215354Z",
            "yes_price": 48,
            "no_price": 52,
            "taker_side": "no"
        },
        {
            "trade_id": "10860b60-9587-4f05-96b3-e5f77cc5746e",
            "ticker": "HIGHCHI-24FEB17-B29.5",
            "count": 27,
            "created_time": "2024-02-17T14:40:23.257048Z",
            "yes_price": 46,
            "no_price": 54,
            "taker_side": "yes"
        },
        {
            "trade_id": "b951ecdf-439a-438e-8d94-b34d842ad199",
            "ticker": "HIGHCHI-24FEB17-B29.5",
            "count": 27,
            "created_time": "2024-02-17T14:36:24.243436Z",
            "yes_price": 46,
            "no_price": 54,
            "taker_side": "no"
        },
        {
            "trade_id": "ff4b059d-0152-4d7f-9b8c-10882b2430fe",
            "ticker": "HIGHCHI-24FEB17-B29.5",
            "count": 1,
            "created_time": "2024-02-17T00:10:51.617642Z",
            "yes_price": 28,
            "no_price": 72,
            "taker_side": "no"
        },
        {
            "trade_id": "1d76aa1d-b2b1-4a48-a6f3-faf17b9a4058",
            "ticker": "HIGHCHI-24FEB17-B29.5",
            "count": 62,
            "created_time": "2024-02-16T23:06:08.651069Z",
            "yes_price": 31,
            "no_price": 69,
            "taker_side": "yes"
        },
        {
            "trade_id": "9e043135-1734-4619-9066-6835decc6977",
            "ticker": "HIGHCHI-24FEB17-B29.5",
            "count": 75,
            "created_time": "2024-02-16T23:05:59.074Z",
            "yes_price": 30,
            "no_price": 70,
            "taker_side": "yes"
        },
        {
            "trade_id": "b91279d1-c40d-4359-a95d-2ea5973f9c10",
            "ticker": "HIGHCHI-24FEB17-B29.5",
            "count": 75,
            "created_time": "2024-02-16T23:05:53.875684Z",
            "yes_price": 29,
            "no_price": 71,
            "taker_side": "yes"
        },
        {
            "trade_id": "1658cc12-545e-4390-9d0b-d9f74cfb9652",
            "ticker": "HIGHCHI-24FEB17-B29.5",
            "count": 5,
            "created_time": "2024-02-16T23:05:53.875684Z",
            "yes_price": 29,
            "no_price": 71,
            "taker_side": "yes"
        },
        {
            "trade_id": "511e9d2a-dea3-44f1-94ff-62ae8572b70c",
            "ticker": "HIGHCHI-24FEB17-B29.5",
            "count": 12,
            "created_time": "2024-02-16T23:05:47.006984Z",
            "yes_price": 28,
            "no_price": 72,
            "taker_side": "yes"
        },
        {
            "trade_id": "d8e6b37a-82ae-4e2d-ae96-4e676cb7cbcf",
            "ticker": "HIGHCHI-24FEB17-B29.5",
            "count": 125,
            "created_time": "2024-02-16T22:39:54.681786Z",
            "yes_price": 28,
            "no_price": 72,
            "taker_side": "yes"
        },
        {
            "trade_id": "17a75b88-fb00-4ab9-8a0f-466a2c53e924",
            "ticker": "HIGHCHI-24FEB17-B29.5",
            "count": 50,
            "created_time": "2024-02-16T22:39:54.681786Z",
            "yes_price": 26,
            "no_price": 74,
            "taker_side": "yes"
        },
        {
            "trade_id": "0d869317-f652-4a60-b5cc-fa84c8d6282f",
            "ticker": "HIGHCHI-24FEB17-B29.5",
            "count": 75,
            "created_time": "2024-02-16T19:33:12.759196Z",
            "yes_price": 28,
            "no_price": 72,
            "taker_side": "yes"
        },
        {
            "trade_id": "7fa9a576-16c3-4005-bfd3-84ebd9221e4b",
            "ticker": "HIGHCHI-24FEB17-B29.5",
            "count": 29,
            "created_time": "2024-02-16T18:05:34.335689Z",
            "yes_price": 23,
            "no_price": 77,
            "taker_side": "yes"
        },
        {
            "trade_id": "a51b988f-0e02-455a-8f85-c3cd91bcf568",
            "ticker": "HIGHCHI-24FEB17-B29.5",
            "count": 50,
            "created_time": "2024-02-16T18:05:07.212415Z",
            "yes_price": 22,
            "no_price": 78,
            "taker_side": "no"
        },
        {
            "trade_id": "c33ba4ac-8865-440c-b452-a4f5e4e0cacc",
            "ticker": "HIGHCHI-24FEB17-B29.5",
            "count": 2,
            "created_time": "2024-02-16T18:05:04.440819Z",
            "yes_price": 19,
            "no_price": 81,
            "taker_side": "yes"
        },
        {
            "trade_id": "8096c0a9-9d98-438b-a385-3261691c9b52",
            "ticker": "HIGHCHI-24FEB17-B29.5",
            "count": 37,
            "created_time": "2024-02-16T18:05:04.440819Z",
            "yes_price": 20,
            "no_price": 80,
            "taker_side": "yes"
        },
        {
            "trade_id": "3dcca0d5-2d33-424f-9cec-5bdab67a541a",
            "ticker": "HIGHCHI-24FEB17-B29.5",
            "count": 124,
            "created_time": "2024-02-16T18:05:04.440819Z",
            "yes_price": 22,
            "no_price": 78,
            "taker_side": "yes"
        },
        {
            "trade_id": "ad4d6334-d2f4-4a78-b53a-38fdb801254e",
            "ticker": "HIGHCHI-24FEB17-B29.5",
            "count": 1,
            "created_time": "2024-02-16T17:30:20.204929Z",
            "yes_price": 11,
            "no_price": 89,
            "taker_side": "no"
        },
        {
            "trade_id": "f3bf2c98-ac9e-4a49-94a8-e1e11b6319e9",
            "ticker": "HIGHCHI-24FEB17-B29.5",
            "count": 13,
            "created_time": "2024-02-16T17:26:39.190672Z",
            "yes_price": 14,
            "no_price": 86,
            "taker_side": "yes"
        },
        {
            "trade_id": "d6ee2e29-6702-4c94-9aad-357620afe188",
            "ticker": "HIGHCHI-24FEB17-B29.5",
            "count": 40,
            "created_time": "2024-02-16T17:24:20.671835Z",
            "yes_price": 15,
            "no_price": 85,
            "taker_side": "no"
        },
        {
            "trade_id": "08a684bf-471c-4fd2-a7e4-c3c25fc5bad8",
            "ticker": "HIGHCHI-24FEB17-B29.5",
            "count": 10,
            "created_time": "2024-02-16T15:17:23.859916Z",
            "yes_price": 15,
            "no_price": 85,
            "taker_side": "no"
        }
    ],
    "HIGHCHI-24FEB17-B31.5": [
        {
            "trade_id": "94265832-ce08-4bbb-b0a8-f022c534e0df",
            "ticker": "HIGHCHI-24FEB17-B31.5",
            "count": 10,
            "created_time": "2024-02-17T21:22:44.827971Z",
            "yes_price": 15,
            "no_price": 85,
            "taker_side": "yes"
        },
        {
            "trade_id": "3bbfa9fe-d341-49aa-baf2-e27326b2e5cb",
            "ticker": "HIGHCHI-24FEB17-B31.5",
            "count": 15,
            "created_time": "2024-02-17T21:22:31.43437Z",
            "yes_price": 15,
            "no_price": 85,
            "taker_side": "yes"
        },
        {
            "trade_id": "f1ae58eb-1bf6-47af-a3de-27b132df2eba",
            "ticker": "HIGHCHI-24FEB17-B31.5",
            "count": 2,
            "created_time": "2024-02-17T18:33:51.895648Z",
            "yes_price": 15,
            "no_price": 85,
            "taker_side": "no"
        },
        {
            "trade_id": "988573ca-9187-4ee8-bc6b-0864f1cc285b",
            "ticker": "HIGHCHI-24FEB17-B31.5",
            "count": 5,
            "created_time": "2024-02-17T18:31:02.865246Z",
            "yes_price": 15,
            "no_price": 85,
            "taker_side": "no"
        },
        {
            "trade_id": "0f630393-516c-4cc3-a1a2-7dc36524af10",
            "ticker": "HIGHCHI-24FEB17-B31.5",
            "count": 200,
            "created_time": "2024-02-17T18:16:51.887587Z",
            "yes_price": 15,
            "no_price": 85,
            "taker_side": "no"
        },
        {
            "trade_id": "23ac564f-b4cc-42e9-8817-cc742ba35b51",
            "ticker": "HIGHCHI-24FEB17-B31.5",
            "count": 25,
            "created_time": "2024-02-17T15:28:20.636221Z",
            "yes_price": 25,
            "no_price": 75,
            "taker_side": "no"
        },
        {
            "trade_id": "302de4f3-e045-499a-a685-e472e7c66393",
            "ticker": "HIGHCHI-24FEB17-B31.5",
            "count": 15,
            "created_time": "2024-02-17T15:17:42.482242Z",
            "yes_price": 36,
            "no_price": 64,
            "taker_side": "yes"
        },
        {
            "trade_id": "fe4f1f84-7e6c-47bf-aaaa-61e8b36a0d3d",
            "ticker": "HIGHCHI-24FEB17-B31.5",
            "count": 3,
            "created_time": "2024-02-17T15:09:53.628142Z",
            "yes_price": 39,
            "no_price": 61,
            "taker_side": "yes"
        },
        {
            "trade_id": "5f6b139e-511a-4bdf-8b72-b83654b9b6fd",
            "ticker": "HIGHCHI-24FEB17-B31.5",
            "count": 26,
            "created_time": "2024-02-17T15:09:53.628142Z",
            "yes_price": 40,
            "no_price": 60,
            "taker_side": "yes"
        },
        {
            "trade_id": "2adb9d5d-8f5e-4e14-b827-6b4570d5d742",
            "ticker": "HIGHCHI-24FEB17-B31.5",
            "count": 17,
            "created_time": "2024-02-17T15:09:53.628142Z",
            "yes_price": 39,
            "no_price": 61,
            "taker_side": "yes"
        },
        {
            "trade_id": "28da53a3-73e8-48fb-9f43-b8472c425997",
            "ticker": "HIGHCHI-24FEB17-B31.5",
            "count": 2,
            "created_time": "2024-02-17T15:09:53.628142Z",
            "yes_price": 43,
            "no_price": 57,
            "taker_side": "yes"
        },
        {
            "trade_id": "e25a7d53-0b74-4e79-9f1f-e01d91560a48",
            "ticker": "HIGHCHI-24FEB17-B31.5",
            "count": 15,
            "created_time": "2024-02-17T15:02:14.994065Z",
            "yes_price": 32,
            "no_price": 68,
            "taker_side": "no"
        },
        {
            "trade_id": "d2373a48-4a0a-4b25-9bba-56a829685a56",
            "ticker": "HIGHCHI-24FEB17-B31.5",
            "count": 17,
            "created_time": "2024-02-17T14:58:14.109627Z",
            "yes_price": 35,
            "no_price": 65,
            "taker_side": "no"
        },
        {
            "trade_id": "a46c4df9-3d2d-491b-b812-3ccbb29df582",
            "ticker": "HIGHCHI-24FEB17-B31.5",
            "count": 26,
            "created_time": "2024-02-17T14:57:58.26841Z",
            "yes_price": 37,
            "no_price": 63,
            "taker_side": "no"
        },
        {
            "trade_id": "70f5d6f0-56d5-4df9-8670-20f164b65063",
            "ticker": "HIGHCHI-24FEB17-B31.5",
            "count": 44,
            "created_time": "2024-02-17T14:57:40.696013Z",
            "yes_price": 38,
            "no_price": 62,
            "taker_side": "no"
        },
        {
            "trade_id": "18d6703b-2030-4316-abae-297077f9e3fe",
            "ticker": "HIGHCHI-24FEB17-B31.5",
            "count": 15,
            "created_time": "2024-02-17T14:57:40.696013Z",
            "yes_price": 36,
            "no_price": 64,
            "taker_side": "no"
        },
        {
            "trade_id": "c3710f01-e22d-4f6c-9966-b3b5bf25d687",
            "ticker": "HIGHCHI-24FEB17-B31.5",
            "count": 10,
            "created_time": "2024-02-17T14:42:14.141171Z",
            "yes_price": 44,
            "no_price": 56,
            "taker_side": "yes"
        },
        {
            "trade_id": "e7da32a2-14e1-4937-b94a-7d0add140d85",
            "ticker": "HIGHCHI-24FEB17-B31.5",
            "count": 5,
            "created_time": "2024-02-17T14:36:24.312093Z",
            "yes_price": 48,
            "no_price": 52,
            "taker_side": "no"
        },
        {
            "trade_id": "f2e543d8-3143-4947-8209-9cfa98501ea8",
            "ticker": "HIGHCHI-24FEB17-B31.5",
            "count": 27,
            "created_time": "2024-02-17T14:36:24.253835Z",
            "yes_price": 48,
            "no_price": 52,
            "taker_side": "no"
        },
        {
            "trade_id": "7cbc5fa2-86ae-4667-9ad7-fd055234c6ab",
            "ticker": "HIGHCHI-24FEB17-B31.5",
            "count": 27,
            "created_time": "2024-02-17T14:36:24.242951Z",
            "yes_price": 48,
            "no_price": 52,
            "taker_side": "no"
        },
        {
            "trade_id": "ee032313-e19f-48b8-ac27-a9c44670cef5",
            "ticker": "HIGHCHI-24FEB17-B31.5",
            "count": 58,
            "created_time": "2024-02-17T04:49:57.178083Z",
            "yes_price": 39,
            "no_price": 61,
            "taker_side": "no"
        },
        {
            "trade_id": "0e5c4c14-5cbf-4d97-a366-10697c37ba81",
            "ticker": "HIGHCHI-24FEB17-B31.5",
            "count": 46,
            "created_time": "2024-02-17T04:49:41.288805Z",
            "yes_price": 40,
            "no_price": 60,
            "taker_side": "no"
        },
        {
            "trade_id": "053650f5-97cd-44e8-85e0-33de9163c170",
            "ticker": "HIGHCHI-24FEB17-B31.5",
            "count": 35,
            "created_time": "2024-02-17T04:49:29.940756Z",
            "yes_price": 41,
            "no_price": 59,
            "taker_side": "no"
        },
        {
            "trade_id": "eaa6273c-71c3-4444-952d-000b95976307",
            "ticker": "HIGHCHI-24FEB17-B31.5",
            "count": 37,
            "created_time": "2024-02-17T00:10:51.539922Z",
            "yes_price": 38,
            "no_price": 62,
            "taker_side": "yes"
        },
        {
            "trade_id": "3652dce6-6f8d-477d-8f65-db80e350c71f",
            "ticker": "HIGHCHI-24FEB17-B31.5",
            "count": 1,
            "created_time": "2024-02-17T00:10:51.539922Z",
            "yes_price": 38,
            "no_price": 62,
            "taker_side": "yes"
        },
        {
            "trade_id": "d59e515d-9791-4ebb-9ceb-b54e7f2f2b97",
            "ticker": "HIGHCHI-24FEB17-B31.5",
            "count": 25,
            "created_time": "2024-02-16T23:09:07.190142Z",
            "yes_price": 35,
            "no_price": 65,
            "taker_side": "no"
        },
        {
            "trade_id": "cf39e41c-66b9-4e28-a52c-cb7a843b2597",
            "ticker": "HIGHCHI-24FEB17-B31.5",
            "count": 12,
            "created_time": "2024-02-16T23:08:20.503185Z",
            "yes_price": 34,
            "no_price": 66,
            "taker_side": "no"
        },
        {
            "trade_id": "12ab28f8-bf18-40bb-a9f3-9c01ce79a7ad",
            "ticker": "HIGHCHI-24FEB17-B31.5",
            "count": 62,
            "created_time": "2024-02-16T23:08:07.575223Z",
            "yes_price": 34,
            "no_price": 66,
            "taker_side": "no"
        },
        {
            "trade_id": "b5bbf64d-0f6d-44df-aa10-9000dda9140c",
            "ticker": "HIGHCHI-24FEB17-B31.5",
            "count": 37,
            "created_time": "2024-02-16T23:07:52.269365Z",
            "yes_price": 35,
            "no_price": 65,
            "taker_side": "no"
        },
        {
            "trade_id": "fafbcc0c-8f55-4e25-bd71-b5af49c00db5",
            "ticker": "HIGHCHI-24FEB17-B31.5",
            "count": 37,
            "created_time": "2024-02-16T23:07:31.371537Z",
            "yes_price": 35,
            "no_price": 65,
            "taker_side": "no"
        },
        {
            "trade_id": "4e35ddf8-eb53-4a7f-9259-c6d2284c4a61",
            "ticker": "HIGHCHI-24FEB17-B31.5",
            "count": 12,
            "created_time": "2024-02-16T23:07:10.455876Z",
            "yes_price": 35,
            "no_price": 65,
            "taker_side": "no"
        },
        {
            "trade_id": "944a7d69-c169-4970-a3d2-2200811482a0",
            "ticker": "HIGHCHI-24FEB17-B31.5",
            "count": 62,
            "created_time": "2024-02-16T23:06:55.209604Z",
            "yes_price": 35,
            "no_price": 65,
            "taker_side": "no"
        },
        {
            "trade_id": "c602d5e5-d023-4b68-984c-9e5c805d846e",
            "ticker": "HIGHCHI-24FEB17-B31.5",
            "count": 12,
            "created_time": "2024-02-16T23:06:35.725883Z",
            "yes_price": 36,
            "no_price": 64,
            "taker_side": "no"
        },
        {
            "trade_id": "6d268353-ef5e-45af-9ca1-4bc464dd712e",
            "ticker": "HIGHCHI-24FEB17-B31.5",
            "count": 25,
            "created_time": "2024-02-16T23:06:21.935455Z",
            "yes_price": 36,
            "no_price": 64,
            "taker_side": "no"
        },
        {
            "trade_id": "fc4ca893-5d22-468b-90bd-2d3979b15766",
            "ticker": "HIGHCHI-24FEB17-B31.5",
            "count": 125,
            "created_time": "2024-02-16T19:32:55.684902Z",
            "yes_price": 45,
            "no_price": 55,
            "taker_side": "yes"
        },
        {
            "trade_id": "d3d59736-afce-4688-a99b-3ce241946b2b",
            "ticker": "HIGHCHI-24FEB17-B31.5",
            "count": 12,
            "created_time": "2024-02-16T19:32:55.684902Z",
            "yes_price": 40,
            "no_price": 60,
            "taker_side": "yes"
        },
        {
            "trade_id": "cb82fcb7-1771-4ba5-b2b0-60505cdf8934",
            "ticker": "HIGHCHI-24FEB17-B31.5",
            "count": 125,
            "created_time": "2024-02-16T19:32:55.684902Z",
            "yes_price": 43,
            "no_price": 57,
            "taker_side": "yes"
        },
        {
            "trade_id": "7839693b-2761-42d9-81ee-060189b70932",
            "ticker": "HIGHCHI-24FEB17-B31.5",
            "count": 5,
            "created_time": "2024-02-16T18:02:57.15178Z",
            "yes_price": 37,
            "no_price": 63,
            "taker_side": "yes"
        },
        {
            "trade_id": "a0bf54d8-f366-418f-86f4-bc1981ac1222",
            "ticker": "HIGHCHI-24FEB17-B31.5",
            "count": 5,
            "created_time": "2024-02-16T17:32:20.742743Z",
            "yes_price": 31,
            "no_price": 69,
            "taker_side": "yes"
        },
        {
            "trade_id": "8e0bd92b-2827-42d1-afe7-4eb825373c0a",
            "ticker": "HIGHCHI-24FEB17-B31.5",
            "count": 1,
            "created_time": "2024-02-16T17:30:20.732161Z",
            "yes_price": 30,
            "no_price": 70,
            "taker_side": "no"
        },
        {
            "trade_id": "5d181b8f-826e-41dc-a66c-d77b85ba0d16",
            "ticker": "HIGHCHI-24FEB17-B31.5",
            "count": 10,
            "created_time": "2024-02-16T15:17:23.896766Z",
            "yes_price": 21,
            "no_price": 79,
            "taker_side": "no"
        },
        {
            "trade_id": "19f5c2cb-c6d2-4db0-be0f-7e0001aeb0c1",
            "ticker": "HIGHCHI-24FEB17-B31.5",
            "count": 1,
            "created_time": "2024-02-16T15:12:25.360374Z",
            "yes_price": 32,
            "no_price": 68,
            "taker_side": "no"
        }
    ],
    "HIGHCHI-24FEB17-T32": [
        {
            "trade_id": "5075c6e2-076b-4e82-9422-bd28a64d7a1e",
            "ticker": "HIGHCHI-24FEB17-T32",
            "count": 42,
            "created_time": "2024-02-17T21:57:41.87188Z",
            "yes_price": 1,
            "no_price": 99,
            "taker_side": "no"
        },
        {
            "trade_id": "c9c3cb33-f7cc-4d40-b641-bae248e2e96e",
            "ticker": "HIGHCHI-24FEB17-T32",
            "count": 17,
            "created_time": "2024-02-17T15:09:53.720126Z",
            "yes_price": 3,
            "no_price": 97,
            "taker_side": "no"
        },
        {
            "trade_id": "9bfa3a12-8260-4c14-bea6-3944f7340303",
            "ticker": "HIGHCHI-24FEB17-T32",
            "count": 15,
            "created_time": "2024-02-17T15:02:14.991452Z",
            "yes_price": 3,
            "no_price": 97,
            "taker_side": "no"
        },
        {
            "trade_id": "2e86b485-7586-4434-a39e-5ffe904cbe30",
            "ticker": "HIGHCHI-24FEB17-T32",
            "count": 17,
            "created_time": "2024-02-17T14:58:14.105909Z",
            "yes_price": 3,
            "no_price": 97,
            "taker_side": "no"
        },
        {
            "trade_id": "8be2eecb-6350-4dff-b742-530bdc424f80",
            "ticker": "HIGHCHI-24FEB17-T32",
            "count": 26,
            "created_time": "2024-02-17T14:57:58.277142Z",
            "yes_price": 3,
            "no_price": 97,
            "taker_side": "no"
        },
        {
            "trade_id": "85e07665-059a-4713-9782-e207bbbd0d36",
            "ticker": "HIGHCHI-24FEB17-T32",
            "count": 10,
            "created_time": "2024-02-17T14:42:14.210862Z",
            "yes_price": 3,
            "no_price": 97,
            "taker_side": "no"
        },
        {
            "trade_id": "496f143d-bba1-43f6-8ebb-5e7b4ad0c5ab",
            "ticker": "HIGHCHI-24FEB17-T32",
            "count": 27,
            "created_time": "2024-02-17T14:36:24.25476Z",
            "yes_price": 3,
            "no_price": 97,
            "taker_side": "no"
        },
        {
            "trade_id": "6bff2897-364f-44b1-9be2-6cb414108fbb",
            "ticker": "HIGHCHI-24FEB17-T32",
            "count": 27,
            "created_time": "2024-02-17T14:36:24.252137Z",
            "yes_price": 3,
            "no_price": 97,
            "taker_side": "no"
        },
        {
            "trade_id": "9effc55e-8286-4b9e-bc68-a8c2c15d9534",
            "ticker": "HIGHCHI-24FEB17-T32",
            "count": 5,
            "created_time": "2024-02-17T14:19:50.006112Z",
            "yes_price": 3,
            "no_price": 97,
            "taker_side": "no"
        },
        {
            "trade_id": "7bfd5486-1071-4348-b42d-f066c1f9b3d9",
            "ticker": "HIGHCHI-24FEB17-T32",
            "count": 70,
            "created_time": "2024-02-17T04:49:01.332061Z",
            "yes_price": 15,
            "no_price": 85,
            "taker_side": "no"
        },
        {
            "trade_id": "a2b80fe4-021e-4c56-906b-eaac20349354",
            "ticker": "HIGHCHI-24FEB17-T32",
            "count": 93,
            "created_time": "2024-02-17T04:36:09.308636Z",
            "yes_price": 15,
            "no_price": 85,
            "taker_side": "no"
        },
        {
            "trade_id": "32e95a21-acf5-4cdc-a74d-739a844c062e",
            "ticker": "HIGHCHI-24FEB17-T32",
            "count": 36,
            "created_time": "2024-02-17T02:56:27.775923Z",
            "yes_price": 24,
            "no_price": 76,
            "taker_side": "yes"
        },
        {
            "trade_id": "9ba803fe-88c8-47fd-ac19-5b8c587c0322",
            "ticker": "HIGHCHI-24FEB17-T32",
            "count": 86,
            "created_time": "2024-02-17T02:02:09.863105Z",
            "yes_price": 17,
            "no_price": 83,
            "taker_side": "no"
        },
        {
            "trade_id": "d9e42109-ac81-499c-8de0-1bfd8b6516fc",
            "ticker": "HIGHCHI-24FEB17-T32",
            "count": 37,
            "created_time": "2024-02-17T02:02:01.425907Z",
            "yes_price": 18,
            "no_price": 82,
            "taker_side": "no"
        },
        {
            "trade_id": "cbeb0103-05bb-4760-b4a2-42f90183ac51",
            "ticker": "HIGHCHI-24FEB17-T32",
            "count": 24,
            "created_time": "2024-02-17T01:49:40.37341Z",
            "yes_price": 20,
            "no_price": 80,
            "taker_side": "no"
        },
        {
            "trade_id": "069aaa24-828b-4b44-8989-d52f0bf4e46b",
            "ticker": "HIGHCHI-24FEB17-T32",
            "count": 124,
            "created_time": "2024-02-17T01:49:40.37341Z",
            "yes_price": 18,
            "no_price": 82,
            "taker_side": "no"
        },
        {
            "trade_id": "3079d45c-2987-48cb-8c4c-799b1044a224",
            "ticker": "HIGHCHI-24FEB17-T32",
            "count": 1,
            "created_time": "2024-02-17T00:10:51.609282Z",
            "yes_price": 31,
            "no_price": 69,
            "taker_side": "no"
        },
        {
            "trade_id": "eca40bc2-1a7c-47e7-a9c0-6f83c83ac330",
            "ticker": "HIGHCHI-24FEB17-T32",
            "count": 62,
            "created_time": "2024-02-16T23:56:45.912035Z",
            "yes_price": 32,
            "no_price": 68,
            "taker_side": "no"
        },
        {
            "trade_id": "f4012309-2d97-4007-9562-b4b152faaa95",
            "ticker": "HIGHCHI-24FEB17-T32",
            "count": 62,
            "created_time": "2024-02-16T23:56:40.88718Z",
            "yes_price": 33,
            "no_price": 67,
            "taker_side": "no"
        },
        {
            "trade_id": "a48513b2-cde3-4329-8ad3-a60b0141a8eb",
            "ticker": "HIGHCHI-24FEB17-T32",
            "count": 62,
            "created_time": "2024-02-16T23:56:35.073394Z",
            "yes_price": 34,
            "no_price": 66,
            "taker_side": "no"
        },
        {
            "trade_id": "8f2a2eda-e621-408b-a669-5aef7e99f113",
            "ticker": "HIGHCHI-24FEB17-T32",
            "count": 37,
            "created_time": "2024-02-16T23:56:25.710501Z",
            "yes_price": 35,
            "no_price": 65,
            "taker_side": "no"
        },
        {
            "trade_id": "542257c6-f7a3-4e82-bf1a-9b8c60cf4d8e",
            "ticker": "HIGHCHI-24FEB17-T32",
            "count": 87,
            "created_time": "2024-02-16T23:09:33.300058Z",
            "yes_price": 22,
            "no_price": 78,
            "taker_side": "no"
        },
        {
            "trade_id": "c9856936-c8aa-42de-8c14-dc131c58b2c3",
            "ticker": "HIGHCHI-24FEB17-T32",
            "count": 75,
            "created_time": "2024-02-16T23:08:57.839917Z",
            "yes_price": 23,
            "no_price": 77,
            "taker_side": "no"
        },
        {
            "trade_id": "728f6378-5a41-4b67-8f6b-d66824e2fcf2",
            "ticker": "HIGHCHI-24FEB17-T32",
            "count": 87,
            "created_time": "2024-02-16T23:08:30.310117Z",
            "yes_price": 23,
            "no_price": 77,
            "taker_side": "no"
        },
        {
            "trade_id": "46e3289a-0cb5-4af6-88ba-3b0456f85b7d",
            "ticker": "HIGHCHI-24FEB17-T32",
            "count": 37,
            "created_time": "2024-02-16T23:08:14.363485Z",
            "yes_price": 24,
            "no_price": 76,
            "taker_side": "no"
        },
        {
            "trade_id": "fc333d20-7804-41d4-b88a-f3f82a24b1b0",
            "ticker": "HIGHCHI-24FEB17-T32",
            "count": 12,
            "created_time": "2024-02-16T23:07:59.547264Z",
            "yes_price": 24,
            "no_price": 76,
            "taker_side": "no"
        },
        {
            "trade_id": "183ae0f8-e605-44c4-9b44-cf8e2c375d54",
            "ticker": "HIGHCHI-24FEB17-T32",
            "count": 75,
            "created_time": "2024-02-16T23:07:45.414796Z",
            "yes_price": 24,
            "no_price": 76,
            "taker_side": "no"
        },
        {
            "trade_id": "9a3b0ec6-c64f-42a4-9e6f-39a9130aec80",
            "ticker": "HIGHCHI-24FEB17-T32",
            "count": 12,
            "created_time": "2024-02-16T23:07:36.796577Z",
            "yes_price": 25,
            "no_price": 75,
            "taker_side": "no"
        },
        {
            "trade_id": "8b222c2c-c909-45c1-8ccf-455af8755fbc",
            "ticker": "HIGHCHI-24FEB17-T32",
            "count": 75,
            "created_time": "2024-02-16T23:07:24.950201Z",
            "yes_price": 25,
            "no_price": 75,
            "taker_side": "no"
        },
        {
            "trade_id": "4d3ee125-5ae8-4a6f-affa-9cf5b08846b8",
            "ticker": "HIGHCHI-24FEB17-T32",
            "count": 12,
            "created_time": "2024-02-16T23:07:16.082641Z",
            "yes_price": 26,
            "no_price": 74,
            "taker_side": "no"
        },
        {
            "trade_id": "8b6c9511-b679-4152-8560-92544ece4fb6",
            "ticker": "HIGHCHI-24FEB17-T32",
            "count": 25,
            "created_time": "2024-02-16T23:07:01.592192Z",
            "yes_price": 26,
            "no_price": 74,
            "taker_side": "no"
        },
        {
            "trade_id": "7b6c9693-2037-4b94-a994-b0e174ac9f11",
            "ticker": "HIGHCHI-24FEB17-T32",
            "count": 12,
            "created_time": "2024-02-16T23:06:42.77554Z",
            "yes_price": 26,
            "no_price": 74,
            "taker_side": "no"
        },
        {
            "trade_id": "afda1554-c36f-410e-ae97-f66dcdf468f9",
            "ticker": "HIGHCHI-24FEB17-T32",
            "count": 12,
            "created_time": "2024-02-16T23:06:29.261148Z",
            "yes_price": 26,
            "no_price": 74,
            "taker_side": "no"
        },
        {
            "trade_id": "579fc0b8-2365-4e75-b471-65c84d3e6138",
            "ticker": "HIGHCHI-24FEB17-T32",
            "count": 50,
            "created_time": "2024-02-16T23:06:16.30181Z",
            "yes_price": 26,
            "no_price": 74,
            "taker_side": "no"
        },
        {
            "trade_id": "0decdbce-3ad9-4c24-80b5-e961b472f82c",
            "ticker": "HIGHCHI-24FEB17-T32",
            "count": 15,
            "created_time": "2024-02-16T19:33:38.730849Z",
            "yes_price": 24,
            "no_price": 76,
            "taker_side": "no"
        },
        {
            "trade_id": "ae0d1b77-90e6-44d1-bf27-f3b782c907d7",
            "ticker": "HIGHCHI-24FEB17-T32",
            "count": 125,
            "created_time": "2024-02-16T18:04:55.686278Z",
            "yes_price": 38,
            "no_price": 62,
            "taker_side": "no"
        },
        {
            "trade_id": "a1e21a9b-b3c5-4f26-af05-fe3dec64c7e8",
            "ticker": "HIGHCHI-24FEB17-T32",
            "count": 28,
            "created_time": "2024-02-16T18:04:55.686278Z",
            "yes_price": 43,
            "no_price": 57,
            "taker_side": "no"
        },
        {
            "trade_id": "894d6d12-4c63-44e0-b218-d1564c11cb50",
            "ticker": "HIGHCHI-24FEB17-T32",
            "count": 124,
            "created_time": "2024-02-16T18:04:55.686278Z",
            "yes_price": 41,
            "no_price": 59,
            "taker_side": "no"
        },
        {
            "trade_id": "9c928c84-3ceb-4bc5-97b1-1f8d0504e700",
            "ticker": "HIGHCHI-24FEB17-T32",
            "count": 1,
            "created_time": "2024-02-16T17:30:21.307429Z",
            "yes_price": 55,
            "no_price": 45,
            "taker_side": "yes"
        },
        {
            "trade_id": "bf1da98b-2fc7-41a4-8ba3-da30721ab0e5",
            "ticker": "HIGHCHI-24FEB17-T32",
            "count": 42,
            "created_time": "2024-02-16T17:23:55.398023Z",
            "yes_price": 57,
            "no_price": 43,
            "taker_side": "no"
        },
        {
            "trade_id": "dac9f363-07ba-4991-87e7-4d9a95d2fcc0",
            "ticker": "HIGHCHI-24FEB17-T32",
            "count": 1,
            "created_time": "2024-02-16T16:36:23.467801Z",
            "yes_price": 63,
            "no_price": 37,
            "taker_side": "no"
        },
        {
            "trade_id": "b8d661ae-7322-4928-849e-67dbb74f6bbf",
            "ticker": "HIGHCHI-24FEB17-T32",
            "count": 1,
            "created_time": "2024-02-16T15:56:04.602933Z",
            "yes_price": 63,
            "no_price": 37,
            "taker_side": "no"
        },
        {
            "trade_id": "b16e71fd-d894-468f-b27a-931010aaca09",
            "ticker": "HIGHCHI-24FEB17-T32",
            "count": 10,
            "created_time": "2024-02-16T15:17:23.885439Z",
            "yes_price": 66,
            "no_price": 34,
            "taker_side": "no"
        },
        {
            "trade_id": "bb618f71-86c1-4e45-9938-08f037940962",
            "ticker": "HIGHCHI-24FEB17-T32",
            "count": 5,
            "created_time": "2024-02-16T15:14:36.108899Z",
            "yes_price": 66,
            "no_price": 34,
            "taker_side": "no"
        },
        {
            "trade_id": "39cd64cf-e84c-4162-b04e-bae81675e11f",
            "ticker": "HIGHCHI-24FEB17-T32",
            "count": 1,
            "created_time": "2024-02-16T15:12:25.386381Z",
            "yes_price": 62,
            "no_price": 38,
            "taker_side": "yes"
        }
    ]
}