{
    "HIGHCHI-24AUG31-T79": [
        {
            "trade_id": "98eef474-0466-42d0-8236-e57dc10fa0ba",
            "ticker": "HIGHCHI-24AUG31-T79",
            "count": 20,
            "created_time": "2024-08-30T21:14:14.374157Z",
            "yes_price": 1,
            "no_price": 99,
            "taker_side": "no"
        },
        {
            "trade_id": "e6c52cbf-e168-4cec-a030-40de01b90f43",
            "ticker": "HIGHCHI-24AUG31-T79",
            "count": 30,
            "created_time": "2024-08-30T19:15:24.329972Z",
            "yes_price": 1,
            "no_price": 99,
            "taker_side": "no"
        }
    ],
    "HIGHCHI-24AUG31-B79.5": [
        {
            "trade_id": "e990f23e-9553-4be8-8fe8-d7d63f8614e1",
            "ticker": "HIGHCHI-24AUG31-B79.5",
            "count": 20,
            "created_time": "2024-08-30T21:14:14.379338Z",
            "yes_price": 1,
            "no_price": 99,
            "taker_side": "no"
        },
        {
            "trade_id": "d758e9c5-9ba2-4300-8b64-0db29792c43f",
            "ticker": "HIGHCHI-24AUG31-B79.5",
            "count": 30,
            "created_time": "2024-08-30T19:15:24.36362Z",
            "yes_price": 1,
            "no_price": 99,
            "taker_side": "no"
        }
    ],
    "HIGHCHI-24AUG31-B81.5": [
        {
            "trade_id": "9175f51a-e110-4a9b-8b69-9fd029e3c1ee",
            "ticker": "HIGHCHI-24AUG31-B81.5",
            "count": 50,
            "created_time": "2024-08-31T18:06:50.048202Z",
            "yes_price": 1,
            "no_price": 99,
            "taker_side": "no"
        },
        {
            "trade_id": "0de85518-5169-4b50-adc8-917ee3a2f620",
            "ticker": "HIGHCHI-24AUG31-B81.5",
            "count": 90,
            "created_time": "2024-08-31T15:00:39.76092Z",
            "yes_price": 3,
            "no_price": 97,
            "taker_side": "no"
        },
        {
            "trade_id": "ffe5992c-d3b0-4385-8556-e5b8fc8cbe91",
            "ticker": "HIGHCHI-24AUG31-B81.5",
            "count": 14,
            "created_time": "2024-08-31T13:20:08.778954Z",
            "yes_price": 15,
            "no_price": 85,
            "taker_side": "yes"
        },
        {
            "trade_id": "b4ac7853-f178-4e6d-b249-c5473d72fa77",
            "ticker": "HIGHCHI-24AUG31-B81.5",
            "count": 10,
            "created_time": "2024-08-31T12:48:11.272151Z",
            "yes_price": 4,
            "no_price": 96,
            "taker_side": "no"
        },
        {
            "trade_id": "89c8e321-7c1a-4e13-b115-51bc35f37540",
            "ticker": "HIGHCHI-24AUG31-B81.5",
            "count": 32,
            "created_time": "2024-08-31T02:03:54.967751Z",
            "yes_price": 4,
            "no_price": 96,
            "taker_side": "no"
        },
        {
            "trade_id": "3217c717-12aa-4d4b-b1f7-1432ae313846",
            "ticker": "HIGHCHI-24AUG31-B81.5",
            "count": 21,
            "created_time": "2024-08-31T02:03:20.486468Z",
            "yes_price": 4,
            "no_price": 96,
            "taker_side": "no"
        },
        {
            "trade_id": "351f8953-9fde-4196-b136-d90edbfdae8e",
            "ticker": "HIGHCHI-24AUG31-B81.5",
            "count": 129,
            "created_time": "2024-08-31T01:47:30.14042Z",
            "yes_price": 6,
            "no_price": 94,
            "taker_side": "no"
        },
        {
            "trade_id": "83ab404c-ae5a-4080-968c-cc1c41391344",
            "ticker": "HIGHCHI-24AUG31-B81.5",
            "count": 18,
            "created_time": "2024-08-31T01:47:18.180241Z",
            "yes_price": 6,
            "no_price": 94,
            "taker_side": "no"
        },
        {
            "trade_id": "540d7edd-451e-4fec-9020-ddd01fe7f86f",
            "ticker": "HIGHCHI-24AUG31-B81.5",
            "count": 18,
            "created_time": "2024-08-31T01:44:28.604801Z",
            "yes_price": 6,
            "no_price": 94,
            "taker_side": "no"
        },
        {
            "trade_id": "fc0de13b-be3f-43fa-953e-3d4de8471f94",
            "ticker": "HIGHCHI-24AUG31-B81.5",
            "count": 60,
            "created_time": "2024-08-30T23:16:29.675553Z",
            "yes_price": 11,
            "no_price": 89,
            "taker_side": "yes"
        },
        {
            "trade_id": "a076fa4e-70e0-40dd-bae7-45040147554a",
            "ticker": "HIGHCHI-24AUG31-B81.5",
            "count": 34,
            "created_time": "2024-08-30T23:16:29.675553Z",
            "yes_price": 16,
            "no_price": 84,
            "taker_side": "yes"
        },
        {
            "trade_id": "69a20f1a-3ba3-4b29-8589-8ec48f5e8325",
            "ticker": "HIGHCHI-24AUG31-B81.5",
            "count": 18,
            "created_time": "2024-08-30T22:51:06.653748Z",
            "yes_price": 6,
            "no_price": 94,
            "taker_side": "no"
        },
        {
            "trade_id": "3f78adaf-25b9-4fa6-b66b-67618b6e0f17",
            "ticker": "HIGHCHI-24AUG31-B81.5",
            "count": 17,
            "created_time": "2024-08-30T21:30:10.529509Z",
            "yes_price": 6,
            "no_price": 94,
            "taker_side": "no"
        },
        {
            "trade_id": "b4d2fb08-7860-436d-acb0-43944038afad",
            "ticker": "HIGHCHI-24AUG31-B81.5",
            "count": 20,
            "created_time": "2024-08-30T21:14:14.316305Z",
            "yes_price": 6,
            "no_price": 94,
            "taker_side": "no"
        },
        {
            "trade_id": "3f9781ec-50b1-4f99-a2e5-823303a03366",
            "ticker": "HIGHCHI-24AUG31-B81.5",
            "count": 30,
            "created_time": "2024-08-30T19:15:24.360669Z",
            "yes_price": 6,
            "no_price": 94,
            "taker_side": "no"
        }
    ],
    "HIGHCHI-24AUG31-B83.5": [
        {
            "trade_id": "b0427ed3-6b24-4863-95c9-cb70bf34fbca",
            "ticker": "HIGHCHI-24AUG31-B83.5",
            "count": 501,
            "created_time": "2024-09-01T01:07:28.373088Z",
            "yes_price": 1,
            "no_price": 99,
            "taker_side": "yes"
        },
        {
            "trade_id": "e0654a9d-9a56-4dde-87c0-cab35de62cc8",
            "ticker": "HIGHCHI-24AUG31-B83.5",
            "count": 2337,
            "created_time": "2024-08-31T23:57:15.887091Z",
            "yes_price": 1,
            "no_price": 99,
            "taker_side": "yes"
        },
        {
            "trade_id": "c7f4663e-f554-4707-b638-dfabb8a0ada5",
            "ticker": "HIGHCHI-24AUG31-B83.5",
            "count": 791,
            "created_time": "2024-08-31T23:24:05.10659Z",
            "yes_price": 15,
            "no_price": 85,
            "taker_side": "yes"
        },
        {
            "trade_id": "007f527a-29bd-4283-aebd-a2f566960c5a",
            "ticker": "HIGHCHI-24AUG31-B83.5",
            "count": 500,
            "created_time": "2024-08-31T23:24:05.10659Z",
            "yes_price": 14,
            "no_price": 86,
            "taker_side": "yes"
        },
        {
            "trade_id": "8da7c30d-cbb0-4f32-94f7-ac5a8fa16c7a",
            "ticker": "HIGHCHI-24AUG31-B83.5",
            "count": 555,
            "created_time": "2024-08-31T23:22:22.435598Z",
            "yes_price": 17,
            "no_price": 83,
            "taker_side": "yes"
        },
        {
            "trade_id": "186310c5-3622-4f45-ab57-9f3a27eb883a",
            "ticker": "HIGHCHI-24AUG31-B83.5",
            "count": 1,
            "created_time": "2024-08-31T23:22:22.435598Z",
            "yes_price": 3,
            "no_price": 97,
            "taker_side": "yes"
        },
        {
            "trade_id": "dc7483a5-40ce-4ac4-9b92-dc847ad165bc",
            "ticker": "HIGHCHI-24AUG31-B83.5",
            "count": 405,
            "created_time": "2024-08-31T23:05:57.210537Z",
            "yes_price": 3,
            "no_price": 97,
            "taker_side": "yes"
        },
        {
            "trade_id": "9e3868f0-d852-4a88-bb43-a6b2a63a59ff",
            "ticker": "HIGHCHI-24AUG31-B83.5",
            "count": 68,
            "created_time": "2024-08-31T22:41:52.479488Z",
            "yes_price": 1,
            "no_price": 99,
            "taker_side": "yes"
        },
        {
            "trade_id": "0f89ae6c-c836-4ea6-9d91-bd946f592ee0",
            "ticker": "HIGHCHI-24AUG31-B83.5",
            "count": 47,
            "created_time": "2024-08-31T22:36:38.439317Z",
            "yes_price": 1,
            "no_price": 99,
            "taker_side": "yes"
        },
        {
            "trade_id": "d4bb7938-af47-4b17-8bf2-7ceebbc3201a",
            "ticker": "HIGHCHI-24AUG31-B83.5",
            "count": 10,
            "created_time": "2024-08-31T22:36:04.385862Z",
            "yes_price": 2,
            "no_price": 98,
            "taker_side": "no"
        },
        {
            "trade_id": "26a19223-6c46-4c19-8899-4b4290a2b7d4",
            "ticker": "HIGHCHI-24AUG31-B83.5",
            "count": 50,
            "created_time": "2024-08-31T22:36:04.385862Z",
            "yes_price": 1,
            "no_price": 99,
            "taker_side": "no"
        },
        {
            "trade_id": "a9d33fb3-27c3-4430-bd46-7b7e55c43d0e",
            "ticker": "HIGHCHI-24AUG31-B83.5",
            "count": 187,
            "created_time": "2024-08-31T22:26:57.982565Z",
            "yes_price": 65,
            "no_price": 35,
            "taker_side": "yes"
        },
        {
            "trade_id": "fc3f6006-655a-4213-903b-8e5e714170c3",
            "ticker": "HIGHCHI-24AUG31-B83.5",
            "count": 250,
            "created_time": "2024-08-31T22:04:31.328665Z",
            "yes_price": 95,
            "no_price": 5,
            "taker_side": "yes"
        },
        {
            "trade_id": "96b6e664-5aaf-4923-bd78-3ca2852ff683",
            "ticker": "HIGHCHI-24AUG31-B83.5",
            "count": 65,
            "created_time": "2024-08-31T22:04:31.328665Z",
            "yes_price": 96,
            "no_price": 4,
            "taker_side": "yes"
        },
        {
            "trade_id": "9011cfcd-15b3-4b96-8101-e45d35b2367b",
            "ticker": "HIGHCHI-24AUG31-B83.5",
            "count": 9,
            "created_time": "2024-08-31T21:18:08.437946Z",
            "yes_price": 41,
            "no_price": 59,
            "taker_side": "yes"
        },
        {
            "trade_id": "814a2b93-d9eb-4619-b834-4a337e43ea73",
            "ticker": "HIGHCHI-24AUG31-B83.5",
            "count": 25,
            "created_time": "2024-08-31T21:18:08.437946Z",
            "yes_price": 54,
            "no_price": 46,
            "taker_side": "yes"
        },
        {
            "trade_id": "41e0a9ca-60de-442f-ba52-d2ee282c2653",
            "ticker": "HIGHCHI-24AUG31-B83.5",
            "count": 165,
            "created_time": "2024-08-31T19:44:15.768552Z",
            "yes_price": 15,
            "no_price": 85,
            "taker_side": "no"
        },
        {
            "trade_id": "b1d2d72a-7035-4132-8ade-63514e4e5ecb",
            "ticker": "HIGHCHI-24AUG31-B83.5",
            "count": 1,
            "created_time": "2024-08-31T19:26:03.363036Z",
            "yes_price": 15,
            "no_price": 85,
            "taker_side": "no"
        },
        {
            "trade_id": "559daacf-9d68-4d89-9716-f6a87c19ed1d",
            "ticker": "HIGHCHI-24AUG31-B83.5",
            "count": 8,
            "created_time": "2024-08-31T18:43:52.816072Z",
            "yes_price": 15,
            "no_price": 85,
            "taker_side": "no"
        },
        {
            "trade_id": "c508036c-a0d3-4f1e-8358-f1a48da00183",
            "ticker": "HIGHCHI-24AUG31-B83.5",
            "count": 1,
            "created_time": "2024-08-31T18:40:16.758552Z",
            "yes_price": 15,
            "no_price": 85,
            "taker_side": "no"
        },
        {
            "trade_id": "9bcf458c-267f-4140-a922-9418b3196456",
            "ticker": "HIGHCHI-24AUG31-B83.5",
            "count": 1,
            "created_time": "2024-08-31T18:39:59.149292Z",
            "yes_price": 41,
            "no_price": 59,
            "taker_side": "yes"
        },
        {
            "trade_id": "de0b0fcc-8d8c-4216-9058-9f373e9e6b8d",
            "ticker": "HIGHCHI-24AUG31-B83.5",
            "count": 45,
            "created_time": "2024-08-31T15:18:11.860229Z",
            "yes_price": 6,
            "no_price": 94,
            "taker_side": "no"
        },
        {
            "trade_id": "a5ce94e6-4f30-4079-a74e-b4e372d1da75",
            "ticker": "HIGHCHI-24AUG31-B83.5",
            "count": 180,
            "created_time": "2024-08-31T15:18:11.860229Z",
            "yes_price": 7,
            "no_price": 93,
            "taker_side": "no"
        },
        {
            "trade_id": "2a7aaa36-507d-4444-8b38-5e4cea7c945b",
            "ticker": "HIGHCHI-24AUG31-B83.5",
            "count": 90,
            "created_time": "2024-08-31T15:18:11.860229Z",
            "yes_price": 8,
            "no_price": 92,
            "taker_side": "no"
        },
        {
            "trade_id": "a49c3680-b3cf-475f-bb47-f329b977ab42",
            "ticker": "HIGHCHI-24AUG31-B83.5",
            "count": 20,
            "created_time": "2024-08-31T15:12:48.772075Z",
            "yes_price": 15,
            "no_price": 85,
            "taker_side": "no"
        },
        {
            "trade_id": "6d28d557-efc8-4842-ad98-953fb398a4d3",
            "ticker": "HIGHCHI-24AUG31-B83.5",
            "count": 180,
            "created_time": "2024-08-31T15:12:33.921325Z",
            "yes_price": 15,
            "no_price": 85,
            "taker_side": "no"
        },
        {
            "trade_id": "a2988166-ac9e-45ce-a078-1c1f86a01a46",
            "ticker": "HIGHCHI-24AUG31-B83.5",
            "count": 90,
            "created_time": "2024-08-31T15:00:39.748774Z",
            "yes_price": 15,
            "no_price": 85,
            "taker_side": "no"
        },
        {
            "trade_id": "feddf6dc-4cc3-47c8-9152-a34c14856cd4",
            "ticker": "HIGHCHI-24AUG31-B83.5",
            "count": 50,
            "created_time": "2024-08-31T14:00:43.345363Z",
            "yes_price": 15,
            "no_price": 85,
            "taker_side": "no"
        },
        {
            "trade_id": "7a0d60a5-7b28-414e-b7bb-2333d6841ce3",
            "ticker": "HIGHCHI-24AUG31-B83.5",
            "count": 22,
            "created_time": "2024-08-31T13:48:49.871126Z",
            "yes_price": 21,
            "no_price": 79,
            "taker_side": "yes"
        },
        {
            "trade_id": "65f3b5bb-f3e3-49b5-8861-eb7345e15347",
            "ticker": "HIGHCHI-24AUG31-B83.5",
            "count": 10,
            "created_time": "2024-08-31T13:20:42.850645Z",
            "yes_price": 19,
            "no_price": 81,
            "taker_side": "yes"
        },
        {
            "trade_id": "7d2ccf61-a838-40c1-8451-3298f17805d1",
            "ticker": "HIGHCHI-24AUG31-B83.5",
            "count": 14,
            "created_time": "2024-08-31T13:20:08.904451Z",
            "yes_price": 17,
            "no_price": 83,
            "taker_side": "no"
        },
        {
            "trade_id": "619800d6-f4a3-4292-b06e-558a64f8740e",
            "ticker": "HIGHCHI-24AUG31-B83.5",
            "count": 36,
            "created_time": "2024-08-31T12:58:59.13781Z",
            "yes_price": 17,
            "no_price": 83,
            "taker_side": "yes"
        },
        {
            "trade_id": "68465c4d-c7ec-4b33-9d27-6a742991a368",
            "ticker": "HIGHCHI-24AUG31-B83.5",
            "count": 10,
            "created_time": "2024-08-31T12:48:11.273028Z",
            "yes_price": 12,
            "no_price": 88,
            "taker_side": "no"
        },
        {
            "trade_id": "a9159b3e-ec5d-42df-bbc6-35f519480ceb",
            "ticker": "HIGHCHI-24AUG31-B83.5",
            "count": 90,
            "created_time": "2024-08-31T03:13:38.859315Z",
            "yes_price": 17,
            "no_price": 83,
            "taker_side": "yes"
        },
        {
            "trade_id": "3554acdf-c60a-4ade-bb63-b90a44efaf43",
            "ticker": "HIGHCHI-24AUG31-B83.5",
            "count": 32,
            "created_time": "2024-08-31T02:03:54.960104Z",
            "yes_price": 13,
            "no_price": 87,
            "taker_side": "no"
        },
        {
            "trade_id": "5c9e7404-417e-4139-a4e0-c6ddf80a6a65",
            "ticker": "HIGHCHI-24AUG31-B83.5",
            "count": 21,
            "created_time": "2024-08-31T02:03:20.494549Z",
            "yes_price": 15,
            "no_price": 85,
            "taker_side": "no"
        },
        {
            "trade_id": "d891c580-dad8-4db3-9ee5-745f9e663c1a",
            "ticker": "HIGHCHI-24AUG31-B83.5",
            "count": 129,
            "created_time": "2024-08-31T01:47:30.093129Z",
            "yes_price": 15,
            "no_price": 85,
            "taker_side": "no"
        },
        {
            "trade_id": "63a2c1be-0200-462d-945c-94e475ed5ca2",
            "ticker": "HIGHCHI-24AUG31-B83.5",
            "count": 18,
            "created_time": "2024-08-31T01:47:18.172627Z",
            "yes_price": 16,
            "no_price": 84,
            "taker_side": "no"
        },
        {
            "trade_id": "21403da1-a78c-40b5-a54b-d40e01f9c1f5",
            "ticker": "HIGHCHI-24AUG31-B83.5",
            "count": 10,
            "created_time": "2024-08-31T01:45:10.185206Z",
            "yes_price": 17,
            "no_price": 83,
            "taker_side": "no"
        },
        {
            "trade_id": "bdeac238-816d-4e32-b94e-0acd1004ea78",
            "ticker": "HIGHCHI-24AUG31-B83.5",
            "count": 18,
            "created_time": "2024-08-31T01:44:28.606944Z",
            "yes_price": 17,
            "no_price": 83,
            "taker_side": "no"
        },
        {
            "trade_id": "f5f574e8-f7eb-46ee-91f4-b5e47be16100",
            "ticker": "HIGHCHI-24AUG31-B83.5",
            "count": 54,
            "created_time": "2024-08-31T01:43:36.440823Z",
            "yes_price": 18,
            "no_price": 82,
            "taker_side": "no"
        },
        {
            "trade_id": "e561d01c-fb32-4f80-a3db-3ad1f0da2f60",
            "ticker": "HIGHCHI-24AUG31-B83.5",
            "count": 100,
            "created_time": "2024-08-31T01:43:23.006412Z",
            "yes_price": 18,
            "no_price": 82,
            "taker_side": "no"
        },
        {
            "trade_id": "104eedf1-4325-48d0-981e-3f4f40f7b45d",
            "ticker": "HIGHCHI-24AUG31-B83.5",
            "count": 180,
            "created_time": "2024-08-31T01:43:23.006412Z",
            "yes_price": 18,
            "no_price": 82,
            "taker_side": "no"
        },
        {
            "trade_id": "1c822699-0854-49be-bee5-a98d9a0c9db2",
            "ticker": "HIGHCHI-24AUG31-B83.5",
            "count": 36,
            "created_time": "2024-08-31T01:43:17.510568Z",
            "yes_price": 20,
            "no_price": 80,
            "taker_side": "no"
        },
        {
            "trade_id": "20f19b4a-39aa-46f1-8136-a8ffb28a4e4e",
            "ticker": "HIGHCHI-24AUG31-B83.5",
            "count": 36,
            "created_time": "2024-08-31T01:24:39.62413Z",
            "yes_price": 21,
            "no_price": 79,
            "taker_side": "no"
        },
        {
            "trade_id": "f0dc8a45-efe4-4273-aa12-ad4b044419e6",
            "ticker": "HIGHCHI-24AUG31-B83.5",
            "count": 10,
            "created_time": "2024-08-31T01:10:11.987441Z",
            "yes_price": 21,
            "no_price": 79,
            "taker_side": "no"
        },
        {
            "trade_id": "d0fcbd57-0bf0-4d86-9204-daecec9e846d",
            "ticker": "HIGHCHI-24AUG31-B83.5",
            "count": 100,
            "created_time": "2024-08-31T01:10:11.987441Z",
            "yes_price": 21,
            "no_price": 79,
            "taker_side": "no"
        },
        {
            "trade_id": "834216af-aca3-41a8-be34-1648a2b3bd64",
            "ticker": "HIGHCHI-24AUG31-B83.5",
            "count": 72,
            "created_time": "2024-08-31T01:09:21.102021Z",
            "yes_price": 22,
            "no_price": 78,
            "taker_side": "no"
        },
        {
            "trade_id": "67fc54c2-c801-4090-a651-87ff9326773b",
            "ticker": "HIGHCHI-24AUG31-B83.5",
            "count": 50,
            "created_time": "2024-08-31T01:08:11.149711Z",
            "yes_price": 23,
            "no_price": 77,
            "taker_side": "no"
        },
        {
            "trade_id": "9ed27078-a72d-4ce3-99f8-3651c4a547eb",
            "ticker": "HIGHCHI-24AUG31-B83.5",
            "count": 268,
            "created_time": "2024-08-31T01:01:41.518126Z",
            "yes_price": 24,
            "no_price": 76,
            "taker_side": "no"
        },
        {
            "trade_id": "5d9c11e1-134f-4334-b9fe-d8ede78acbb8",
            "ticker": "HIGHCHI-24AUG31-B83.5",
            "count": 21,
            "created_time": "2024-08-31T00:24:26.993368Z",
            "yes_price": 24,
            "no_price": 76,
            "taker_side": "no"
        },
        {
            "trade_id": "5e3fd889-309b-4e11-ac27-369f4bd3593f",
            "ticker": "HIGHCHI-24AUG31-B83.5",
            "count": 21,
            "created_time": "2024-08-30T23:17:00.975578Z",
            "yes_price": 27,
            "no_price": 73,
            "taker_side": "yes"
        },
        {
            "trade_id": "b06b3af9-575f-435d-9b8d-da8c8dca28fe",
            "ticker": "HIGHCHI-24AUG31-B83.5",
            "count": 12,
            "created_time": "2024-08-30T23:15:22.204771Z",
            "yes_price": 24,
            "no_price": 76,
            "taker_side": "no"
        },
        {
            "trade_id": "31b016d5-9479-4707-b8e0-98cb07f82c95",
            "ticker": "HIGHCHI-24AUG31-B83.5",
            "count": 52,
            "created_time": "2024-08-30T23:15:22.204771Z",
            "yes_price": 25,
            "no_price": 75,
            "taker_side": "no"
        },
        {
            "trade_id": "7bd2d629-2a3a-43c3-a33e-a08f555abaae",
            "ticker": "HIGHCHI-24AUG31-B83.5",
            "count": 36,
            "created_time": "2024-08-30T23:08:48.722015Z",
            "yes_price": 25,
            "no_price": 75,
            "taker_side": "no"
        },
        {
            "trade_id": "ccc9114c-c393-4af4-a29a-18bd870ecc56",
            "ticker": "HIGHCHI-24AUG31-B83.5",
            "count": 36,
            "created_time": "2024-08-30T23:08:36.055654Z",
            "yes_price": 25,
            "no_price": 75,
            "taker_side": "no"
        },
        {
            "trade_id": "a2f8be16-86e5-417d-afb4-6725baa2fea7",
            "ticker": "HIGHCHI-24AUG31-B83.5",
            "count": 180,
            "created_time": "2024-08-30T23:08:36.036624Z",
            "yes_price": 25,
            "no_price": 75,
            "taker_side": "no"
        },
        {
            "trade_id": "d73b43b3-f210-40e0-806e-a6cd14d20b9a",
            "ticker": "HIGHCHI-24AUG31-B83.5",
            "count": 18,
            "created_time": "2024-08-30T22:51:06.654508Z",
            "yes_price": 25,
            "no_price": 75,
            "taker_side": "no"
        },
        {
            "trade_id": "dda3c94b-f9bb-4761-bbe6-3c6a055f6e1a",
            "ticker": "HIGHCHI-24AUG31-B83.5",
            "count": 478,
            "created_time": "2024-08-30T22:50:03.871588Z",
            "yes_price": 25,
            "no_price": 75,
            "taker_side": "no"
        },
        {
            "trade_id": "1a22f11b-247f-4d93-b07c-ef6766b30412",
            "ticker": "HIGHCHI-24AUG31-B83.5",
            "count": 126,
            "created_time": "2024-08-30T22:08:43.673223Z",
            "yes_price": 24,
            "no_price": 76,
            "taker_side": "no"
        },
        {
            "trade_id": "54b8e992-6cdc-4315-8ddd-aa879052d6a0",
            "ticker": "HIGHCHI-24AUG31-B83.5",
            "count": 36,
            "created_time": "2024-08-30T22:08:34.406812Z",
            "yes_price": 24,
            "no_price": 76,
            "taker_side": "no"
        },
        {
            "trade_id": "91c126a0-d0d8-4a4c-acd2-11ef17b59ba7",
            "ticker": "HIGHCHI-24AUG31-B83.5",
            "count": 17,
            "created_time": "2024-08-30T21:30:10.525884Z",
            "yes_price": 24,
            "no_price": 76,
            "taker_side": "no"
        },
        {
            "trade_id": "082b8528-723d-40ca-be1b-3d0eac7df5c7",
            "ticker": "HIGHCHI-24AUG31-B83.5",
            "count": 35,
            "created_time": "2024-08-30T21:29:59.482625Z",
            "yes_price": 27,
            "no_price": 73,
            "taker_side": "yes"
        },
        {
            "trade_id": "74f304c4-6b11-4aff-a749-2678a8008fa2",
            "ticker": "HIGHCHI-24AUG31-B83.5",
            "count": 20,
            "created_time": "2024-08-30T21:14:14.341975Z",
            "yes_price": 24,
            "no_price": 76,
            "taker_side": "no"
        },
        {
            "trade_id": "e9655a2a-b9e5-449a-b89e-8d5bfe054522",
            "ticker": "HIGHCHI-24AUG31-B83.5",
            "count": 10,
            "created_time": "2024-08-30T21:05:31.725514Z",
            "yes_price": 31,
            "no_price": 69,
            "taker_side": "yes"
        },
        {
            "trade_id": "32cd47a9-f31d-40b3-8f6c-dfaddb8c0563",
            "ticker": "HIGHCHI-24AUG31-B83.5",
            "count": 54,
            "created_time": "2024-08-30T21:05:31.725514Z",
            "yes_price": 29,
            "no_price": 71,
            "taker_side": "yes"
        },
        {
            "trade_id": "e8688d2f-9653-469a-90f5-76d5bb1db68a",
            "ticker": "HIGHCHI-24AUG31-B83.5",
            "count": 30,
            "created_time": "2024-08-30T19:15:24.327916Z",
            "yes_price": 25,
            "no_price": 75,
            "taker_side": "no"
        },
        {
            "trade_id": "16269bd2-71db-486f-bd16-f11048cbd6f1",
            "ticker": "HIGHCHI-24AUG31-B83.5",
            "count": 20,
            "created_time": "2024-08-30T17:45:47.838128Z",
            "yes_price": 25,
            "no_price": 75,
            "taker_side": "no"
        },
        {
            "trade_id": "eb6dead8-27cb-48ea-a28d-66598ddbeed2",
            "ticker": "HIGHCHI-24AUG31-B83.5",
            "count": 50,
            "created_time": "2024-08-30T16:45:50.899643Z",
            "yes_price": 27,
            "no_price": 73,
            "taker_side": "no"
        },
        {
            "trade_id": "d1d9d0b0-0814-4a6e-b63c-c628ba77e6b1",
            "ticker": "HIGHCHI-24AUG31-B83.5",
            "count": 72,
            "created_time": "2024-08-30T16:45:00.375006Z",
            "yes_price": 31,
            "no_price": 69,
            "taker_side": "no"
        },
        {
            "trade_id": "9519bf0b-014b-4960-bdb3-fb9249db0ff9",
            "ticker": "HIGHCHI-24AUG31-B83.5",
            "count": 180,
            "created_time": "2024-08-30T16:45:00.375006Z",
            "yes_price": 28,
            "no_price": 72,
            "taker_side": "no"
        },
        {
            "trade_id": "410b797f-8561-46ab-b601-7e556b3a19f9",
            "ticker": "HIGHCHI-24AUG31-B83.5",
            "count": 60,
            "created_time": "2024-08-30T15:04:35.982161Z",
            "yes_price": 30,
            "no_price": 70,
            "taker_side": "yes"
        },
        {
            "trade_id": "9107c48d-f7db-4bf4-8396-87ce464f48b8",
            "ticker": "HIGHCHI-24AUG31-B83.5",
            "count": 130,
            "created_time": "2024-08-30T15:00:05.616046Z",
            "yes_price": 37,
            "no_price": 63,
            "taker_side": "yes"
        },
        {
            "trade_id": "1d42922f-2103-4cf1-b761-fa6a15087107",
            "ticker": "HIGHCHI-24AUG31-B83.5",
            "count": 60,
            "created_time": "2024-08-30T15:00:05.616046Z",
            "yes_price": 29,
            "no_price": 71,
            "taker_side": "yes"
        },
        {
            "trade_id": "14fcf05e-6ff5-44dc-9f3c-9f26e19e62c2",
            "ticker": "HIGHCHI-24AUG31-B83.5",
            "count": 36,
            "created_time": "2024-08-30T15:00:05.616046Z",
            "yes_price": 35,
            "no_price": 65,
            "taker_side": "yes"
        }
    ],
    "HIGHCHI-24AUG31-B85.5": [
        {
            "trade_id": "9d0ec0dc-907c-4bf3-b646-e2f9c2df203f",
            "ticker": "HIGHCHI-24AUG31-B85.5",
            "count": 99,
            "created_time": "2024-08-31T23:39:11.59016Z",
            "yes_price": 93,
            "no_price": 7,
            "taker_side": "no"
        },
        {
            "trade_id": "85b9388c-4826-4b46-aa25-5fc383bd7cd0",
            "ticker": "HIGHCHI-24AUG31-B85.5",
            "count": 1,
            "created_time": "2024-08-31T23:39:11.59016Z",
            "yes_price": 94,
            "no_price": 6,
            "taker_side": "no"
        },
        {
            "trade_id": "d27b30c3-8237-4eff-98dd-c6acfa8e8c0b",
            "ticker": "HIGHCHI-24AUG31-B85.5",
            "count": 500,
            "created_time": "2024-08-31T23:24:05.212606Z",
            "yes_price": 93,
            "no_price": 7,
            "taker_side": "no"
        },
        {
            "trade_id": "f5e0a191-81c0-4fb0-baee-ff411d321819",
            "ticker": "HIGHCHI-24AUG31-B85.5",
            "count": 50,
            "created_time": "2024-08-31T23:02:44.973607Z",
            "yes_price": 99,
            "no_price": 1,
            "taker_side": "yes"
        },
        {
            "trade_id": "b21e8a23-36dc-4f03-b821-8c2a7d3f3f40",
            "ticker": "HIGHCHI-24AUG31-B85.5",
            "count": 1,
            "created_time": "2024-08-31T23:02:44.973607Z",
            "yes_price": 99,
            "no_price": 1,
            "taker_side": "yes"
        },
        {
            "trade_id": "e64ab2a3-fd8f-442c-900d-b2b6f0d4cf05",
            "ticker": "HIGHCHI-24AUG31-B85.5",
            "count": 329,
            "created_time": "2024-08-31T22:42:58.343482Z",
            "yes_price": 75,
            "no_price": 25,
            "taker_side": "no"
        },
        {
            "trade_id": "9ecf6cdb-692a-4d76-9e2b-891ae68607a3",
            "ticker": "HIGHCHI-24AUG31-B85.5",
            "count": 430,
            "created_time": "2024-08-31T22:42:58.343482Z",
            "yes_price": 75,
            "no_price": 25,
            "taker_side": "no"
        },
        {
            "trade_id": "f7e66071-c790-441e-980c-de8c3ca15cfa",
            "ticker": "HIGHCHI-24AUG31-B85.5",
            "count": 25,
            "created_time": "2024-08-31T22:36:12.998993Z",
            "yes_price": 97,
            "no_price": 3,
            "taker_side": "yes"
        },
        {
            "trade_id": "dcf6da26-7d66-4e9b-a17b-65bfb01d253d",
            "ticker": "HIGHCHI-24AUG31-B85.5",
            "count": 20,
            "created_time": "2024-08-31T22:36:12.998993Z",
            "yes_price": 98,
            "no_price": 2,
            "taker_side": "yes"
        },
        {
            "trade_id": "dc8fd9bc-d6a6-4754-b135-5a2b6936318b",
            "ticker": "HIGHCHI-24AUG31-B85.5",
            "count": 1,
            "created_time": "2024-08-31T22:36:12.998993Z",
            "yes_price": 96,
            "no_price": 4,
            "taker_side": "yes"
        },
        {
            "trade_id": "8ed68e94-ebf6-485a-84e5-2bced95bb760",
            "ticker": "HIGHCHI-24AUG31-B85.5",
            "count": 570,
            "created_time": "2024-08-31T22:34:04.632655Z",
            "yes_price": 75,
            "no_price": 25,
            "taker_side": "no"
        },
        {
            "trade_id": "8e5e23f8-9dff-442f-85aa-6b61bff0862c",
            "ticker": "HIGHCHI-24AUG31-B85.5",
            "count": 250,
            "created_time": "2024-08-31T22:31:01.928869Z",
            "yes_price": 46,
            "no_price": 54,
            "taker_side": "no"
        },
        {
            "trade_id": "5e4c8b67-f106-4236-9be9-fd3db16c7729",
            "ticker": "HIGHCHI-24AUG31-B85.5",
            "count": 18,
            "created_time": "2024-08-31T22:31:01.928869Z",
            "yes_price": 45,
            "no_price": 55,
            "taker_side": "no"
        },
        {
            "trade_id": "579f8a67-55d6-4e75-b1ae-e3f75a84069f",
            "ticker": "HIGHCHI-24AUG31-B85.5",
            "count": 134,
            "created_time": "2024-08-31T22:11:01.107857Z",
            "yes_price": 21,
            "no_price": 79,
            "taker_side": "no"
        },
        {
            "trade_id": "2785d048-69c6-4708-b9b8-7bb2e3d4e040",
            "ticker": "HIGHCHI-24AUG31-B85.5",
            "count": 1,
            "created_time": "2024-08-31T22:11:01.107857Z",
            "yes_price": 25,
            "no_price": 75,
            "taker_side": "no"
        },
        {
            "trade_id": "7a12ef50-474e-4863-a5b2-525049e84bc9",
            "ticker": "HIGHCHI-24AUG31-B85.5",
            "count": 250,
            "created_time": "2024-08-31T22:04:31.465583Z",
            "yes_price": 26,
            "no_price": 74,
            "taker_side": "no"
        },
        {
            "trade_id": "35fcacb3-fe2d-4565-a721-a28e6d742a5b",
            "ticker": "HIGHCHI-24AUG31-B85.5",
            "count": 1,
            "created_time": "2024-08-31T19:26:03.251395Z",
            "yes_price": 96,
            "no_price": 4,
            "taker_side": "yes"
        },
        {
            "trade_id": "691753fc-f566-4c4b-b149-6329553ca38d",
            "ticker": "HIGHCHI-24AUG31-B85.5",
            "count": 8,
            "created_time": "2024-08-31T18:43:52.692619Z",
            "yes_price": 93,
            "no_price": 7,
            "taker_side": "yes"
        },
        {
            "trade_id": "fdb62652-33b0-49ab-9c79-fed7cc289cfc",
            "ticker": "HIGHCHI-24AUG31-B85.5",
            "count": 2,
            "created_time": "2024-08-31T16:36:41.140307Z",
            "yes_price": 83,
            "no_price": 17,
            "taker_side": "yes"
        },
        {
            "trade_id": "dc9ecc90-cd76-4f44-bd6b-3ef5bdfe4178",
            "ticker": "HIGHCHI-24AUG31-B85.5",
            "count": 14,
            "created_time": "2024-08-31T16:20:16.454111Z",
            "yes_price": 74,
            "no_price": 26,
            "taker_side": "no"
        },
        {
            "trade_id": "3af3108b-83db-40ee-854c-bb9eecdfb1c1",
            "ticker": "HIGHCHI-24AUG31-B85.5",
            "count": 26,
            "created_time": "2024-08-31T15:45:40.907431Z",
            "yes_price": 74,
            "no_price": 26,
            "taker_side": "yes"
        },
        {
            "trade_id": "226216c2-0536-45d6-86de-2e8a1ecd8f87",
            "ticker": "HIGHCHI-24AUG31-B85.5",
            "count": 28,
            "created_time": "2024-08-31T15:45:25.059064Z",
            "yes_price": 74,
            "no_price": 26,
            "taker_side": "yes"
        },
        {
            "trade_id": "2474e50c-6dec-4537-b9f2-4c4539c89a5e",
            "ticker": "HIGHCHI-24AUG31-B85.5",
            "count": 54,
            "created_time": "2024-08-31T15:44:12.28386Z",
            "yes_price": 74,
            "no_price": 26,
            "taker_side": "yes"
        },
        {
            "trade_id": "c0c9c278-d875-47be-9244-f4908b4d5d7d",
            "ticker": "HIGHCHI-24AUG31-B85.5",
            "count": 13,
            "created_time": "2024-08-31T15:12:02.567687Z",
            "yes_price": 74,
            "no_price": 26,
            "taker_side": "yes"
        },
        {
            "trade_id": "b54334a5-a885-42c3-8682-f8f6842455ad",
            "ticker": "HIGHCHI-24AUG31-B85.5",
            "count": 90,
            "created_time": "2024-08-31T15:00:39.670835Z",
            "yes_price": 72,
            "no_price": 28,
            "taker_side": "yes"
        },
        {
            "trade_id": "9afa0ab1-5488-401d-86ae-8711de368f86",
            "ticker": "HIGHCHI-24AUG31-B85.5",
            "count": 45,
            "created_time": "2024-08-31T15:00:39.670835Z",
            "yes_price": 73,
            "no_price": 27,
            "taker_side": "yes"
        },
        {
            "trade_id": "e254505c-b3a3-4032-8ea7-99ee824919e2",
            "ticker": "HIGHCHI-24AUG31-B85.5",
            "count": 180,
            "created_time": "2024-08-31T14:59:06.146122Z",
            "yes_price": 70,
            "no_price": 30,
            "taker_side": "yes"
        },
        {
            "trade_id": "6cc0d269-42ad-41f0-a99d-76095f307ee8",
            "ticker": "HIGHCHI-24AUG31-B85.5",
            "count": 54,
            "created_time": "2024-08-31T14:59:06.146122Z",
            "yes_price": 68,
            "no_price": 32,
            "taker_side": "yes"
        },
        {
            "trade_id": "66dc192c-d376-4875-a1ec-871f48308375",
            "ticker": "HIGHCHI-24AUG31-B85.5",
            "count": 21,
            "created_time": "2024-08-31T14:59:06.146122Z",
            "yes_price": 72,
            "no_price": 28,
            "taker_side": "yes"
        },
        {
            "trade_id": "f4bcc0f8-729d-4313-849d-579225beaf40",
            "ticker": "HIGHCHI-24AUG31-B85.5",
            "count": 30,
            "created_time": "2024-08-31T14:51:35.309867Z",
            "yes_price": 67,
            "no_price": 33,
            "taker_side": "yes"
        },
        {
            "trade_id": "791fbec6-80fa-407a-b481-64afa5722a22",
            "ticker": "HIGHCHI-24AUG31-B85.5",
            "count": 7,
            "created_time": "2024-08-31T13:50:36.012456Z",
            "yes_price": 66,
            "no_price": 34,
            "taker_side": "yes"
        },
        {
            "trade_id": "fec6bae4-0089-46f4-ae12-83b3047da81c",
            "ticker": "HIGHCHI-24AUG31-B85.5",
            "count": 180,
            "created_time": "2024-08-31T13:24:24.44845Z",
            "yes_price": 62,
            "no_price": 38,
            "taker_side": "no"
        },
        {
            "trade_id": "2bbf40f9-1d61-4245-98a9-15af7d5cfd8a",
            "ticker": "HIGHCHI-24AUG31-B85.5",
            "count": 3,
            "created_time": "2024-08-31T13:24:24.44845Z",
            "yes_price": 60,
            "no_price": 40,
            "taker_side": "no"
        },
        {
            "trade_id": "05bf1fad-3122-4f27-a8a4-7da7cbf9af2c",
            "ticker": "HIGHCHI-24AUG31-B85.5",
            "count": 72,
            "created_time": "2024-08-31T13:24:24.44845Z",
            "yes_price": 64,
            "no_price": 36,
            "taker_side": "no"
        },
        {
            "trade_id": "cb2b1c0f-d1b5-4aa5-90eb-1295eb0be431",
            "ticker": "HIGHCHI-24AUG31-B85.5",
            "count": 14,
            "created_time": "2024-08-31T13:20:08.899812Z",
            "yes_price": 64,
            "no_price": 36,
            "taker_side": "no"
        },
        {
            "trade_id": "572baabc-14d3-43df-87b0-be1fafa4cfa8",
            "ticker": "HIGHCHI-24AUG31-B85.5",
            "count": 27,
            "created_time": "2024-08-31T13:11:10.545691Z",
            "yes_price": 65,
            "no_price": 35,
            "taker_side": "no"
        },
        {
            "trade_id": "d890ad6a-a9a9-454a-ba92-b50fbe6698c6",
            "ticker": "HIGHCHI-24AUG31-B85.5",
            "count": 10,
            "created_time": "2024-08-31T12:48:11.148684Z",
            "yes_price": 68,
            "no_price": 32,
            "taker_side": "yes"
        },
        {
            "trade_id": "ce7ee6eb-b253-4039-969d-00768d80c486",
            "ticker": "HIGHCHI-24AUG31-B85.5",
            "count": 1,
            "created_time": "2024-08-31T12:48:11.148684Z",
            "yes_price": 69,
            "no_price": 31,
            "taker_side": "yes"
        },
        {
            "trade_id": "54413745-6e58-4250-b8cf-a4ed5d854e36",
            "ticker": "HIGHCHI-24AUG31-B85.5",
            "count": 180,
            "created_time": "2024-08-31T12:41:18.379615Z",
            "yes_price": 65,
            "no_price": 35,
            "taker_side": "yes"
        },
        {
            "trade_id": "4c083ba7-e86d-4610-b9ae-4ad5de484dde",
            "ticker": "HIGHCHI-24AUG31-B85.5",
            "count": 32,
            "created_time": "2024-08-31T12:41:18.379615Z",
            "yes_price": 67,
            "no_price": 33,
            "taker_side": "yes"
        },
        {
            "trade_id": "3cf70cd4-413d-4463-b9de-3211029b3908",
            "ticker": "HIGHCHI-24AUG31-B85.5",
            "count": 90,
            "created_time": "2024-08-31T12:41:18.379615Z",
            "yes_price": 63,
            "no_price": 37,
            "taker_side": "yes"
        },
        {
            "trade_id": "e2279c54-f5d5-403d-859e-bf2dba7b8ba2",
            "ticker": "HIGHCHI-24AUG31-B85.5",
            "count": 15,
            "created_time": "2024-08-31T12:29:55.638228Z",
            "yes_price": 62,
            "no_price": 38,
            "taker_side": "yes"
        },
        {
            "trade_id": "9f67607b-f079-46bf-b8f7-fc69477d346e",
            "ticker": "HIGHCHI-24AUG31-B85.5",
            "count": 32,
            "created_time": "2024-08-31T02:03:54.969146Z",
            "yes_price": 58,
            "no_price": 42,
            "taker_side": "no"
        },
        {
            "trade_id": "972b7b3e-340d-406e-87a5-b0c0ed43f43b",
            "ticker": "HIGHCHI-24AUG31-B85.5",
            "count": 21,
            "created_time": "2024-08-31T02:03:20.481545Z",
            "yes_price": 58,
            "no_price": 42,
            "taker_side": "no"
        },
        {
            "trade_id": "c7aa9dc5-6769-4273-81d3-47bfa3b7d1ba",
            "ticker": "HIGHCHI-24AUG31-B85.5",
            "count": 129,
            "created_time": "2024-08-31T01:47:30.092665Z",
            "yes_price": 58,
            "no_price": 42,
            "taker_side": "no"
        },
        {
            "trade_id": "b02e092f-bb3d-4830-bcc5-226e6afe88d2",
            "ticker": "HIGHCHI-24AUG31-B85.5",
            "count": 18,
            "created_time": "2024-08-31T01:47:18.130608Z",
            "yes_price": 58,
            "no_price": 42,
            "taker_side": "no"
        },
        {
            "trade_id": "707e311e-33c5-47d8-9af0-527e665cc45e",
            "ticker": "HIGHCHI-24AUG31-B85.5",
            "count": 90,
            "created_time": "2024-08-31T01:44:28.461601Z",
            "yes_price": 59,
            "no_price": 41,
            "taker_side": "yes"
        },
        {
            "trade_id": "59cf1850-6b37-42ea-a6bc-06f2c161abdd",
            "ticker": "HIGHCHI-24AUG31-B85.5",
            "count": 18,
            "created_time": "2024-08-31T01:44:28.461601Z",
            "yes_price": 59,
            "no_price": 41,
            "taker_side": "yes"
        },
        {
            "trade_id": "814a0146-bde6-44b2-8ffa-306c4e47d84b",
            "ticker": "HIGHCHI-24AUG31-B85.5",
            "count": 72,
            "created_time": "2024-08-31T01:44:12.481886Z",
            "yes_price": 58,
            "no_price": 42,
            "taker_side": "yes"
        },
        {
            "trade_id": "80455e39-e383-4b56-a544-2daccf30815f",
            "ticker": "HIGHCHI-24AUG31-B85.5",
            "count": 72,
            "created_time": "2024-08-31T01:44:03.347465Z",
            "yes_price": 57,
            "no_price": 43,
            "taker_side": "yes"
        },
        {
            "trade_id": "62ed93ce-1649-419c-82c6-818baab85f08",
            "ticker": "HIGHCHI-24AUG31-B85.5",
            "count": 10,
            "created_time": "2024-08-31T01:27:05.065067Z",
            "yes_price": 55,
            "no_price": 45,
            "taker_side": "yes"
        },
        {
            "trade_id": "bf5600b0-5468-4117-ad6f-6a6a0237f30b",
            "ticker": "HIGHCHI-24AUG31-B85.5",
            "count": 36,
            "created_time": "2024-08-31T01:26:14.873304Z",
            "yes_price": 54,
            "no_price": 46,
            "taker_side": "yes"
        },
        {
            "trade_id": "4233f91e-cc08-4ad3-a0e5-cdd08745b289",
            "ticker": "HIGHCHI-24AUG31-B85.5",
            "count": 36,
            "created_time": "2024-08-31T01:01:48.277267Z",
            "yes_price": 52,
            "no_price": 48,
            "taker_side": "yes"
        },
        {
            "trade_id": "4b1e86bf-10fe-4188-a8c2-f7e7f9bfb2fc",
            "ticker": "HIGHCHI-24AUG31-B85.5",
            "count": 5,
            "created_time": "2024-08-31T00:03:19.022805Z",
            "yes_price": 52,
            "no_price": 48,
            "taker_side": "yes"
        },
        {
            "trade_id": "c1658e54-f2a1-4cdd-8ff4-0ffb429dfb3d",
            "ticker": "HIGHCHI-24AUG31-B85.5",
            "count": 28,
            "created_time": "2024-08-30T23:17:58.989203Z",
            "yes_price": 46,
            "no_price": 54,
            "taker_side": "yes"
        },
        {
            "trade_id": "67440523-add5-4b58-974d-b234ab8bdae1",
            "ticker": "HIGHCHI-24AUG31-B85.5",
            "count": 54,
            "created_time": "2024-08-30T23:17:29.984714Z",
            "yes_price": 46,
            "no_price": 54,
            "taker_side": "no"
        },
        {
            "trade_id": "2c774875-7e57-4fa4-b834-c1d7c1a144d3",
            "ticker": "HIGHCHI-24AUG31-B85.5",
            "count": 18,
            "created_time": "2024-08-30T22:51:06.579733Z",
            "yes_price": 53,
            "no_price": 47,
            "taker_side": "yes"
        },
        {
            "trade_id": "324a6312-a46e-41dd-9d5d-a1a9b420e141",
            "ticker": "HIGHCHI-24AUG31-B85.5",
            "count": 17,
            "created_time": "2024-08-30T21:30:10.40481Z",
            "yes_price": 54,
            "no_price": 46,
            "taker_side": "yes"
        },
        {
            "trade_id": "d3b44640-182b-40e6-979d-d5d0cb871854",
            "ticker": "HIGHCHI-24AUG31-B85.5",
            "count": 72,
            "created_time": "2024-08-30T21:14:14.219308Z",
            "yes_price": 52,
            "no_price": 48,
            "taker_side": "yes"
        },
        {
            "trade_id": "502a0777-a366-4249-9f74-972c127afe44",
            "ticker": "HIGHCHI-24AUG31-B85.5",
            "count": 20,
            "created_time": "2024-08-30T21:14:14.219308Z",
            "yes_price": 52,
            "no_price": 48,
            "taker_side": "yes"
        },
        {
            "trade_id": "a53de196-d360-4f3a-b2de-e762de671427",
            "ticker": "HIGHCHI-24AUG31-B85.5",
            "count": 18,
            "created_time": "2024-08-30T21:13:58.543699Z",
            "yes_price": 49,
            "no_price": 51,
            "taker_side": "yes"
        },
        {
            "trade_id": "4375a4b5-ef33-48aa-a2db-df3d890c1171",
            "ticker": "HIGHCHI-24AUG31-B85.5",
            "count": 180,
            "created_time": "2024-08-30T21:13:58.543699Z",
            "yes_price": 51,
            "no_price": 49,
            "taker_side": "yes"
        },
        {
            "trade_id": "ec76f05a-7a84-439d-97be-b1c876ffcf07",
            "ticker": "HIGHCHI-24AUG31-B85.5",
            "count": 60,
            "created_time": "2024-08-30T19:18:53.731144Z",
            "yes_price": 53,
            "no_price": 47,
            "taker_side": "yes"
        },
        {
            "trade_id": "9f49b264-3390-41ca-8f2b-cc6034fe19da",
            "ticker": "HIGHCHI-24AUG31-B85.5",
            "count": 1,
            "created_time": "2024-08-30T19:18:53.731144Z",
            "yes_price": 52,
            "no_price": 48,
            "taker_side": "yes"
        },
        {
            "trade_id": "7c803fb5-040a-4161-af44-b662d1be9d0a",
            "ticker": "HIGHCHI-24AUG31-B85.5",
            "count": 30,
            "created_time": "2024-08-30T19:15:24.259849Z",
            "yes_price": 52,
            "no_price": 48,
            "taker_side": "yes"
        },
        {
            "trade_id": "3d76f46d-dec2-48f4-9603-dabf64cc664c",
            "ticker": "HIGHCHI-24AUG31-B85.5",
            "count": 7,
            "created_time": "2024-08-30T19:15:24.259849Z",
            "yes_price": 52,
            "no_price": 48,
            "taker_side": "yes"
        },
        {
            "trade_id": "11da4309-7d6c-4d2e-a459-040435188989",
            "ticker": "HIGHCHI-24AUG31-B85.5",
            "count": 54,
            "created_time": "2024-08-30T16:45:23.796798Z",
            "yes_price": 49,
            "no_price": 51,
            "taker_side": "no"
        },
        {
            "trade_id": "b20e2922-bc18-4027-aedf-3b6ff431302f",
            "ticker": "HIGHCHI-24AUG31-B85.5",
            "count": 72,
            "created_time": "2024-08-30T16:45:14.558027Z",
            "yes_price": 49,
            "no_price": 51,
            "taker_side": "no"
        },
        {
            "trade_id": "5bda4d3b-11f8-4296-b6be-26b43180bc68",
            "ticker": "HIGHCHI-24AUG31-B85.5",
            "count": 180,
            "created_time": "2024-08-30T16:45:14.514723Z",
            "yes_price": 49,
            "no_price": 51,
            "taker_side": "yes"
        },
        {
            "trade_id": "4825c349-9d2c-4027-b276-0ff2f5d5115f",
            "ticker": "HIGHCHI-24AUG31-B85.5",
            "count": 25,
            "created_time": "2024-08-30T16:45:14.514723Z",
            "yes_price": 44,
            "no_price": 56,
            "taker_side": "yes"
        },
        {
            "trade_id": "3027f58e-b6b7-4c79-99a3-a34a6ce68b2c",
            "ticker": "HIGHCHI-24AUG31-B85.5",
            "count": 60,
            "created_time": "2024-08-30T16:45:14.514723Z",
            "yes_price": 48,
            "no_price": 52,
            "taker_side": "yes"
        }
    ],
    "HIGHCHI-24AUG31-T86": [
        {
            "trade_id": "d2cffc56-cf56-42bc-a545-4d27128e9367",
            "ticker": "HIGHCHI-24AUG31-T86",
            "count": 50,
            "created_time": "2024-08-31T21:21:23.427412Z",
            "yes_price": 1,
            "no_price": 99,
            "taker_side": "no"
        },
        {
            "trade_id": "623849f6-9f35-4d66-bfc0-a7318f3a2485",
            "ticker": "HIGHCHI-24AUG31-T86",
            "count": 1,
            "created_time": "2024-08-31T19:26:03.35823Z",
            "yes_price": 3,
            "no_price": 97,
            "taker_side": "no"
        },
        {
            "trade_id": "42724b9d-3ca8-41fe-b513-abfba55f5aa1",
            "ticker": "HIGHCHI-24AUG31-T86",
            "count": 14,
            "created_time": "2024-08-31T19:23:42.463191Z",
            "yes_price": 3,
            "no_price": 97,
            "taker_side": "no"
        },
        {
            "trade_id": "94f1746c-5714-45e5-b12a-8342940df44c",
            "ticker": "HIGHCHI-24AUG31-T86",
            "count": 50,
            "created_time": "2024-08-31T19:23:27.72524Z",
            "yes_price": 3,
            "no_price": 97,
            "taker_side": "no"
        },
        {
            "trade_id": "1552cdfe-030f-4bac-83df-e8a4aeb66331",
            "ticker": "HIGHCHI-24AUG31-T86",
            "count": 25,
            "created_time": "2024-08-31T19:22:45.035725Z",
            "yes_price": 3,
            "no_price": 97,
            "taker_side": "no"
        },
        {
            "trade_id": "0365fd83-8794-420c-85eb-97fc3bb1879c",
            "ticker": "HIGHCHI-24AUG31-T86",
            "count": 8,
            "created_time": "2024-08-31T18:43:52.804729Z",
            "yes_price": 3,
            "no_price": 97,
            "taker_side": "no"
        },
        {
            "trade_id": "5511be28-14b8-4099-813c-f1fdcfa9b4fe",
            "ticker": "HIGHCHI-24AUG31-T86",
            "count": 5,
            "created_time": "2024-08-31T17:59:19.060973Z",
            "yes_price": 8,
            "no_price": 92,
            "taker_side": "no"
        },
        {
            "trade_id": "4b0449d0-325e-44ab-aee0-71a5c434b6a5",
            "ticker": "HIGHCHI-24AUG31-T86",
            "count": 195,
            "created_time": "2024-08-31T17:59:19.060973Z",
            "yes_price": 7,
            "no_price": 93,
            "taker_side": "no"
        },
        {
            "trade_id": "f00cb4b5-2ed8-4f73-832a-63db334198c9",
            "ticker": "HIGHCHI-24AUG31-T86",
            "count": 90,
            "created_time": "2024-08-31T15:58:50.89511Z",
            "yes_price": 15,
            "no_price": 85,
            "taker_side": "no"
        },
        {
            "trade_id": "f5dce7aa-a173-4028-b0c4-216d89675a37",
            "ticker": "HIGHCHI-24AUG31-T86",
            "count": 90,
            "created_time": "2024-08-31T15:00:39.753908Z",
            "yes_price": 11,
            "no_price": 89,
            "taker_side": "no"
        },
        {
            "trade_id": "0515472b-0b1a-479b-a1f3-d46243cebac6",
            "ticker": "HIGHCHI-24AUG31-T86",
            "count": 36,
            "created_time": "2024-08-31T14:56:52.561664Z",
            "yes_price": 14,
            "no_price": 86,
            "taker_side": "no"
        },
        {
            "trade_id": "a99d9a9e-e37f-4cad-b90e-73e525ef0a60",
            "ticker": "HIGHCHI-24AUG31-T86",
            "count": 57,
            "created_time": "2024-08-31T14:52:35.070665Z",
            "yes_price": 14,
            "no_price": 86,
            "taker_side": "yes"
        },
        {
            "trade_id": "c08b249d-e81f-48f9-9541-e71cf4eede0d",
            "ticker": "HIGHCHI-24AUG31-T86",
            "count": 18,
            "created_time": "2024-08-31T13:59:33.433841Z",
            "yes_price": 14,
            "no_price": 86,
            "taker_side": "no"
        },
        {
            "trade_id": "ebca8693-8f6e-4cb5-aab8-946b5320d8ac",
            "ticker": "HIGHCHI-24AUG31-T86",
            "count": 300,
            "created_time": "2024-08-31T13:56:23.995188Z",
            "yes_price": 15,
            "no_price": 85,
            "taker_side": "no"
        },
        {
            "trade_id": "510298f7-8928-4177-86c5-d3949884800a",
            "ticker": "HIGHCHI-24AUG31-T86",
            "count": 14,
            "created_time": "2024-08-31T13:20:08.892759Z",
            "yes_price": 11,
            "no_price": 89,
            "taker_side": "no"
        },
        {
            "trade_id": "990ac7fb-1954-40ce-9af2-f066dd59f0de",
            "ticker": "HIGHCHI-24AUG31-T86",
            "count": 54,
            "created_time": "2024-08-31T13:05:24.394783Z",
            "yes_price": 13,
            "no_price": 87,
            "taker_side": "no"
        },
        {
            "trade_id": "86da507b-db48-43c4-a4df-5a577dc30958",
            "ticker": "HIGHCHI-24AUG31-T86",
            "count": 90,
            "created_time": "2024-08-31T13:05:05.360965Z",
            "yes_price": 13,
            "no_price": 87,
            "taker_side": "no"
        },
        {
            "trade_id": "f006731f-02d1-4795-8e11-55673d99ef22",
            "ticker": "HIGHCHI-24AUG31-T86",
            "count": 60,
            "created_time": "2024-08-31T13:04:34.928081Z",
            "yes_price": 14,
            "no_price": 86,
            "taker_side": "no"
        },
        {
            "trade_id": "8eecae0e-f92e-4aed-b2b4-7e4afce92728",
            "ticker": "HIGHCHI-24AUG31-T86",
            "count": 30,
            "created_time": "2024-08-31T13:04:33.310984Z",
            "yes_price": 14,
            "no_price": 86,
            "taker_side": "no"
        },
        {
            "trade_id": "ff405997-f9e8-417f-90d5-b5ae5c20f356",
            "ticker": "HIGHCHI-24AUG31-T86",
            "count": 10,
            "created_time": "2024-08-31T12:48:11.272812Z",
            "yes_price": 17,
            "no_price": 83,
            "taker_side": "no"
        },
        {
            "trade_id": "86495702-731d-4824-b63e-7816d2640705",
            "ticker": "HIGHCHI-24AUG31-T86",
            "count": 32,
            "created_time": "2024-08-31T02:03:54.835811Z",
            "yes_price": 26,
            "no_price": 74,
            "taker_side": "yes"
        },
        {
            "trade_id": "035259a9-35bf-4e53-a7de-da7604aa8656",
            "ticker": "HIGHCHI-24AUG31-T86",
            "count": 108,
            "created_time": "2024-08-31T02:03:54.835811Z",
            "yes_price": 26,
            "no_price": 74,
            "taker_side": "yes"
        },
        {
            "trade_id": "868b91ca-33ba-408b-97ca-ac945d9dd002",
            "ticker": "HIGHCHI-24AUG31-T86",
            "count": 126,
            "created_time": "2024-08-31T02:03:34.582507Z",
            "yes_price": 25,
            "no_price": 75,
            "taker_side": "yes"
        },
        {
            "trade_id": "d84c0de3-1f53-4e14-af8c-1edb1581c8bc",
            "ticker": "HIGHCHI-24AUG31-T86",
            "count": 126,
            "created_time": "2024-08-31T02:03:20.35645Z",
            "yes_price": 24,
            "no_price": 76,
            "taker_side": "yes"
        },
        {
            "trade_id": "5015ac47-64ea-428f-9faa-4a9d3198177f",
            "ticker": "HIGHCHI-24AUG31-T86",
            "count": 21,
            "created_time": "2024-08-31T02:03:20.35645Z",
            "yes_price": 24,
            "no_price": 76,
            "taker_side": "yes"
        },
        {
            "trade_id": "10aa8eaf-4b46-4bba-b40d-ceaa1ac02835",
            "ticker": "HIGHCHI-24AUG31-T86",
            "count": 36,
            "created_time": "2024-08-31T02:02:58.197343Z",
            "yes_price": 23,
            "no_price": 77,
            "taker_side": "yes"
        },
        {
            "trade_id": "732659bf-cff3-48e9-bed9-b96889e7960c",
            "ticker": "HIGHCHI-24AUG31-T86",
            "count": 129,
            "created_time": "2024-08-31T01:47:30.016448Z",
            "yes_price": 25,
            "no_price": 75,
            "taker_side": "yes"
        },
        {
            "trade_id": "371260bc-f13b-4bc8-b4a9-013cd97f3132",
            "ticker": "HIGHCHI-24AUG31-T86",
            "count": 18,
            "created_time": "2024-08-31T01:47:18.059237Z",
            "yes_price": 25,
            "no_price": 75,
            "taker_side": "yes"
        },
        {
            "trade_id": "d513a7dd-e1c1-47b3-8252-929560ddb680",
            "ticker": "HIGHCHI-24AUG31-T86",
            "count": 129,
            "created_time": "2024-08-31T01:46:01.972957Z",
            "yes_price": 23,
            "no_price": 77,
            "taker_side": "yes"
        },
        {
            "trade_id": "624a79e3-0e7a-47e5-8129-d3b57509e49a",
            "ticker": "HIGHCHI-24AUG31-T86",
            "count": 18,
            "created_time": "2024-08-31T01:44:28.552252Z",
            "yes_price": 19,
            "no_price": 81,
            "taker_side": "no"
        },
        {
            "trade_id": "097c1a6a-2cb7-4da1-82f0-830c98a4783b",
            "ticker": "HIGHCHI-24AUG31-T86",
            "count": 20,
            "created_time": "2024-08-31T01:35:14.988359Z",
            "yes_price": 23,
            "no_price": 77,
            "taker_side": "yes"
        },
        {
            "trade_id": "7d053bc8-3069-4140-8638-ec660180df38",
            "ticker": "HIGHCHI-24AUG31-T86",
            "count": 10,
            "created_time": "2024-08-31T01:26:40.582735Z",
            "yes_price": 23,
            "no_price": 77,
            "taker_side": "yes"
        },
        {
            "trade_id": "81fb9a7a-51b5-4001-9427-cc65fffb130a",
            "ticker": "HIGHCHI-24AUG31-T86",
            "count": 41,
            "created_time": "2024-08-31T01:26:26.206022Z",
            "yes_price": 23,
            "no_price": 77,
            "taker_side": "yes"
        },
        {
            "trade_id": "2bfd38cb-28c9-4563-9d99-ce03119bbb58",
            "ticker": "HIGHCHI-24AUG31-T86",
            "count": 5,
            "created_time": "2024-08-31T01:26:26.206022Z",
            "yes_price": 22,
            "no_price": 78,
            "taker_side": "yes"
        },
        {
            "trade_id": "91fcd87d-1efd-47e9-a6ad-81a823b9274a",
            "ticker": "HIGHCHI-24AUG31-T86",
            "count": 100,
            "created_time": "2024-08-31T01:09:10.798624Z",
            "yes_price": 23,
            "no_price": 77,
            "taker_side": "yes"
        },
        {
            "trade_id": "db81dcd5-bbd4-420a-bf91-ea4fc082d458",
            "ticker": "HIGHCHI-24AUG31-T86",
            "count": 5,
            "created_time": "2024-08-31T00:24:27.097782Z",
            "yes_price": 19,
            "no_price": 81,
            "taker_side": "no"
        },
        {
            "trade_id": "f6cbe0aa-f543-425f-9f28-d1bb48be925d",
            "ticker": "HIGHCHI-24AUG31-T86",
            "count": 25,
            "created_time": "2024-08-30T23:25:44.352622Z",
            "yes_price": 20,
            "no_price": 80,
            "taker_side": "no"
        },
        {
            "trade_id": "28e48969-144b-400f-8e9d-ee2ee1784fee",
            "ticker": "HIGHCHI-24AUG31-T86",
            "count": 80,
            "created_time": "2024-08-30T23:17:53.611687Z",
            "yes_price": 20,
            "no_price": 80,
            "taker_side": "no"
        },
        {
            "trade_id": "4debc9a0-a433-4c76-812e-009dab99d2da",
            "ticker": "HIGHCHI-24AUG31-T86",
            "count": 18,
            "created_time": "2024-08-30T22:51:06.661952Z",
            "yes_price": 19,
            "no_price": 81,
            "taker_side": "no"
        },
        {
            "trade_id": "2d065b24-6c27-4b96-b522-cf8f80ef60b9",
            "ticker": "HIGHCHI-24AUG31-T86",
            "count": 17,
            "created_time": "2024-08-30T21:30:10.526394Z",
            "yes_price": 17,
            "no_price": 83,
            "taker_side": "no"
        },
        {
            "trade_id": "498adf89-49be-432b-b739-dcf2785eea60",
            "ticker": "HIGHCHI-24AUG31-T86",
            "count": 20,
            "created_time": "2024-08-30T21:14:14.368721Z",
            "yes_price": 17,
            "no_price": 83,
            "taker_side": "no"
        },
        {
            "trade_id": "49e74a96-a1fe-43bc-8b8c-6827c241a22c",
            "ticker": "HIGHCHI-24AUG31-T86",
            "count": 30,
            "created_time": "2024-08-30T19:15:24.369682Z",
            "yes_price": 16,
            "no_price": 84,
            "taker_side": "no"
        },
        {
            "trade_id": "0375dd07-c06d-4250-b9b1-376eabfca209",
            "ticker": "HIGHCHI-24AUG31-T86",
            "count": 27,
            "created_time": "2024-08-30T19:10:31.140078Z",
            "yes_price": 16,
            "no_price": 84,
            "taker_side": "no"
        },
        {
            "trade_id": "80fe46a6-ac26-43f6-9e21-c86574e9f946",
            "ticker": "HIGHCHI-24AUG31-T86",
            "count": 18,
            "created_time": "2024-08-30T16:52:28.408658Z",
            "yes_price": 19,
            "no_price": 81,
            "taker_side": "yes"
        },
        {
            "trade_id": "6d12c5c4-cfa6-4e71-8027-fed7b36ca73f",
            "ticker": "HIGHCHI-24AUG31-T86",
            "count": 180,
            "created_time": "2024-08-30T16:52:28.408658Z",
            "yes_price": 22,
            "no_price": 78,
            "taker_side": "yes"
        },
        {
            "trade_id": "1f4ce22f-75b9-4a8e-bc5b-fa7cbb94bc67",
            "ticker": "HIGHCHI-24AUG31-T86",
            "count": 180,
            "created_time": "2024-08-30T16:52:28.408658Z",
            "yes_price": 21,
            "no_price": 79,
            "taker_side": "yes"
        },
        {
            "trade_id": "4362a918-99cd-4ecb-bae1-c836af3d5201",
            "ticker": "HIGHCHI-24AUG31-T86",
            "count": 25,
            "created_time": "2024-08-30T14:38:09.284298Z",
            "yes_price": 16,
            "no_price": 84,
            "taker_side": "no"
        }
    ]
}