{
    "KXHIGHCHI-24OCT27-T58": [
        {
            "trade_id": "cb03b81c-6e2d-4d54-9e68-f478fd5e1630",
            "ticker": "KXHIGHCHI-24OCT27-T58",
            "count": 187,
            "created_time": "2024-10-28T02:24:52.903891Z",
            "yes_price": 1,
            "no_price": 99,
            "taker_side": "yes"
        },
        {
            "trade_id": "822b5555-5e65-485c-92ee-fae28d88516f",
            "ticker": "KXHIGHCHI-24OCT27-T58",
            "count": 93,
            "created_time": "2024-10-28T01:20:10.898315Z",
            "yes_price": 1,
            "no_price": 99,
            "taker_side": "yes"
        },
        {
            "trade_id": "44997663-4755-4bb1-9ad4-2dfab42deb8f",
            "ticker": "KXHIGHCHI-24OCT27-T58",
            "count": 93,
            "created_time": "2024-10-28T00:02:11.43266Z",
            "yes_price": 1,
            "no_price": 99,
            "taker_side": "yes"
        },
        {
            "trade_id": "7ac2e0e4-ac7f-4500-8ed8-6b2266b6ff57",
            "ticker": "KXHIGHCHI-24OCT27-T58",
            "count": 133,
            "created_time": "2024-10-27T23:03:52.329109Z",
            "yes_price": 1,
            "no_price": 99,
            "taker_side": "yes"
        },
        {
            "trade_id": "5a77d530-0a6a-46cb-a649-e0d778f7d472",
            "ticker": "KXHIGHCHI-24OCT27-T58",
            "count": 49,
            "created_time": "2024-10-27T22:27:22.432985Z",
            "yes_price": 1,
            "no_price": 99,
            "taker_side": "yes"
        },
        {
            "trade_id": "6a8724bc-bcf9-431f-bb4a-592bbfb85a9d",
            "ticker": "KXHIGHCHI-24OCT27-T58",
            "count": 1,
            "created_time": "2024-10-27T19:59:09.310226Z",
            "yes_price": 1,
            "no_price": 99,
            "taker_side": "no"
        },
        {
            "trade_id": "82091fed-cb12-477b-8dde-f1b427333661",
            "ticker": "KXHIGHCHI-24OCT27-T58",
            "count": 10,
            "created_time": "2024-10-27T19:47:34.694298Z",
            "yes_price": 9,
            "no_price": 91,
            "taker_side": "yes"
        },
        {
            "trade_id": "409fd1bd-b06f-4758-83da-fed87717419b",
            "ticker": "KXHIGHCHI-24OCT27-T58",
            "count": 3,
            "created_time": "2024-10-27T18:06:25.195Z",
            "yes_price": 25,
            "no_price": 75,
            "taker_side": "yes"
        },
        {
            "trade_id": "1f4c66e1-d4ca-4688-aeae-1748b7ab5722",
            "ticker": "KXHIGHCHI-24OCT27-T58",
            "count": 1,
            "created_time": "2024-10-27T18:06:25.195Z",
            "yes_price": 6,
            "no_price": 94,
            "taker_side": "yes"
        },
        {
            "trade_id": "12c7a301-39b1-434a-9174-a5b8d76b9210",
            "ticker": "KXHIGHCHI-24OCT27-T58",
            "count": 1,
            "created_time": "2024-10-27T18:06:25.195Z",
            "yes_price": 5,
            "no_price": 95,
            "taker_side": "yes"
        },
        {
            "trade_id": "8d38f85b-16a5-41ae-95bd-d1e0d9074ff7",
            "ticker": "KXHIGHCHI-24OCT27-T58",
            "count": 10,
            "created_time": "2024-10-27T17:01:45.685275Z",
            "yes_price": 4,
            "no_price": 96,
            "taker_side": "yes"
        },
        {
            "trade_id": "02199c69-38d1-46a2-8e36-425976ec7cac",
            "ticker": "KXHIGHCHI-24OCT27-T58",
            "count": 10,
            "created_time": "2024-10-27T17:01:31.567821Z",
            "yes_price": 4,
            "no_price": 96,
            "taker_side": "yes"
        },
        {
            "trade_id": "a5eafa19-82cf-426f-8889-e8bc3b9cd516",
            "ticker": "KXHIGHCHI-24OCT27-T58",
            "count": 10,
            "created_time": "2024-10-27T17:01:19.323003Z",
            "yes_price": 4,
            "no_price": 96,
            "taker_side": "yes"
        },
        {
            "trade_id": "c2438a9e-c9e0-4b3b-9295-c2394101ec14",
            "ticker": "KXHIGHCHI-24OCT27-T58",
            "count": 10,
            "created_time": "2024-10-27T17:01:07.125956Z",
            "yes_price": 4,
            "no_price": 96,
            "taker_side": "yes"
        },
        {
            "trade_id": "6d122dff-3707-4ad1-892b-64293d2dadd4",
            "ticker": "KXHIGHCHI-24OCT27-T58",
            "count": 10,
            "created_time": "2024-10-27T17:00:26.043473Z",
            "yes_price": 4,
            "no_price": 96,
            "taker_side": "yes"
        },
        {
            "trade_id": "88464890-5e54-4420-b1e1-ab1a951966ec",
            "ticker": "KXHIGHCHI-24OCT27-T58",
            "count": 10,
            "created_time": "2024-10-27T17:00:13.532723Z",
            "yes_price": 4,
            "no_price": 96,
            "taker_side": "yes"
        },
        {
            "trade_id": "a9c995df-808f-4c30-bd31-c9fe98a6c2ef",
            "ticker": "KXHIGHCHI-24OCT27-T58",
            "count": 10,
            "created_time": "2024-10-27T17:00:07.732817Z",
            "yes_price": 4,
            "no_price": 96,
            "taker_side": "yes"
        },
        {
            "trade_id": "d6d2bb7a-dda3-4b6e-9072-b1019bbd355d",
            "ticker": "KXHIGHCHI-24OCT27-T58",
            "count": 1,
            "created_time": "2024-10-27T16:59:26.104372Z",
            "yes_price": 3,
            "no_price": 97,
            "taker_side": "yes"
        },
        {
            "trade_id": "9b3dbf0c-d168-458b-bb45-20fa32914cbf",
            "ticker": "KXHIGHCHI-24OCT27-T58",
            "count": 1,
            "created_time": "2024-10-27T16:59:26.104372Z",
            "yes_price": 4,
            "no_price": 96,
            "taker_side": "yes"
        },
        {
            "trade_id": "4669238d-9afb-4065-9b36-e98fbf059d0b",
            "ticker": "KXHIGHCHI-24OCT27-T58",
            "count": 10,
            "created_time": "2024-10-27T16:59:26.104372Z",
            "yes_price": 4,
            "no_price": 96,
            "taker_side": "yes"
        },
        {
            "trade_id": "64b61aff-c34b-4215-aeb5-7072fe9d6ecd",
            "ticker": "KXHIGHCHI-24OCT27-T58",
            "count": 19,
            "created_time": "2024-10-27T06:24:37.781229Z",
            "yes_price": 9,
            "no_price": 91,
            "taker_side": "yes"
        },
        {
            "trade_id": "055dcbc8-463c-44ba-9be8-754384aaf1f1",
            "ticker": "KXHIGHCHI-24OCT27-T58",
            "count": 43,
            "created_time": "2024-10-27T06:24:37.781229Z",
            "yes_price": 10,
            "no_price": 90,
            "taker_side": "yes"
        },
        {
            "trade_id": "5481b087-7f1f-44f6-a225-fd0d9361870b",
            "ticker": "KXHIGHCHI-24OCT27-T58",
            "count": 50,
            "created_time": "2024-10-27T06:23:24.598525Z",
            "yes_price": 9,
            "no_price": 91,
            "taker_side": "yes"
        },
        {
            "trade_id": "93176bdf-fa1b-48ef-a3d9-752cfc8ccacf",
            "ticker": "KXHIGHCHI-24OCT27-T58",
            "count": 50,
            "created_time": "2024-10-27T03:03:27.509787Z",
            "yes_price": 10,
            "no_price": 90,
            "taker_side": "yes"
        }
    ],
    "KXHIGHCHI-24OCT27-B58.5": [
        {
            "trade_id": "2cec84aa-8dc0-4408-88c6-f9f5fd0fd324",
            "ticker": "KXHIGHCHI-24OCT27-B58.5",
            "count": 233,
            "created_time": "2024-10-28T03:12:41.264842Z",
            "yes_price": 98,
            "no_price": 2,
            "taker_side": "no"
        },
        {
            "trade_id": "61d30732-b883-4d5e-86e5-60ed927c27e8",
            "ticker": "KXHIGHCHI-24OCT27-B58.5",
            "count": 19,
            "created_time": "2024-10-28T03:07:15.712632Z",
            "yes_price": 98,
            "no_price": 2,
            "taker_side": "no"
        },
        {
            "trade_id": "92c28988-7c25-4235-986f-c649f155834c",
            "ticker": "KXHIGHCHI-24OCT27-B58.5",
            "count": 19,
            "created_time": "2024-10-28T00:54:01.825429Z",
            "yes_price": 76,
            "no_price": 24,
            "taker_side": "no"
        },
        {
            "trade_id": "8cdc04b5-fd29-4d8b-a4cf-bd1c512488f0",
            "ticker": "KXHIGHCHI-24OCT27-B58.5",
            "count": 56,
            "created_time": "2024-10-28T00:09:49.257877Z",
            "yes_price": 99,
            "no_price": 1,
            "taker_side": "no"
        },
        {
            "trade_id": "42e25c8d-b8cf-495b-8ff5-94561f1014ec",
            "ticker": "KXHIGHCHI-24OCT27-B58.5",
            "count": 10,
            "created_time": "2024-10-28T00:00:11.356868Z",
            "yes_price": 99,
            "no_price": 1,
            "taker_side": "no"
        },
        {
            "trade_id": "78ef8d4b-25c9-4ede-b773-da39f8187fc4",
            "ticker": "KXHIGHCHI-24OCT27-B58.5",
            "count": 10,
            "created_time": "2024-10-28T00:00:11.334602Z",
            "yes_price": 99,
            "no_price": 1,
            "taker_side": "no"
        },
        {
            "trade_id": "b3e01b21-4646-44fb-8161-9c87f2478bf6",
            "ticker": "KXHIGHCHI-24OCT27-B58.5",
            "count": 10,
            "created_time": "2024-10-28T00:00:10.137913Z",
            "yes_price": 99,
            "no_price": 1,
            "taker_side": "no"
        },
        {
            "trade_id": "662e796b-c3d8-480a-b9b0-f8b9f4de9ea7",
            "ticker": "KXHIGHCHI-24OCT27-B58.5",
            "count": 10,
            "created_time": "2024-10-28T00:00:10.133404Z",
            "yes_price": 99,
            "no_price": 1,
            "taker_side": "no"
        },
        {
            "trade_id": "4fb8dd96-c646-45e3-9a6c-af85c46a7627",
            "ticker": "KXHIGHCHI-24OCT27-B58.5",
            "count": 10,
            "created_time": "2024-10-28T00:00:10.060006Z",
            "yes_price": 99,
            "no_price": 1,
            "taker_side": "yes"
        },
        {
            "trade_id": "cfd67746-a96c-487d-be89-25c85e90ad99",
            "ticker": "KXHIGHCHI-24OCT27-B58.5",
            "count": 35,
            "created_time": "2024-10-27T23:29:22.84801Z",
            "yes_price": 72,
            "no_price": 28,
            "taker_side": "no"
        },
        {
            "trade_id": "18d5ab63-0d11-4969-a41a-cebb48f38b0a",
            "ticker": "KXHIGHCHI-24OCT27-B58.5",
            "count": 1,
            "created_time": "2024-10-27T22:53:13.058257Z",
            "yes_price": 78,
            "no_price": 22,
            "taker_side": "yes"
        },
        {
            "trade_id": "e3af5f31-786c-4322-8505-9a68059dd394",
            "ticker": "KXHIGHCHI-24OCT27-B58.5",
            "count": 18,
            "created_time": "2024-10-27T22:39:06.348966Z",
            "yes_price": 99,
            "no_price": 1,
            "taker_side": "yes"
        },
        {
            "trade_id": "0bba98ee-8c25-4782-87f4-a8e6bca81a8e",
            "ticker": "KXHIGHCHI-24OCT27-B58.5",
            "count": 69,
            "created_time": "2024-10-27T22:39:06.348966Z",
            "yes_price": 97,
            "no_price": 3,
            "taker_side": "yes"
        },
        {
            "trade_id": "8c1f7b6f-3d83-4192-abff-f24b582c7c65",
            "ticker": "KXHIGHCHI-24OCT27-B58.5",
            "count": 29,
            "created_time": "2024-10-27T22:34:03.244276Z",
            "yes_price": 72,
            "no_price": 28,
            "taker_side": "yes"
        },
        {
            "trade_id": "52c900aa-1a5e-479f-a1a3-5e48b8140983",
            "ticker": "KXHIGHCHI-24OCT27-B58.5",
            "count": 29,
            "created_time": "2024-10-27T22:33:50.760871Z",
            "yes_price": 71,
            "no_price": 29,
            "taker_side": "no"
        },
        {
            "trade_id": "a6d80599-7c70-428f-97a3-b872ef7d5c97",
            "ticker": "KXHIGHCHI-24OCT27-B58.5",
            "count": 19,
            "created_time": "2024-10-27T22:33:33.783849Z",
            "yes_price": 72,
            "no_price": 28,
            "taker_side": "yes"
        },
        {
            "trade_id": "1c23efbd-71ef-472f-a138-eadbb088144f",
            "ticker": "KXHIGHCHI-24OCT27-B58.5",
            "count": 10,
            "created_time": "2024-10-27T22:33:33.642903Z",
            "yes_price": 72,
            "no_price": 28,
            "taker_side": "no"
        },
        {
            "trade_id": "d72c1c62-b8cf-49fd-bb89-b522b9958f1f",
            "ticker": "KXHIGHCHI-24OCT27-B58.5",
            "count": 20,
            "created_time": "2024-10-27T22:18:13.207217Z",
            "yes_price": 71,
            "no_price": 29,
            "taker_side": "no"
        },
        {
            "trade_id": "765ca1d4-52a9-48f2-9cf4-1ad57ecb03c1",
            "ticker": "KXHIGHCHI-24OCT27-B58.5",
            "count": 10,
            "created_time": "2024-10-27T22:17:31.061974Z",
            "yes_price": 92,
            "no_price": 8,
            "taker_side": "yes"
        },
        {
            "trade_id": "f8c8f153-6ba1-4524-aab6-3010a530d2b8",
            "ticker": "KXHIGHCHI-24OCT27-B58.5",
            "count": 1,
            "created_time": "2024-10-27T22:05:52.73927Z",
            "yes_price": 97,
            "no_price": 3,
            "taker_side": "yes"
        },
        {
            "trade_id": "e201c893-479f-4d52-afd1-9c89b2bc2461",
            "ticker": "KXHIGHCHI-24OCT27-B58.5",
            "count": 8,
            "created_time": "2024-10-27T22:05:29.694055Z",
            "yes_price": 84,
            "no_price": 16,
            "taker_side": "yes"
        },
        {
            "trade_id": "f6a01d0b-97c6-4a6a-bdd1-c58092cc5803",
            "ticker": "KXHIGHCHI-24OCT27-B58.5",
            "count": 1,
            "created_time": "2024-10-27T22:05:18.819678Z",
            "yes_price": 85,
            "no_price": 15,
            "taker_side": "no"
        },
        {
            "trade_id": "cb7a6d47-fc9c-4f17-94d3-7e219aab03c4",
            "ticker": "KXHIGHCHI-24OCT27-B58.5",
            "count": 9,
            "created_time": "2024-10-27T22:05:18.734033Z",
            "yes_price": 85,
            "no_price": 15,
            "taker_side": "no"
        },
        {
            "trade_id": "d88a4f8d-959c-4658-8733-7c189bca01ed",
            "ticker": "KXHIGHCHI-24OCT27-B58.5",
            "count": 50,
            "created_time": "2024-10-27T22:05:06.85482Z",
            "yes_price": 96,
            "no_price": 4,
            "taker_side": "yes"
        },
        {
            "trade_id": "d3aaf00f-5b31-4b27-94a8-9c114bea3d76",
            "ticker": "KXHIGHCHI-24OCT27-B58.5",
            "count": 2,
            "created_time": "2024-10-27T22:02:04.948848Z",
            "yes_price": 96,
            "no_price": 4,
            "taker_side": "yes"
        },
        {
            "trade_id": "df3fd7b7-c141-4cd6-8bd6-1ac56f7fe5db",
            "ticker": "KXHIGHCHI-24OCT27-B58.5",
            "count": 10,
            "created_time": "2024-10-27T21:57:02.663163Z",
            "yes_price": 96,
            "no_price": 4,
            "taker_side": "yes"
        },
        {
            "trade_id": "0d8e2412-9a45-4a80-8ef2-1b2fcf52ccb1",
            "ticker": "KXHIGHCHI-24OCT27-B58.5",
            "count": 10,
            "created_time": "2024-10-27T21:55:51.469774Z",
            "yes_price": 96,
            "no_price": 4,
            "taker_side": "yes"
        },
        {
            "trade_id": "7fd2c3ac-c30a-43fd-b6fd-948c0d262659",
            "ticker": "KXHIGHCHI-24OCT27-B58.5",
            "count": 52,
            "created_time": "2024-10-27T21:52:18.970204Z",
            "yes_price": 86,
            "no_price": 14,
            "taker_side": "yes"
        },
        {
            "trade_id": "704b7e31-3981-49e2-b859-2bed7178b7f0",
            "ticker": "KXHIGHCHI-24OCT27-B58.5",
            "count": 27,
            "created_time": "2024-10-27T21:52:18.970204Z",
            "yes_price": 85,
            "no_price": 15,
            "taker_side": "yes"
        },
        {
            "trade_id": "d2e90f22-a159-4617-afe4-51d98df43059",
            "ticker": "KXHIGHCHI-24OCT27-B58.5",
            "count": 17,
            "created_time": "2024-10-27T21:24:03.524229Z",
            "yes_price": 64,
            "no_price": 36,
            "taker_side": "yes"
        },
        {
            "trade_id": "7f191754-0eb2-4258-979d-07b90f0fe6cc",
            "ticker": "KXHIGHCHI-24OCT27-B58.5",
            "count": 7,
            "created_time": "2024-10-27T21:24:03.524229Z",
            "yes_price": 85,
            "no_price": 15,
            "taker_side": "yes"
        },
        {
            "trade_id": "444c061b-0369-468d-ae94-9a2efa83726d",
            "ticker": "KXHIGHCHI-24OCT27-B58.5",
            "count": 11,
            "created_time": "2024-10-27T21:24:03.524229Z",
            "yes_price": 64,
            "no_price": 36,
            "taker_side": "yes"
        },
        {
            "trade_id": "a1717133-88d1-41d3-8e93-e1f54f4dd998",
            "ticker": "KXHIGHCHI-24OCT27-B58.5",
            "count": 2,
            "created_time": "2024-10-27T21:23:58.826741Z",
            "yes_price": 35,
            "no_price": 65,
            "taker_side": "no"
        },
        {
            "trade_id": "53710c44-018b-4989-9081-716233a29a16",
            "ticker": "KXHIGHCHI-24OCT27-B58.5",
            "count": 14,
            "created_time": "2024-10-27T21:17:02.166638Z",
            "yes_price": 68,
            "no_price": 32,
            "taker_side": "yes"
        },
        {
            "trade_id": "04c325f6-9ca4-4025-a013-e0936f2f4399",
            "ticker": "KXHIGHCHI-24OCT27-B58.5",
            "count": 7,
            "created_time": "2024-10-27T21:17:02.166638Z",
            "yes_price": 67,
            "no_price": 33,
            "taker_side": "yes"
        },
        {
            "trade_id": "61211e5b-30bf-4bd5-8697-8a2c52e12349",
            "ticker": "KXHIGHCHI-24OCT27-B58.5",
            "count": 1,
            "created_time": "2024-10-27T21:14:43.414109Z",
            "yes_price": 45,
            "no_price": 55,
            "taker_side": "yes"
        },
        {
            "trade_id": "8e29ab4b-bf35-4997-a79c-5e9f2ffaa33b",
            "ticker": "KXHIGHCHI-24OCT27-B58.5",
            "count": 2,
            "created_time": "2024-10-27T21:14:38.048902Z",
            "yes_price": 45,
            "no_price": 55,
            "taker_side": "yes"
        },
        {
            "trade_id": "95feb7cd-de43-4871-977d-0143cd812c90",
            "ticker": "KXHIGHCHI-24OCT27-B58.5",
            "count": 13,
            "created_time": "2024-10-27T21:14:31.497544Z",
            "yes_price": 41,
            "no_price": 59,
            "taker_side": "yes"
        },
        {
            "trade_id": "7ac6ac32-4428-45b7-9994-6020f0377d2b",
            "ticker": "KXHIGHCHI-24OCT27-B58.5",
            "count": 5,
            "created_time": "2024-10-27T21:14:31.497544Z",
            "yes_price": 40,
            "no_price": 60,
            "taker_side": "yes"
        },
        {
            "trade_id": "4b62ffc2-b1e5-4a1c-899f-9851b1c8e46c",
            "ticker": "KXHIGHCHI-24OCT27-B58.5",
            "count": 1,
            "created_time": "2024-10-27T21:14:06.69085Z",
            "yes_price": 11,
            "no_price": 89,
            "taker_side": "no"
        },
        {
            "trade_id": "a28fc5b3-7bfa-470d-a4db-a735afaae204",
            "ticker": "KXHIGHCHI-24OCT27-B58.5",
            "count": 12,
            "created_time": "2024-10-27T21:12:29.763731Z",
            "yes_price": 49,
            "no_price": 51,
            "taker_side": "yes"
        },
        {
            "trade_id": "97225a5b-c776-4f56-987c-a12d7745e428",
            "ticker": "KXHIGHCHI-24OCT27-B58.5",
            "count": 7,
            "created_time": "2024-10-27T21:12:29.763731Z",
            "yes_price": 50,
            "no_price": 50,
            "taker_side": "yes"
        },
        {
            "trade_id": "166ba8e5-0bf4-466c-b9b9-19d3662f4804",
            "ticker": "KXHIGHCHI-24OCT27-B58.5",
            "count": 43,
            "created_time": "2024-10-27T21:02:17.865021Z",
            "yes_price": 46,
            "no_price": 54,
            "taker_side": "yes"
        },
        {
            "trade_id": "4f135af4-08b7-45d7-a6f3-afd38c3031fe",
            "ticker": "KXHIGHCHI-24OCT27-B58.5",
            "count": 2,
            "created_time": "2024-10-27T21:02:16.467298Z",
            "yes_price": 45,
            "no_price": 55,
            "taker_side": "yes"
        },
        {
            "trade_id": "1f03da2a-1244-47b5-b0eb-a185d3782fcb",
            "ticker": "KXHIGHCHI-24OCT27-B58.5",
            "count": 5,
            "created_time": "2024-10-27T21:02:12.619759Z",
            "yes_price": 45,
            "no_price": 55,
            "taker_side": "yes"
        },
        {
            "trade_id": "b28cfd68-cf18-4c31-a77c-e1625580ccbe",
            "ticker": "KXHIGHCHI-24OCT27-B58.5",
            "count": 20,
            "created_time": "2024-10-27T21:01:49.346145Z",
            "yes_price": 45,
            "no_price": 55,
            "taker_side": "yes"
        },
        {
            "trade_id": "7288fcf1-ced9-4d49-9d39-2bf9ab40e9b3",
            "ticker": "KXHIGHCHI-24OCT27-B58.5",
            "count": 32,
            "created_time": "2024-10-27T21:00:22.922326Z",
            "yes_price": 47,
            "no_price": 53,
            "taker_side": "yes"
        },
        {
            "trade_id": "8999dec3-0a65-48ed-8c79-72b5626d2a68",
            "ticker": "KXHIGHCHI-24OCT27-B58.5",
            "count": 4,
            "created_time": "2024-10-27T20:51:43.959917Z",
            "yes_price": 9,
            "no_price": 91,
            "taker_side": "no"
        },
        {
            "trade_id": "e9042f79-3a9d-449b-85bd-e682592147dd",
            "ticker": "KXHIGHCHI-24OCT27-B58.5",
            "count": 21,
            "created_time": "2024-10-27T20:48:50.539273Z",
            "yes_price": 32,
            "no_price": 68,
            "taker_side": "yes"
        },
        {
            "trade_id": "ddc28b82-40b0-401d-8ea3-d3695dba21a2",
            "ticker": "KXHIGHCHI-24OCT27-B58.5",
            "count": 4,
            "created_time": "2024-10-27T20:47:28.789537Z",
            "yes_price": 7,
            "no_price": 93,
            "taker_side": "no"
        },
        {
            "trade_id": "f367fab4-6afd-48ab-9e01-ad067c972dce",
            "ticker": "KXHIGHCHI-24OCT27-B58.5",
            "count": 85,
            "created_time": "2024-10-27T20:44:56.404579Z",
            "yes_price": 19,
            "no_price": 81,
            "taker_side": "yes"
        },
        {
            "trade_id": "82eb2b43-5f47-41f3-9a51-6b47e1038127",
            "ticker": "KXHIGHCHI-24OCT27-B58.5",
            "count": 15,
            "created_time": "2024-10-27T20:44:37.487734Z",
            "yes_price": 19,
            "no_price": 81,
            "taker_side": "yes"
        },
        {
            "trade_id": "4dcc2a4f-2bf3-46e0-8d4c-d5d22e906109",
            "ticker": "KXHIGHCHI-24OCT27-B58.5",
            "count": 36,
            "created_time": "2024-10-27T20:44:37.487734Z",
            "yes_price": 18,
            "no_price": 82,
            "taker_side": "yes"
        },
        {
            "trade_id": "f453e017-fb79-4381-846c-807c0b00c466",
            "ticker": "KXHIGHCHI-24OCT27-B58.5",
            "count": 33,
            "created_time": "2024-10-27T20:43:18.574863Z",
            "yes_price": 18,
            "no_price": 82,
            "taker_side": "yes"
        },
        {
            "trade_id": "1127b8ef-4b29-442e-9597-c8044e0b0b9b",
            "ticker": "KXHIGHCHI-24OCT27-B58.5",
            "count": 13,
            "created_time": "2024-10-27T20:43:09.482365Z",
            "yes_price": 3,
            "no_price": 97,
            "taker_side": "no"
        },
        {
            "trade_id": "653514b4-ce9d-4ce4-ab67-a6e9a3990091",
            "ticker": "KXHIGHCHI-24OCT27-B58.5",
            "count": 16,
            "created_time": "2024-10-27T20:43:09.473081Z",
            "yes_price": 6,
            "no_price": 94,
            "taker_side": "no"
        },
        {
            "trade_id": "a96e3620-599c-48f6-9e9b-254b5bfa49ba",
            "ticker": "KXHIGHCHI-24OCT27-B58.5",
            "count": 100,
            "created_time": "2024-10-27T20:39:56.095656Z",
            "yes_price": 3,
            "no_price": 97,
            "taker_side": "no"
        },
        {
            "trade_id": "7742493b-60be-4ca6-90b3-3e8ba77cfab1",
            "ticker": "KXHIGHCHI-24OCT27-B58.5",
            "count": 19,
            "created_time": "2024-10-27T20:39:56.088004Z",
            "yes_price": 15,
            "no_price": 85,
            "taker_side": "no"
        },
        {
            "trade_id": "77fb28d3-8deb-4255-8a4f-6310e6c4b655",
            "ticker": "KXHIGHCHI-24OCT27-B58.5",
            "count": 16,
            "created_time": "2024-10-27T20:39:56.076626Z",
            "yes_price": 16,
            "no_price": 84,
            "taker_side": "no"
        },
        {
            "trade_id": "a1f7c91a-04df-4d79-b70e-e44cabda1aa4",
            "ticker": "KXHIGHCHI-24OCT27-B58.5",
            "count": 4,
            "created_time": "2024-10-27T20:36:10.676414Z",
            "yes_price": 50,
            "no_price": 50,
            "taker_side": "yes"
        },
        {
            "trade_id": "6665efd0-40d0-4832-aba3-25fe2181c924",
            "ticker": "KXHIGHCHI-24OCT27-B58.5",
            "count": 20,
            "created_time": "2024-10-27T20:35:47.183017Z",
            "yes_price": 48,
            "no_price": 52,
            "taker_side": "yes"
        },
        {
            "trade_id": "006f4ca2-66ef-4d8e-a7f6-1eb50064d226",
            "ticker": "KXHIGHCHI-24OCT27-B58.5",
            "count": 19,
            "created_time": "2024-10-27T20:35:47.183017Z",
            "yes_price": 49,
            "no_price": 51,
            "taker_side": "yes"
        },
        {
            "trade_id": "0172fa29-d57a-4164-bd11-93fdb4f48db5",
            "ticker": "KXHIGHCHI-24OCT27-B58.5",
            "count": 20,
            "created_time": "2024-10-27T20:33:25.249608Z",
            "yes_price": 22,
            "no_price": 78,
            "taker_side": "no"
        },
        {
            "trade_id": "c8d23bc2-7918-494c-abe5-95c83a65650e",
            "ticker": "KXHIGHCHI-24OCT27-B58.5",
            "count": 24,
            "created_time": "2024-10-27T20:32:42.794476Z",
            "yes_price": 51,
            "no_price": 49,
            "taker_side": "no"
        },
        {
            "trade_id": "b7bdb449-cb37-4df0-8297-611a1526cfcf",
            "ticker": "KXHIGHCHI-24OCT27-B58.5",
            "count": 13,
            "created_time": "2024-10-27T20:30:10.422319Z",
            "yes_price": 11,
            "no_price": 89,
            "taker_side": "no"
        },
        {
            "trade_id": "7d287f15-3ecb-460c-b5be-48e48d7c9a22",
            "ticker": "KXHIGHCHI-24OCT27-B58.5",
            "count": 18,
            "created_time": "2024-10-27T20:30:10.411596Z",
            "yes_price": 12,
            "no_price": 88,
            "taker_side": "no"
        },
        {
            "trade_id": "44504797-2ccc-48df-8a4f-64e05ee33c2b",
            "ticker": "KXHIGHCHI-24OCT27-B58.5",
            "count": 7,
            "created_time": "2024-10-27T20:26:57.431608Z",
            "yes_price": 11,
            "no_price": 89,
            "taker_side": "no"
        },
        {
            "trade_id": "a4f1d2d0-4b7d-4afa-892b-3b5398ac4e4a",
            "ticker": "KXHIGHCHI-24OCT27-B58.5",
            "count": 10,
            "created_time": "2024-10-27T20:26:57.419476Z",
            "yes_price": 57,
            "no_price": 43,
            "taker_side": "no"
        },
        {
            "trade_id": "bdf60e83-451c-4411-9bdd-a7d6d3b47b3c",
            "ticker": "KXHIGHCHI-24OCT27-B58.5",
            "count": 14,
            "created_time": "2024-10-27T20:24:59.722135Z",
            "yes_price": 32,
            "no_price": 68,
            "taker_side": "no"
        },
        {
            "trade_id": "d9be1e2c-a6a8-4881-b800-1f1114c4b58e",
            "ticker": "KXHIGHCHI-24OCT27-B58.5",
            "count": 30,
            "created_time": "2024-10-27T20:23:49.103157Z",
            "yes_price": 10,
            "no_price": 90,
            "taker_side": "no"
        },
        {
            "trade_id": "d0cd311d-27a5-49a6-85ad-59c416c01ca1",
            "ticker": "KXHIGHCHI-24OCT27-B58.5",
            "count": 2,
            "created_time": "2024-10-27T20:23:49.090986Z",
            "yes_price": 16,
            "no_price": 84,
            "taker_side": "no"
        },
        {
            "trade_id": "fcf861c5-abd0-4aaf-953f-a07fd175c621",
            "ticker": "KXHIGHCHI-24OCT27-B58.5",
            "count": 2,
            "created_time": "2024-10-27T20:23:49.080511Z",
            "yes_price": 30,
            "no_price": 70,
            "taker_side": "no"
        },
        {
            "trade_id": "dda17cff-5053-454d-a493-99e644dacad6",
            "ticker": "KXHIGHCHI-24OCT27-B58.5",
            "count": 20,
            "created_time": "2024-10-27T20:23:49.071547Z",
            "yes_price": 47,
            "no_price": 53,
            "taker_side": "no"
        },
        {
            "trade_id": "ae68ed73-8e1c-4c46-94bb-33dce6ee9849",
            "ticker": "KXHIGHCHI-24OCT27-B58.5",
            "count": 26,
            "created_time": "2024-10-27T20:22:21.424687Z",
            "yes_price": 71,
            "no_price": 29,
            "taker_side": "yes"
        },
        {
            "trade_id": "85c538a3-810a-47a8-8020-9f710e71f634",
            "ticker": "KXHIGHCHI-24OCT27-B58.5",
            "count": 20,
            "created_time": "2024-10-27T20:22:02.758717Z",
            "yes_price": 73,
            "no_price": 27,
            "taker_side": "yes"
        },
        {
            "trade_id": "5f4fa8b4-f149-4537-a8b0-082db8903768",
            "ticker": "KXHIGHCHI-24OCT27-B58.5",
            "count": 33,
            "created_time": "2024-10-27T20:16:11.365328Z",
            "yes_price": 16,
            "no_price": 84,
            "taker_side": "no"
        },
        {
            "trade_id": "fd7a61ff-891c-4621-92a2-be5583386078",
            "ticker": "KXHIGHCHI-24OCT27-B58.5",
            "count": 30,
            "created_time": "2024-10-27T20:15:56.780813Z",
            "yes_price": 72,
            "no_price": 28,
            "taker_side": "yes"
        },
        {
            "trade_id": "f9c4c57c-1c33-4fa6-9220-3e644c0d122e",
            "ticker": "KXHIGHCHI-24OCT27-B58.5",
            "count": 1,
            "created_time": "2024-10-27T20:14:31.943848Z",
            "yes_price": 47,
            "no_price": 53,
            "taker_side": "yes"
        },
        {
            "trade_id": "b73ece0c-e72a-42b3-a155-3c400bb789fa",
            "ticker": "KXHIGHCHI-24OCT27-B58.5",
            "count": 50,
            "created_time": "2024-10-27T20:14:31.943848Z",
            "yes_price": 60,
            "no_price": 40,
            "taker_side": "yes"
        },
        {
            "trade_id": "b4942397-00ec-4019-895c-a95f228e1a5a",
            "ticker": "KXHIGHCHI-24OCT27-B58.5",
            "count": 39,
            "created_time": "2024-10-27T20:14:31.943848Z",
            "yes_price": 47,
            "no_price": 53,
            "taker_side": "yes"
        },
        {
            "trade_id": "81927ac4-b8cb-49eb-bc20-b20966f80826",
            "ticker": "KXHIGHCHI-24OCT27-B58.5",
            "count": 50,
            "created_time": "2024-10-27T20:14:31.943848Z",
            "yes_price": 59,
            "no_price": 41,
            "taker_side": "yes"
        },
        {
            "trade_id": "66a39e0e-db06-45cf-aa57-997bd33b13b5",
            "ticker": "KXHIGHCHI-24OCT27-B58.5",
            "count": 1,
            "created_time": "2024-10-27T20:14:31.943848Z",
            "yes_price": 46,
            "no_price": 54,
            "taker_side": "yes"
        },
        {
            "trade_id": "321ffac0-212e-4498-8fdd-68183c03242b",
            "ticker": "KXHIGHCHI-24OCT27-B58.5",
            "count": 38,
            "created_time": "2024-10-27T20:14:31.943848Z",
            "yes_price": 46,
            "no_price": 54,
            "taker_side": "yes"
        },
        {
            "trade_id": "29095567-8692-45d5-8072-277321501ac4",
            "ticker": "KXHIGHCHI-24OCT27-B58.5",
            "count": 28,
            "created_time": "2024-10-27T20:14:31.943848Z",
            "yes_price": 97,
            "no_price": 3,
            "taker_side": "yes"
        },
        {
            "trade_id": "60dd76d5-2c37-4509-a733-b642d4e1e387",
            "ticker": "KXHIGHCHI-24OCT27-B58.5",
            "count": 19,
            "created_time": "2024-10-27T20:10:51.099685Z",
            "yes_price": 50,
            "no_price": 50,
            "taker_side": "yes"
        },
        {
            "trade_id": "110d8076-98bc-4225-88b8-c90bef87421c",
            "ticker": "KXHIGHCHI-24OCT27-B58.5",
            "count": 4,
            "created_time": "2024-10-27T20:08:43.353986Z",
            "yes_price": 50,
            "no_price": 50,
            "taker_side": "no"
        },
        {
            "trade_id": "0d2af671-5524-42c9-8a83-98df43358183",
            "ticker": "KXHIGHCHI-24OCT27-B58.5",
            "count": 10,
            "created_time": "2024-10-27T20:08:43.353986Z",
            "yes_price": 45,
            "no_price": 55,
            "taker_side": "no"
        },
        {
            "trade_id": "09dfadd1-4733-4180-8b9f-c6b3e21e286e",
            "ticker": "KXHIGHCHI-24OCT27-B58.5",
            "count": 193,
            "created_time": "2024-10-27T20:08:43.353986Z",
            "yes_price": 15,
            "no_price": 85,
            "taker_side": "no"
        },
        {
            "trade_id": "7b6de014-6e5a-48b6-91eb-35a5250ec8e1",
            "ticker": "KXHIGHCHI-24OCT27-B58.5",
            "count": 11,
            "created_time": "2024-10-27T20:05:14.61532Z",
            "yes_price": 55,
            "no_price": 45,
            "taker_side": "yes"
        },
        {
            "trade_id": "0babb442-19d3-4024-a96d-2ec18521047d",
            "ticker": "KXHIGHCHI-24OCT27-B58.5",
            "count": 10,
            "created_time": "2024-10-27T20:04:59.023243Z",
            "yes_price": 58,
            "no_price": 42,
            "taker_side": "no"
        },
        {
            "trade_id": "ec40344c-7ea9-4bb2-9e53-104519801dce",
            "ticker": "KXHIGHCHI-24OCT27-B58.5",
            "count": 14,
            "created_time": "2024-10-27T20:04:45.908167Z",
            "yes_price": 58,
            "no_price": 42,
            "taker_side": "yes"
        },
        {
            "trade_id": "08e2e4b3-1af6-40a6-a246-7c02a6d2401d",
            "ticker": "KXHIGHCHI-24OCT27-B58.5",
            "count": 11,
            "created_time": "2024-10-27T20:04:45.908167Z",
            "yes_price": 59,
            "no_price": 41,
            "taker_side": "yes"
        },
        {
            "trade_id": "d5f6815e-3cf3-48f7-94dc-724d67b7ea7c",
            "ticker": "KXHIGHCHI-24OCT27-B58.5",
            "count": 14,
            "created_time": "2024-10-27T20:03:51.800726Z",
            "yes_price": 37,
            "no_price": 63,
            "taker_side": "no"
        },
        {
            "trade_id": "54520bb5-a0c9-4cc1-a7e4-2f6442616d75",
            "ticker": "KXHIGHCHI-24OCT27-B58.5",
            "count": 40,
            "created_time": "2024-10-27T20:01:12.886671Z",
            "yes_price": 75,
            "no_price": 25,
            "taker_side": "yes"
        },
        {
            "trade_id": "aef7c5e2-f19d-4ed7-b378-db29f839ee69",
            "ticker": "KXHIGHCHI-24OCT27-B58.5",
            "count": 30,
            "created_time": "2024-10-27T20:00:27.0236Z",
            "yes_price": 48,
            "no_price": 52,
            "taker_side": "yes"
        },
        {
            "trade_id": "ac11b8bb-6886-4272-8446-bc393e823d7a",
            "ticker": "KXHIGHCHI-24OCT27-B58.5",
            "count": 30,
            "created_time": "2024-10-27T20:00:27.0236Z",
            "yes_price": 49,
            "no_price": 51,
            "taker_side": "yes"
        },
        {
            "trade_id": "2ab56d18-ee41-4685-918b-ea243a8fd0f0",
            "ticker": "KXHIGHCHI-24OCT27-B58.5",
            "count": 30,
            "created_time": "2024-10-27T20:00:27.0236Z",
            "yes_price": 47,
            "no_price": 53,
            "taker_side": "yes"
        },
        {
            "trade_id": "8bbe3a09-3a2a-476a-8372-82aa3fbe9acd",
            "ticker": "KXHIGHCHI-24OCT27-B58.5",
            "count": 10,
            "created_time": "2024-10-27T20:00:09.955709Z",
            "yes_price": 46,
            "no_price": 54,
            "taker_side": "yes"
        },
        {
            "trade_id": "ae2dda0d-7ef2-424a-90e8-c7c45a47f574",
            "ticker": "KXHIGHCHI-24OCT27-B58.5",
            "count": 1,
            "created_time": "2024-10-27T19:57:31.369833Z",
            "yes_price": 49,
            "no_price": 51,
            "taker_side": "yes"
        },
        {
            "trade_id": "491377ac-bdc4-46b2-b2e8-7b625942da41",
            "ticker": "KXHIGHCHI-24OCT27-B58.5",
            "count": 5,
            "created_time": "2024-10-27T19:56:38.747338Z",
            "yes_price": 56,
            "no_price": 44,
            "taker_side": "yes"
        },
        {
            "trade_id": "824b6102-7441-42d0-9444-2570fc8c63a8",
            "ticker": "KXHIGHCHI-24OCT27-B58.5",
            "count": 1,
            "created_time": "2024-10-27T19:55:24.821451Z",
            "yes_price": 54,
            "no_price": 46,
            "taker_side": "no"
        },
        {
            "trade_id": "a794fa4f-f440-435e-acbf-c878ff09c841",
            "ticker": "KXHIGHCHI-24OCT27-B58.5",
            "count": 34,
            "created_time": "2024-10-27T19:54:59.852035Z",
            "yes_price": 40,
            "no_price": 60,
            "taker_side": "no"
        },
        {
            "trade_id": "0fe3d538-e478-4d7d-be3c-134651f67262",
            "ticker": "KXHIGHCHI-24OCT27-B58.5",
            "count": 10,
            "created_time": "2024-10-27T19:54:59.852035Z",
            "yes_price": 40,
            "no_price": 60,
            "taker_side": "no"
        },
        {
            "trade_id": "794ddc47-2d6b-4df5-bc11-9fc59b04b694",
            "ticker": "KXHIGHCHI-24OCT27-B58.5",
            "count": 1,
            "created_time": "2024-10-27T19:54:59.840869Z",
            "yes_price": 43,
            "no_price": 57,
            "taker_side": "no"
        },
        {
            "trade_id": "b7959b78-e386-44b2-8cb1-8b0bbe31be87",
            "ticker": "KXHIGHCHI-24OCT27-B58.5",
            "count": 50,
            "created_time": "2024-10-27T19:52:23.021577Z",
            "yes_price": 36,
            "no_price": 64,
            "taker_side": "no"
        },
        {
            "trade_id": "376f8a26-045d-4fb5-90fe-1075fa86b9c9",
            "ticker": "KXHIGHCHI-24OCT27-B58.5",
            "count": 5,
            "created_time": "2024-10-27T19:52:23.021577Z",
            "yes_price": 35,
            "no_price": 65,
            "taker_side": "no"
        },
        {
            "trade_id": "95533936-f520-43b6-8f67-f9897c9f76e0",
            "ticker": "KXHIGHCHI-24OCT27-B58.5",
            "count": 2,
            "created_time": "2024-10-27T19:48:58.913177Z",
            "yes_price": 57,
            "no_price": 43,
            "taker_side": "yes"
        },
        {
            "trade_id": "1bab551d-ac67-45d5-9224-637b45a75f56",
            "ticker": "KXHIGHCHI-24OCT27-B58.5",
            "count": 12,
            "created_time": "2024-10-27T19:46:26.884741Z",
            "yes_price": 61,
            "no_price": 39,
            "taker_side": "yes"
        },
        {
            "trade_id": "18b3df82-a097-4445-8e75-40d9ec612fb8",
            "ticker": "KXHIGHCHI-24OCT27-B58.5",
            "count": 4,
            "created_time": "2024-10-27T19:39:03.756129Z",
            "yes_price": 67,
            "no_price": 33,
            "taker_side": "yes"
        },
        {
            "trade_id": "638745b9-dce7-410e-b256-fdfdec1fe5b3",
            "ticker": "KXHIGHCHI-24OCT27-B58.5",
            "count": 66,
            "created_time": "2024-10-27T19:33:48.923883Z",
            "yes_price": 45,
            "no_price": 55,
            "taker_side": "no"
        },
        {
            "trade_id": "1cae5ab5-1184-4392-ab5b-889d179df16f",
            "ticker": "KXHIGHCHI-24OCT27-B58.5",
            "count": 50,
            "created_time": "2024-10-27T19:33:48.913097Z",
            "yes_price": 46,
            "no_price": 54,
            "taker_side": "no"
        },
        {
            "trade_id": "aea3affe-febe-47d2-ae7d-f5ad75aa8779",
            "ticker": "KXHIGHCHI-24OCT27-B58.5",
            "count": 14,
            "created_time": "2024-10-27T19:30:44.542877Z",
            "yes_price": 91,
            "no_price": 9,
            "taker_side": "yes"
        },
        {
            "trade_id": "54025f3a-178c-4be5-9c12-082f1f29b71d",
            "ticker": "KXHIGHCHI-24OCT27-B58.5",
            "count": 20,
            "created_time": "2024-10-27T19:30:44.542877Z",
            "yes_price": 57,
            "no_price": 43,
            "taker_side": "yes"
        },
        {
            "trade_id": "4a9b134d-6c0e-4fc1-9adc-8c2cd62a3fae",
            "ticker": "KXHIGHCHI-24OCT27-B58.5",
            "count": 20,
            "created_time": "2024-10-27T19:30:44.542877Z",
            "yes_price": 56,
            "no_price": 44,
            "taker_side": "yes"
        },
        {
            "trade_id": "f6a6768b-b445-4e6c-878d-a5c7d70d9c95",
            "ticker": "KXHIGHCHI-24OCT27-B58.5",
            "count": 15,
            "created_time": "2024-10-27T19:23:12.460231Z",
            "yes_price": 58,
            "no_price": 42,
            "taker_side": "yes"
        },
        {
            "trade_id": "9fa4dcb5-173f-4c3c-b776-f1de96ea0414",
            "ticker": "KXHIGHCHI-24OCT27-B58.5",
            "count": 1,
            "created_time": "2024-10-27T19:23:12.460231Z",
            "yes_price": 50,
            "no_price": 50,
            "taker_side": "yes"
        },
        {
            "trade_id": "308e2573-1e52-4e3b-8a01-0ee01350803a",
            "ticker": "KXHIGHCHI-24OCT27-B58.5",
            "count": 1,
            "created_time": "2024-10-27T19:23:12.460231Z",
            "yes_price": 49,
            "no_price": 51,
            "taker_side": "yes"
        },
        {
            "trade_id": "8201f330-1152-423e-aba4-7b1c2c31d089",
            "ticker": "KXHIGHCHI-24OCT27-B58.5",
            "count": 30,
            "created_time": "2024-10-27T18:35:08.217428Z",
            "yes_price": 24,
            "no_price": 76,
            "taker_side": "no"
        },
        {
            "trade_id": "05c0442d-9312-46b4-ae17-f6ad2e3c8ee4",
            "ticker": "KXHIGHCHI-24OCT27-B58.5",
            "count": 5,
            "created_time": "2024-10-27T18:24:16.598238Z",
            "yes_price": 24,
            "no_price": 76,
            "taker_side": "no"
        },
        {
            "trade_id": "15f3887b-803f-464a-99f3-91a7f793f2b8",
            "ticker": "KXHIGHCHI-24OCT27-B58.5",
            "count": 13,
            "created_time": "2024-10-27T18:10:56.623253Z",
            "yes_price": 49,
            "no_price": 51,
            "taker_side": "no"
        },
        {
            "trade_id": "f12b01a3-8468-45e2-a6b0-8b5a54250d6e",
            "ticker": "KXHIGHCHI-24OCT27-B58.5",
            "count": 50,
            "created_time": "2024-10-27T18:10:56.613313Z",
            "yes_price": 50,
            "no_price": 50,
            "taker_side": "no"
        },
        {
            "trade_id": "92f5d2b1-43de-4874-9c25-0ea5bda90ce3",
            "ticker": "KXHIGHCHI-24OCT27-B58.5",
            "count": 40,
            "created_time": "2024-10-27T18:09:52.783989Z",
            "yes_price": 50,
            "no_price": 50,
            "taker_side": "no"
        },
        {
            "trade_id": "352510c6-4640-4606-b773-b983fcdf59fd",
            "ticker": "KXHIGHCHI-24OCT27-B58.5",
            "count": 25,
            "created_time": "2024-10-27T18:09:52.783989Z",
            "yes_price": 49,
            "no_price": 51,
            "taker_side": "no"
        },
        {
            "trade_id": "ab3544ef-abcf-4aa9-8219-17407c8ed45b",
            "ticker": "KXHIGHCHI-24OCT27-B58.5",
            "count": 12,
            "created_time": "2024-10-27T18:07:30.946192Z",
            "yes_price": 50,
            "no_price": 50,
            "taker_side": "no"
        },
        {
            "trade_id": "ba3edade-5e41-4fa1-9311-7eb69c4ea2ca",
            "ticker": "KXHIGHCHI-24OCT27-B58.5",
            "count": 14,
            "created_time": "2024-10-27T18:02:15.539091Z",
            "yes_price": 30,
            "no_price": 70,
            "taker_side": "no"
        },
        {
            "trade_id": "3348d816-1ffa-4465-9d66-ba94824e601a",
            "ticker": "KXHIGHCHI-24OCT27-B58.5",
            "count": 46,
            "created_time": "2024-10-27T18:02:15.539091Z",
            "yes_price": 29,
            "no_price": 71,
            "taker_side": "no"
        },
        {
            "trade_id": "2923674b-7fe5-4e02-a91d-361798134976",
            "ticker": "KXHIGHCHI-24OCT27-B58.5",
            "count": 34,
            "created_time": "2024-10-27T18:02:15.539091Z",
            "yes_price": 15,
            "no_price": 85,
            "taker_side": "no"
        },
        {
            "trade_id": "1d252bf3-a0c0-44d8-b813-b6832cda9c8a",
            "ticker": "KXHIGHCHI-24OCT27-B58.5",
            "count": 20,
            "created_time": "2024-10-27T17:58:48.51822Z",
            "yes_price": 29,
            "no_price": 71,
            "taker_side": "no"
        },
        {
            "trade_id": "fef620f7-dae1-4b3a-950e-19adba563a0c",
            "ticker": "KXHIGHCHI-24OCT27-B58.5",
            "count": 1,
            "created_time": "2024-10-27T17:58:43.734048Z",
            "yes_price": 22,
            "no_price": 78,
            "taker_side": "yes"
        },
        {
            "trade_id": "d655bc0c-5bbc-4f4d-b8e0-382c9cd0e0dc",
            "ticker": "KXHIGHCHI-24OCT27-B58.5",
            "count": 20,
            "created_time": "2024-10-27T17:58:43.734048Z",
            "yes_price": 30,
            "no_price": 70,
            "taker_side": "yes"
        },
        {
            "trade_id": "cfb2fffd-814d-4685-a920-007507448fb0",
            "ticker": "KXHIGHCHI-24OCT27-B58.5",
            "count": 20,
            "created_time": "2024-10-27T17:58:43.734048Z",
            "yes_price": 23,
            "no_price": 77,
            "taker_side": "yes"
        },
        {
            "trade_id": "79ea85a6-ac2e-49df-9107-4bd4a6cd0459",
            "ticker": "KXHIGHCHI-24OCT27-B58.5",
            "count": 1,
            "created_time": "2024-10-27T17:58:43.734048Z",
            "yes_price": 21,
            "no_price": 79,
            "taker_side": "yes"
        },
        {
            "trade_id": "481b0389-d22a-4d48-83ca-4b262ebade74",
            "ticker": "KXHIGHCHI-24OCT27-B58.5",
            "count": 20,
            "created_time": "2024-10-27T17:58:43.734048Z",
            "yes_price": 22,
            "no_price": 78,
            "taker_side": "yes"
        },
        {
            "trade_id": "14f69683-3c72-47b9-a7ff-1e480d32760e",
            "ticker": "KXHIGHCHI-24OCT27-B58.5",
            "count": 20,
            "created_time": "2024-10-27T17:58:43.734048Z",
            "yes_price": 29,
            "no_price": 71,
            "taker_side": "yes"
        },
        {
            "trade_id": "d0074ce1-fec6-4969-9fe3-0bfabda3fd30",
            "ticker": "KXHIGHCHI-24OCT27-B58.5",
            "count": 150,
            "created_time": "2024-10-27T17:18:47.590921Z",
            "yes_price": 16,
            "no_price": 84,
            "taker_side": "no"
        },
        {
            "trade_id": "b8234208-1bef-459d-a7d3-46ee6c5caee6",
            "ticker": "KXHIGHCHI-24OCT27-B58.5",
            "count": 10,
            "created_time": "2024-10-27T17:18:47.590921Z",
            "yes_price": 7,
            "no_price": 93,
            "taker_side": "no"
        },
        {
            "trade_id": "8f7fc10f-40ce-49ff-8879-2c9541f6d270",
            "ticker": "KXHIGHCHI-24OCT27-B58.5",
            "count": 1,
            "created_time": "2024-10-27T17:18:47.590921Z",
            "yes_price": 6,
            "no_price": 94,
            "taker_side": "no"
        },
        {
            "trade_id": "b9893eac-1555-4d7b-84c1-55835e6066af",
            "ticker": "KXHIGHCHI-24OCT27-B58.5",
            "count": 1,
            "created_time": "2024-10-27T17:01:39.046598Z",
            "yes_price": 17,
            "no_price": 83,
            "taker_side": "yes"
        },
        {
            "trade_id": "699d0aa5-8227-41eb-9df2-a3f3d88ecd9c",
            "ticker": "KXHIGHCHI-24OCT27-B58.5",
            "count": 6,
            "created_time": "2024-10-27T17:01:39.046598Z",
            "yes_price": 20,
            "no_price": 80,
            "taker_side": "yes"
        },
        {
            "trade_id": "1a2d4114-9f07-41eb-a556-1c21e49cac41",
            "ticker": "KXHIGHCHI-24OCT27-B58.5",
            "count": 9,
            "created_time": "2024-10-27T17:01:39.046598Z",
            "yes_price": 18,
            "no_price": 82,
            "taker_side": "yes"
        },
        {
            "trade_id": "1f14c46e-c74f-41da-b5d5-21012d632aca",
            "ticker": "KXHIGHCHI-24OCT27-B58.5",
            "count": 21,
            "created_time": "2024-10-27T17:00:22.894946Z",
            "yes_price": 16,
            "no_price": 84,
            "taker_side": "yes"
        },
        {
            "trade_id": "a61e2e80-92e8-47ac-817b-f9b351786a7e",
            "ticker": "KXHIGHCHI-24OCT27-B58.5",
            "count": 21,
            "created_time": "2024-10-27T17:00:16.217857Z",
            "yes_price": 15,
            "no_price": 85,
            "taker_side": "yes"
        },
        {
            "trade_id": "4531e37b-c488-4c80-9fd8-7bd7664f517c",
            "ticker": "KXHIGHCHI-24OCT27-B58.5",
            "count": 22,
            "created_time": "2024-10-27T17:00:02.58883Z",
            "yes_price": 16,
            "no_price": 84,
            "taker_side": "yes"
        },
        {
            "trade_id": "a8c73987-d07c-4caf-b7fc-2a1f260ab316",
            "ticker": "KXHIGHCHI-24OCT27-B58.5",
            "count": 23,
            "created_time": "2024-10-27T16:59:19.762689Z",
            "yes_price": 16,
            "no_price": 84,
            "taker_side": "yes"
        },
        {
            "trade_id": "c5aebdb6-50fd-433f-917d-5b03be8a84bb",
            "ticker": "KXHIGHCHI-24OCT27-B58.5",
            "count": 12,
            "created_time": "2024-10-27T16:44:06.119795Z",
            "yes_price": 13,
            "no_price": 87,
            "taker_side": "yes"
        },
        {
            "trade_id": "ab626cfd-c162-441c-9959-0a958ee55913",
            "ticker": "KXHIGHCHI-24OCT27-B58.5",
            "count": 10,
            "created_time": "2024-10-27T16:44:06.119795Z",
            "yes_price": 13,
            "no_price": 87,
            "taker_side": "yes"
        },
        {
            "trade_id": "623767e1-95ec-42ce-a39c-c57d6575eea9",
            "ticker": "KXHIGHCHI-24OCT27-B58.5",
            "count": 20,
            "created_time": "2024-10-27T16:44:06.119795Z",
            "yes_price": 14,
            "no_price": 86,
            "taker_side": "yes"
        },
        {
            "trade_id": "8b4f742c-7a78-4a82-ad9d-740ba698fc12",
            "ticker": "KXHIGHCHI-24OCT27-B58.5",
            "count": 100,
            "created_time": "2024-10-27T16:31:39.449713Z",
            "yes_price": 9,
            "no_price": 91,
            "taker_side": "no"
        },
        {
            "trade_id": "1b0dfc97-ad98-43e3-9ea7-909d15bb6122",
            "ticker": "KXHIGHCHI-24OCT27-B58.5",
            "count": 144,
            "created_time": "2024-10-27T16:31:39.449713Z",
            "yes_price": 8,
            "no_price": 92,
            "taker_side": "no"
        },
        {
            "trade_id": "cdde7de9-89c8-49d7-bcdc-0de2a74476c4",
            "ticker": "KXHIGHCHI-24OCT27-B58.5",
            "count": 10,
            "created_time": "2024-10-27T15:57:53.085409Z",
            "yes_price": 14,
            "no_price": 86,
            "taker_side": "yes"
        },
        {
            "trade_id": "bbfcfc2a-7353-4f7c-a5d2-5057dfb68b73",
            "ticker": "KXHIGHCHI-24OCT27-B58.5",
            "count": 40,
            "created_time": "2024-10-27T15:57:47.043842Z",
            "yes_price": 12,
            "no_price": 88,
            "taker_side": "yes"
        },
        {
            "trade_id": "b3234986-3329-43a2-b52b-e462df0a2023",
            "ticker": "KXHIGHCHI-24OCT27-B58.5",
            "count": 10,
            "created_time": "2024-10-27T15:57:47.043842Z",
            "yes_price": 13,
            "no_price": 87,
            "taker_side": "yes"
        },
        {
            "trade_id": "526bdbf3-4415-4834-a9cd-4769253c52cb",
            "ticker": "KXHIGHCHI-24OCT27-B58.5",
            "count": 40,
            "created_time": "2024-10-27T15:57:39.756002Z",
            "yes_price": 12,
            "no_price": 88,
            "taker_side": "yes"
        },
        {
            "trade_id": "4313d60b-2216-48d3-a1ac-055dd3d67460",
            "ticker": "KXHIGHCHI-24OCT27-B58.5",
            "count": 5,
            "created_time": "2024-10-27T15:32:10.217948Z",
            "yes_price": 8,
            "no_price": 92,
            "taker_side": "no"
        },
        {
            "trade_id": "8dcdccfb-df31-498c-85ca-e3f6fcd3fdec",
            "ticker": "KXHIGHCHI-24OCT27-B58.5",
            "count": 3,
            "created_time": "2024-10-27T15:30:43.50594Z",
            "yes_price": 9,
            "no_price": 91,
            "taker_side": "no"
        },
        {
            "trade_id": "f0ef2c15-cdbc-4727-9412-a5851e260c77",
            "ticker": "KXHIGHCHI-24OCT27-B58.5",
            "count": 33,
            "created_time": "2024-10-27T15:30:41.425123Z",
            "yes_price": 9,
            "no_price": 91,
            "taker_side": "no"
        },
        {
            "trade_id": "7197de09-36f5-4a2e-b398-9055d082acde",
            "ticker": "KXHIGHCHI-24OCT27-B58.5",
            "count": 5,
            "created_time": "2024-10-27T15:14:10.265486Z",
            "yes_price": 9,
            "no_price": 91,
            "taker_side": "no"
        },
        {
            "trade_id": "274ace95-c096-4df2-aebd-727ad8984a4b",
            "ticker": "KXHIGHCHI-24OCT27-B58.5",
            "count": 4,
            "created_time": "2024-10-27T15:12:16.231308Z",
            "yes_price": 9,
            "no_price": 91,
            "taker_side": "no"
        },
        {
            "trade_id": "d803e6f5-400f-4364-b0ba-ee4aae60d70c",
            "ticker": "KXHIGHCHI-24OCT27-B58.5",
            "count": 8,
            "created_time": "2024-10-27T15:11:17.465473Z",
            "yes_price": 9,
            "no_price": 91,
            "taker_side": "no"
        },
        {
            "trade_id": "5e5bb1f3-ab93-410c-b76b-580b51a7703a",
            "ticker": "KXHIGHCHI-24OCT27-B58.5",
            "count": 20,
            "created_time": "2024-10-27T15:05:05.147939Z",
            "yes_price": 9,
            "no_price": 91,
            "taker_side": "no"
        },
        {
            "trade_id": "d9c8ebd4-0f92-4cbe-82d7-3503ec577e66",
            "ticker": "KXHIGHCHI-24OCT27-B58.5",
            "count": 3,
            "created_time": "2024-10-27T15:01:56.965179Z",
            "yes_price": 7,
            "no_price": 93,
            "taker_side": "no"
        },
        {
            "trade_id": "cfa19475-ce5c-48f5-b2ca-39535746028f",
            "ticker": "KXHIGHCHI-24OCT27-B58.5",
            "count": 12,
            "created_time": "2024-10-27T14:51:12.343042Z",
            "yes_price": 12,
            "no_price": 88,
            "taker_side": "yes"
        },
        {
            "trade_id": "acccb05a-df15-4704-867d-c2520d7a86f8",
            "ticker": "KXHIGHCHI-24OCT27-B58.5",
            "count": 200,
            "created_time": "2024-10-27T14:51:12.343042Z",
            "yes_price": 13,
            "no_price": 87,
            "taker_side": "yes"
        },
        {
            "trade_id": "1e07f2f9-b497-45b1-a734-732023f3bec7",
            "ticker": "KXHIGHCHI-24OCT27-B58.5",
            "count": 32,
            "created_time": "2024-10-27T14:51:12.343042Z",
            "yes_price": 14,
            "no_price": 86,
            "taker_side": "yes"
        },
        {
            "trade_id": "9f5d6a3a-fe1d-4186-b2bd-9aa0d297db48",
            "ticker": "KXHIGHCHI-24OCT27-B58.5",
            "count": 77,
            "created_time": "2024-10-27T14:16:36.933053Z",
            "yes_price": 12,
            "no_price": 88,
            "taker_side": "yes"
        },
        {
            "trade_id": "d07493d7-d54f-45d5-9319-6490a18fbbc9",
            "ticker": "KXHIGHCHI-24OCT27-B58.5",
            "count": 23,
            "created_time": "2024-10-27T14:16:34.65864Z",
            "yes_price": 12,
            "no_price": 88,
            "taker_side": "no"
        },
        {
            "trade_id": "92c4e964-e886-486a-b7a1-fd57af5d7513",
            "ticker": "KXHIGHCHI-24OCT27-B58.5",
            "count": 38,
            "created_time": "2024-10-27T14:10:14.087531Z",
            "yes_price": 15,
            "no_price": 85,
            "taker_side": "yes"
        },
        {
            "trade_id": "78374b81-bcd5-4c2f-9e5c-f78f26220b3a",
            "ticker": "KXHIGHCHI-24OCT27-B58.5",
            "count": 48,
            "created_time": "2024-10-27T14:10:14.087531Z",
            "yes_price": 15,
            "no_price": 85,
            "taker_side": "yes"
        },
        {
            "trade_id": "ebd57974-1d7b-4784-9a5b-ed5da2d8746e",
            "ticker": "KXHIGHCHI-24OCT27-B58.5",
            "count": 100,
            "created_time": "2024-10-27T14:10:14.076539Z",
            "yes_price": 13,
            "no_price": 87,
            "taker_side": "yes"
        },
        {
            "trade_id": "12a38bd1-85ef-41c8-ada7-05ce36adc1ee",
            "ticker": "KXHIGHCHI-24OCT27-B58.5",
            "count": 62,
            "created_time": "2024-10-27T13:53:43.268747Z",
            "yes_price": 15,
            "no_price": 85,
            "taker_side": "yes"
        },
        {
            "trade_id": "d00492dd-0d3b-442b-b349-39671fbc0467",
            "ticker": "KXHIGHCHI-24OCT27-B58.5",
            "count": 6,
            "created_time": "2024-10-27T13:33:27.166086Z",
            "yes_price": 15,
            "no_price": 85,
            "taker_side": "yes"
        },
        {
            "trade_id": "f738f7c5-c944-42b2-b22d-010a2aa6db32",
            "ticker": "KXHIGHCHI-24OCT27-B58.5",
            "count": 31,
            "created_time": "2024-10-27T13:28:17.823489Z",
            "yes_price": 15,
            "no_price": 85,
            "taker_side": "yes"
        },
        {
            "trade_id": "7249dcfa-fed2-4e4f-892f-4e528e685ecc",
            "ticker": "KXHIGHCHI-24OCT27-B58.5",
            "count": 18,
            "created_time": "2024-10-27T13:28:10.894221Z",
            "yes_price": 15,
            "no_price": 85,
            "taker_side": "yes"
        },
        {
            "trade_id": "3f6d144e-b99d-4271-a05e-d56c6b6190e3",
            "ticker": "KXHIGHCHI-24OCT27-B58.5",
            "count": 13,
            "created_time": "2024-10-27T13:28:10.894221Z",
            "yes_price": 15,
            "no_price": 85,
            "taker_side": "yes"
        },
        {
            "trade_id": "eb723f44-1f13-4c81-8879-e1505c95902f",
            "ticker": "KXHIGHCHI-24OCT27-B58.5",
            "count": 200,
            "created_time": "2024-10-27T13:23:21.591521Z",
            "yes_price": 11,
            "no_price": 89,
            "taker_side": "no"
        },
        {
            "trade_id": "da9a6c62-a775-40b7-8c2c-247d57965cd0",
            "ticker": "KXHIGHCHI-24OCT27-B58.5",
            "count": 100,
            "created_time": "2024-10-27T13:23:21.591521Z",
            "yes_price": 13,
            "no_price": 87,
            "taker_side": "no"
        },
        {
            "trade_id": "2ac47bab-83d8-4e86-8379-c55bba18d980",
            "ticker": "KXHIGHCHI-24OCT27-B58.5",
            "count": 26,
            "created_time": "2024-10-27T13:23:21.591521Z",
            "yes_price": 13,
            "no_price": 87,
            "taker_side": "no"
        },
        {
            "trade_id": "250de6a1-f6e8-4e90-8d4e-6520650c1ae7",
            "ticker": "KXHIGHCHI-24OCT27-B58.5",
            "count": 100,
            "created_time": "2024-10-27T13:23:21.591521Z",
            "yes_price": 12,
            "no_price": 88,
            "taker_side": "no"
        },
        {
            "trade_id": "0f562519-d564-44d0-86cd-b55f9fe7336e",
            "ticker": "KXHIGHCHI-24OCT27-B58.5",
            "count": 100,
            "created_time": "2024-10-27T13:23:21.591521Z",
            "yes_price": 13,
            "no_price": 87,
            "taker_side": "no"
        },
        {
            "trade_id": "0df3bb47-2cfa-4644-a4e4-d01db21acb55",
            "ticker": "KXHIGHCHI-24OCT27-B58.5",
            "count": 100,
            "created_time": "2024-10-27T13:23:21.591521Z",
            "yes_price": 12,
            "no_price": 88,
            "taker_side": "no"
        },
        {
            "trade_id": "00c51f18-8ebd-4d63-8433-87300c4a5081",
            "ticker": "KXHIGHCHI-24OCT27-B58.5",
            "count": 45,
            "created_time": "2024-10-27T13:23:21.591521Z",
            "yes_price": 2,
            "no_price": 98,
            "taker_side": "no"
        },
        {
            "trade_id": "1f7d37de-e4c1-4c03-b9db-cd5ed0ccdb70",
            "ticker": "KXHIGHCHI-24OCT27-B58.5",
            "count": 10,
            "created_time": "2024-10-27T13:19:00.351964Z",
            "yes_price": 19,
            "no_price": 81,
            "taker_side": "yes"
        },
        {
            "trade_id": "87788efa-9eaf-4425-99ab-8c9dae5472da",
            "ticker": "KXHIGHCHI-24OCT27-B58.5",
            "count": 9,
            "created_time": "2024-10-27T13:13:53.519898Z",
            "yes_price": 18,
            "no_price": 82,
            "taker_side": "yes"
        },
        {
            "trade_id": "77620f9a-cea7-49f8-b3ee-dcb7eca07fa4",
            "ticker": "KXHIGHCHI-24OCT27-B58.5",
            "count": 41,
            "created_time": "2024-10-27T13:13:53.519898Z",
            "yes_price": 19,
            "no_price": 81,
            "taker_side": "yes"
        },
        {
            "trade_id": "9164c44d-343f-4c02-b9a3-7c56f039c616",
            "ticker": "KXHIGHCHI-24OCT27-B58.5",
            "count": 3,
            "created_time": "2024-10-27T13:13:22.431193Z",
            "yes_price": 13,
            "no_price": 87,
            "taker_side": "no"
        },
        {
            "trade_id": "e4159120-7865-4270-b471-0d7033dc89eb",
            "ticker": "KXHIGHCHI-24OCT27-B58.5",
            "count": 62,
            "created_time": "2024-10-27T12:34:43.438169Z",
            "yes_price": 15,
            "no_price": 85,
            "taker_side": "yes"
        },
        {
            "trade_id": "d98e96bb-2f0e-43fc-84a9-d4216ffaddf5",
            "ticker": "KXHIGHCHI-24OCT27-B58.5",
            "count": 9,
            "created_time": "2024-10-27T12:34:03.533175Z",
            "yes_price": 14,
            "no_price": 86,
            "taker_side": "yes"
        },
        {
            "trade_id": "2acd2b97-f862-43c1-9b72-3a7e88f0f2d4",
            "ticker": "KXHIGHCHI-24OCT27-B58.5",
            "count": 23,
            "created_time": "2024-10-27T12:34:03.533175Z",
            "yes_price": 15,
            "no_price": 85,
            "taker_side": "yes"
        },
        {
            "trade_id": "6b199d2a-d049-4960-ba1f-c7db2538e85e",
            "ticker": "KXHIGHCHI-24OCT27-B58.5",
            "count": 19,
            "created_time": "2024-10-27T06:24:37.909671Z",
            "yes_price": 7,
            "no_price": 93,
            "taker_side": "no"
        },
        {
            "trade_id": "df1d2b00-1c6a-48b2-b994-bcb79527ea13",
            "ticker": "KXHIGHCHI-24OCT27-B58.5",
            "count": 50,
            "created_time": "2024-10-27T06:23:24.715854Z",
            "yes_price": 12,
            "no_price": 88,
            "taker_side": "no"
        },
        {
            "trade_id": "b9b6a9e1-489b-4852-a1f5-575bd9ee2356",
            "ticker": "KXHIGHCHI-24OCT27-B58.5",
            "count": 8,
            "created_time": "2024-10-27T06:22:14.40314Z",
            "yes_price": 13,
            "no_price": 87,
            "taker_side": "yes"
        },
        {
            "trade_id": "575286c2-576e-4f03-93db-3b3f31ea0106",
            "ticker": "KXHIGHCHI-24OCT27-B58.5",
            "count": 266,
            "created_time": "2024-10-27T05:45:25.672657Z",
            "yes_price": 11,
            "no_price": 89,
            "taker_side": "yes"
        },
        {
            "trade_id": "1172d4e2-2869-4285-a344-8737d5a1b61b",
            "ticker": "KXHIGHCHI-24OCT27-B58.5",
            "count": 12,
            "created_time": "2024-10-27T05:45:25.672657Z",
            "yes_price": 10,
            "no_price": 90,
            "taker_side": "yes"
        },
        {
            "trade_id": "3c4941a0-082f-42eb-9fb3-e2b8ce4bbfa0",
            "ticker": "KXHIGHCHI-24OCT27-B58.5",
            "count": 34,
            "created_time": "2024-10-27T05:16:13.203597Z",
            "yes_price": 11,
            "no_price": 89,
            "taker_side": "yes"
        },
        {
            "trade_id": "8e654d6c-9308-4325-9a5f-8744a0bcb6a2",
            "ticker": "KXHIGHCHI-24OCT27-B58.5",
            "count": 1,
            "created_time": "2024-10-27T02:54:55.638156Z",
            "yes_price": 12,
            "no_price": 88,
            "taker_side": "yes"
        },
        {
            "trade_id": "c0b94227-7660-4a7e-8787-1922e9e82d35",
            "ticker": "KXHIGHCHI-24OCT27-B58.5",
            "count": 4,
            "created_time": "2024-10-27T02:37:23.51566Z",
            "yes_price": 12,
            "no_price": 88,
            "taker_side": "yes"
        },
        {
            "trade_id": "57ba2af7-7628-4c54-82ca-453eae0c6148",
            "ticker": "KXHIGHCHI-24OCT27-B58.5",
            "count": 2,
            "created_time": "2024-10-27T02:37:23.51566Z",
            "yes_price": 13,
            "no_price": 87,
            "taker_side": "yes"
        },
        {
            "trade_id": "510b1b8a-08ed-457f-b447-032ded18f2d1",
            "ticker": "KXHIGHCHI-24OCT27-B58.5",
            "count": 95,
            "created_time": "2024-10-26T23:29:25.363453Z",
            "yes_price": 10,
            "no_price": 90,
            "taker_side": "no"
        },
        {
            "trade_id": "f9ab9e22-adc7-4aca-bb30-9b32d6d6a951",
            "ticker": "KXHIGHCHI-24OCT27-B58.5",
            "count": 74,
            "created_time": "2024-10-26T23:28:56.214578Z",
            "yes_price": 10,
            "no_price": 90,
            "taker_side": "no"
        },
        {
            "trade_id": "0e8828ea-8a7e-4e2e-a879-f0323fe8d66c",
            "ticker": "KXHIGHCHI-24OCT27-B58.5",
            "count": 11,
            "created_time": "2024-10-26T23:28:56.214578Z",
            "yes_price": 12,
            "no_price": 88,
            "taker_side": "no"
        },
        {
            "trade_id": "ded97179-9f3f-4260-8f22-0f187e5e60ef",
            "ticker": "KXHIGHCHI-24OCT27-B58.5",
            "count": 32,
            "created_time": "2024-10-26T23:28:00.457075Z",
            "yes_price": 11,
            "no_price": 89,
            "taker_side": "no"
        },
        {
            "trade_id": "9affeb61-9990-4a08-8b73-97be92772e05",
            "ticker": "KXHIGHCHI-24OCT27-B58.5",
            "count": 3,
            "created_time": "2024-10-26T18:57:08.115646Z",
            "yes_price": 18,
            "no_price": 82,
            "taker_side": "yes"
        },
        {
            "trade_id": "436d2451-ae8b-412a-baa4-90040f738c9b",
            "ticker": "KXHIGHCHI-24OCT27-B58.5",
            "count": 28,
            "created_time": "2024-10-26T18:57:08.115646Z",
            "yes_price": 19,
            "no_price": 81,
            "taker_side": "yes"
        },
        {
            "trade_id": "6ea40a5f-d176-4d16-b934-13fc5de6ee8f",
            "ticker": "KXHIGHCHI-24OCT27-B58.5",
            "count": 100,
            "created_time": "2024-10-26T18:54:08.72902Z",
            "yes_price": 17,
            "no_price": 83,
            "taker_side": "yes"
        },
        {
            "trade_id": "2bd23172-d3ff-49b3-8437-96375e11c2d7",
            "ticker": "KXHIGHCHI-24OCT27-B58.5",
            "count": 100,
            "created_time": "2024-10-26T18:54:08.72902Z",
            "yes_price": 18,
            "no_price": 82,
            "taker_side": "yes"
        },
        {
            "trade_id": "71accdea-d5df-4a09-bf54-9b18e555ec69",
            "ticker": "KXHIGHCHI-24OCT27-B58.5",
            "count": 100,
            "created_time": "2024-10-26T18:54:08.703004Z",
            "yes_price": 16,
            "no_price": 84,
            "taker_side": "yes"
        },
        {
            "trade_id": "0c13c7cb-2746-4626-a28a-0eaea8861026",
            "ticker": "KXHIGHCHI-24OCT27-B58.5",
            "count": 200,
            "created_time": "2024-10-26T18:51:10.503813Z",
            "yes_price": 15,
            "no_price": 85,
            "taker_side": "yes"
        },
        {
            "trade_id": "3ca9ef9c-fae2-4796-b265-ed05d34154f6",
            "ticker": "KXHIGHCHI-24OCT27-B58.5",
            "count": 200,
            "created_time": "2024-10-26T18:51:10.48306Z",
            "yes_price": 14,
            "no_price": 86,
            "taker_side": "yes"
        },
        {
            "trade_id": "76f6797c-aa6b-4465-ab3b-3192a3ca8a3a",
            "ticker": "KXHIGHCHI-24OCT27-B58.5",
            "count": 100,
            "created_time": "2024-10-26T18:51:10.459209Z",
            "yes_price": 13,
            "no_price": 87,
            "taker_side": "yes"
        }
    ],
    "KXHIGHCHI-24OCT27-B60.5": [
        {
            "trade_id": "b7ac4409-1e82-4b0d-aef6-8e585eb8069c",
            "ticker": "KXHIGHCHI-24OCT27-B60.5",
            "count": 93,
            "created_time": "2024-10-28T03:21:56.808046Z",
            "yes_price": 1,
            "no_price": 99,
            "taker_side": "yes"
        },
        {
            "trade_id": "0914b382-38b7-404a-be82-8414fd23e96d",
            "ticker": "KXHIGHCHI-24OCT27-B60.5",
            "count": 187,
            "created_time": "2024-10-28T02:31:28.159533Z",
            "yes_price": 1,
            "no_price": 99,
            "taker_side": "yes"
        },
        {
            "trade_id": "db0d9c65-d22f-4c71-b4f3-a6f3c4151454",
            "ticker": "KXHIGHCHI-24OCT27-B60.5",
            "count": 30,
            "created_time": "2024-10-28T01:01:48.714254Z",
            "yes_price": 18,
            "no_price": 82,
            "taker_side": "yes"
        },
        {
            "trade_id": "698655e7-9318-46fd-b4c1-df7dd10d6589",
            "ticker": "KXHIGHCHI-24OCT27-B60.5",
            "count": 2,
            "created_time": "2024-10-28T00:54:25.668298Z",
            "yes_price": 18,
            "no_price": 82,
            "taker_side": "yes"
        },
        {
            "trade_id": "544c90c0-61ea-4125-a2c8-5091c3fe278b",
            "ticker": "KXHIGHCHI-24OCT27-B60.5",
            "count": 10,
            "created_time": "2024-10-28T00:54:25.668298Z",
            "yes_price": 2,
            "no_price": 98,
            "taker_side": "yes"
        },
        {
            "trade_id": "1215ee3f-6dc2-45b7-8d01-d444ff95c1be",
            "ticker": "KXHIGHCHI-24OCT27-B60.5",
            "count": 405,
            "created_time": "2024-10-28T00:54:25.668298Z",
            "yes_price": 1,
            "no_price": 99,
            "taker_side": "yes"
        },
        {
            "trade_id": "76b8fd4d-30e8-4c37-8671-5c9c4df04591",
            "ticker": "KXHIGHCHI-24OCT27-B60.5",
            "count": 467,
            "created_time": "2024-10-28T00:45:32.110415Z",
            "yes_price": 1,
            "no_price": 99,
            "taker_side": "yes"
        },
        {
            "trade_id": "154f4777-b5cf-4647-9c84-7c025b892161",
            "ticker": "KXHIGHCHI-24OCT27-B60.5",
            "count": 467,
            "created_time": "2024-10-28T00:44:00.548001Z",
            "yes_price": 1,
            "no_price": 99,
            "taker_side": "yes"
        },
        {
            "trade_id": "a2c0336b-0c45-44a3-b0cb-b4e9c4f5db6d",
            "ticker": "KXHIGHCHI-24OCT27-B60.5",
            "count": 93,
            "created_time": "2024-10-28T00:22:39.473065Z",
            "yes_price": 1,
            "no_price": 99,
            "taker_side": "yes"
        },
        {
            "trade_id": "63ec5cb0-176d-4899-a51b-db86b7a6d0ef",
            "ticker": "KXHIGHCHI-24OCT27-B60.5",
            "count": 467,
            "created_time": "2024-10-28T00:11:18.495223Z",
            "yes_price": 1,
            "no_price": 99,
            "taker_side": "yes"
        },
        {
            "trade_id": "70f59ea1-b80c-4213-a8e4-619cec87ac29",
            "ticker": "KXHIGHCHI-24OCT27-B60.5",
            "count": 16,
            "created_time": "2024-10-28T00:00:18.95331Z",
            "yes_price": 1,
            "no_price": 99,
            "taker_side": "yes"
        },
        {
            "trade_id": "d7d2cf8c-d58d-47a9-8690-7e980652c237",
            "ticker": "KXHIGHCHI-24OCT27-B60.5",
            "count": 16,
            "created_time": "2024-10-28T00:00:18.805255Z",
            "yes_price": 1,
            "no_price": 99,
            "taker_side": "no"
        },
        {
            "trade_id": "2fe1252c-5937-4781-8043-61a48f3bf08f",
            "ticker": "KXHIGHCHI-24OCT27-B60.5",
            "count": 69,
            "created_time": "2024-10-28T00:00:18.805255Z",
            "yes_price": 1,
            "no_price": 99,
            "taker_side": "no"
        },
        {
            "trade_id": "a179fbd8-cff7-46f9-a3b9-9de1423f6648",
            "ticker": "KXHIGHCHI-24OCT27-B60.5",
            "count": 10,
            "created_time": "2024-10-28T00:00:11.334052Z",
            "yes_price": 2,
            "no_price": 98,
            "taker_side": "no"
        },
        {
            "trade_id": "6632ecdd-f8d7-4acd-9fe2-49c1365f072c",
            "ticker": "KXHIGHCHI-24OCT27-B60.5",
            "count": 10,
            "created_time": "2024-10-28T00:00:10.365445Z",
            "yes_price": 2,
            "no_price": 98,
            "taker_side": "yes"
        },
        {
            "trade_id": "f88bbe8b-e825-4d63-b360-68dcaba8429b",
            "ticker": "KXHIGHCHI-24OCT27-B60.5",
            "count": 10,
            "created_time": "2024-10-28T00:00:10.146125Z",
            "yes_price": 1,
            "no_price": 99,
            "taker_side": "no"
        },
        {
            "trade_id": "c0036ac9-2726-411c-a341-f6ead032cd66",
            "ticker": "KXHIGHCHI-24OCT27-B60.5",
            "count": 10,
            "created_time": "2024-10-28T00:00:10.128977Z",
            "yes_price": 2,
            "no_price": 98,
            "taker_side": "no"
        },
        {
            "trade_id": "045b45f3-cb8b-4486-8332-2a271c2c13ae",
            "ticker": "KXHIGHCHI-24OCT27-B60.5",
            "count": 21,
            "created_time": "2024-10-27T23:49:40.901095Z",
            "yes_price": 1,
            "no_price": 99,
            "taker_side": "no"
        },
        {
            "trade_id": "57b5fdce-1a61-45ff-8e66-b84bb9a03da1",
            "ticker": "KXHIGHCHI-24OCT27-B60.5",
            "count": 17,
            "created_time": "2024-10-27T23:39:30.926061Z",
            "yes_price": 17,
            "no_price": 83,
            "taker_side": "yes"
        },
        {
            "trade_id": "342b7a72-c481-4887-8e36-bd843a2f4b26",
            "ticker": "KXHIGHCHI-24OCT27-B60.5",
            "count": 55,
            "created_time": "2024-10-27T23:38:20.316503Z",
            "yes_price": 17,
            "no_price": 83,
            "taker_side": "yes"
        },
        {
            "trade_id": "dc551d69-1bce-472e-9c69-b0284c91b9f5",
            "ticker": "KXHIGHCHI-24OCT27-B60.5",
            "count": 1,
            "created_time": "2024-10-27T23:33:57.020539Z",
            "yes_price": 15,
            "no_price": 85,
            "taker_side": "yes"
        },
        {
            "trade_id": "923390fc-3676-4403-ab18-734164625724",
            "ticker": "KXHIGHCHI-24OCT27-B60.5",
            "count": 4,
            "created_time": "2024-10-27T23:33:57.020539Z",
            "yes_price": 17,
            "no_price": 83,
            "taker_side": "yes"
        },
        {
            "trade_id": "c6f3645f-41ca-45f6-99aa-2319eed2b6ce",
            "ticker": "KXHIGHCHI-24OCT27-B60.5",
            "count": 19,
            "created_time": "2024-10-27T22:33:33.791945Z",
            "yes_price": 10,
            "no_price": 90,
            "taker_side": "yes"
        },
        {
            "trade_id": "d43d3867-4e10-4223-8d64-b0fe4acd0a70",
            "ticker": "KXHIGHCHI-24OCT27-B60.5",
            "count": 10,
            "created_time": "2024-10-27T22:31:45.159492Z",
            "yes_price": 18,
            "no_price": 82,
            "taker_side": "yes"
        },
        {
            "trade_id": "7fa6c473-3243-4ac2-98a1-ddbf27ee1a04",
            "ticker": "KXHIGHCHI-24OCT27-B60.5",
            "count": 1,
            "created_time": "2024-10-27T22:07:24.325317Z",
            "yes_price": 9,
            "no_price": 91,
            "taker_side": "no"
        },
        {
            "trade_id": "a3248310-6181-44d7-8e9b-861861a5e3ad",
            "ticker": "KXHIGHCHI-24OCT27-B60.5",
            "count": 9,
            "created_time": "2024-10-27T22:05:18.737086Z",
            "yes_price": 20,
            "no_price": 80,
            "taker_side": "no"
        },
        {
            "trade_id": "e4e27ba3-0e86-473c-99fa-8f5e04453cd1",
            "ticker": "KXHIGHCHI-24OCT27-B60.5",
            "count": 20,
            "created_time": "2024-10-27T22:04:37.161944Z",
            "yes_price": 6,
            "no_price": 94,
            "taker_side": "yes"
        },
        {
            "trade_id": "44880252-aa35-4032-8ab5-995a72f0967b",
            "ticker": "KXHIGHCHI-24OCT27-B60.5",
            "count": 27,
            "created_time": "2024-10-27T22:01:55.672617Z",
            "yes_price": 5,
            "no_price": 95,
            "taker_side": "no"
        },
        {
            "trade_id": "43ccea3b-e2f2-4a3c-a43b-08122a72e8e4",
            "ticker": "KXHIGHCHI-24OCT27-B60.5",
            "count": 9,
            "created_time": "2024-10-27T21:59:21.37505Z",
            "yes_price": 5,
            "no_price": 95,
            "taker_side": "no"
        },
        {
            "trade_id": "73663691-6b38-4825-af7f-1936e4866a81",
            "ticker": "KXHIGHCHI-24OCT27-B60.5",
            "count": 50,
            "created_time": "2024-10-27T21:58:09.661456Z",
            "yes_price": 5,
            "no_price": 95,
            "taker_side": "no"
        },
        {
            "trade_id": "5f2213c8-5c83-4bb5-9fdf-8bc4ff6f4cb7",
            "ticker": "KXHIGHCHI-24OCT27-B60.5",
            "count": 26,
            "created_time": "2024-10-27T21:54:50.716748Z",
            "yes_price": 5,
            "no_price": 95,
            "taker_side": "no"
        },
        {
            "trade_id": "a1bb3835-124c-4f91-bec0-32f3f676a59f",
            "ticker": "KXHIGHCHI-24OCT27-B60.5",
            "count": 27,
            "created_time": "2024-10-27T21:52:19.061607Z",
            "yes_price": 25,
            "no_price": 75,
            "taker_side": "no"
        },
        {
            "trade_id": "e9cab787-0e71-4221-886e-ace15d771206",
            "ticker": "KXHIGHCHI-24OCT27-B60.5",
            "count": 10,
            "created_time": "2024-10-27T21:28:58.524241Z",
            "yes_price": 24,
            "no_price": 76,
            "taker_side": "no"
        },
        {
            "trade_id": "c4a97e5e-a528-4f90-b108-adf670c216c6",
            "ticker": "KXHIGHCHI-24OCT27-B60.5",
            "count": 2,
            "created_time": "2024-10-27T21:23:58.476479Z",
            "yes_price": 69,
            "no_price": 31,
            "taker_side": "yes"
        },
        {
            "trade_id": "a890e9a2-63ff-447f-9392-1b413e11208f",
            "ticker": "KXHIGHCHI-24OCT27-B60.5",
            "count": 7,
            "created_time": "2024-10-27T21:21:33.295145Z",
            "yes_price": 83,
            "no_price": 17,
            "taker_side": "yes"
        },
        {
            "trade_id": "8aba2c4a-c232-4738-9da7-d350dc8c3262",
            "ticker": "KXHIGHCHI-24OCT27-B60.5",
            "count": 4,
            "created_time": "2024-10-27T21:21:33.295145Z",
            "yes_price": 82,
            "no_price": 18,
            "taker_side": "yes"
        },
        {
            "trade_id": "6fd21e5e-ac3c-4f47-bbdd-272700098c35",
            "ticker": "KXHIGHCHI-24OCT27-B60.5",
            "count": 1,
            "created_time": "2024-10-27T21:14:06.547176Z",
            "yes_price": 93,
            "no_price": 7,
            "taker_side": "yes"
        },
        {
            "trade_id": "917a21d1-f66b-4e73-8801-e639c60e8ec7",
            "ticker": "KXHIGHCHI-24OCT27-B60.5",
            "count": 14,
            "created_time": "2024-10-27T21:11:27.566938Z",
            "yes_price": 70,
            "no_price": 30,
            "taker_side": "yes"
        },
        {
            "trade_id": "72f75a83-a40d-480e-84c9-0c7182815d1e",
            "ticker": "KXHIGHCHI-24OCT27-B60.5",
            "count": 21,
            "created_time": "2024-10-27T20:48:31.542213Z",
            "yes_price": 93,
            "no_price": 7,
            "taker_side": "no"
        },
        {
            "trade_id": "ac5c94e3-5f26-4846-bea6-c4c77afc4aab",
            "ticker": "KXHIGHCHI-24OCT27-B60.5",
            "count": 7,
            "created_time": "2024-10-27T20:40:56.197435Z",
            "yes_price": 77,
            "no_price": 23,
            "taker_side": "yes"
        },
        {
            "trade_id": "930aeabc-9cc0-4446-979c-d69a4284ac43",
            "ticker": "KXHIGHCHI-24OCT27-B60.5",
            "count": 30,
            "created_time": "2024-10-27T20:40:56.197435Z",
            "yes_price": 70,
            "no_price": 30,
            "taker_side": "yes"
        },
        {
            "trade_id": "34a2322b-0a1e-43b0-b2af-b5797c911c5d",
            "ticker": "KXHIGHCHI-24OCT27-B60.5",
            "count": 65,
            "created_time": "2024-10-27T20:40:56.197435Z",
            "yes_price": 98,
            "no_price": 2,
            "taker_side": "yes"
        },
        {
            "trade_id": "c965a5f3-5845-406b-9d51-73a0fa89eda5",
            "ticker": "KXHIGHCHI-24OCT27-B60.5",
            "count": 23,
            "created_time": "2024-10-27T20:38:37.620497Z",
            "yes_price": 67,
            "no_price": 33,
            "taker_side": "yes"
        },
        {
            "trade_id": "28d34dab-4656-48d4-8348-1c91d9153743",
            "ticker": "KXHIGHCHI-24OCT27-B60.5",
            "count": 13,
            "created_time": "2024-10-27T20:38:37.620497Z",
            "yes_price": 68,
            "no_price": 32,
            "taker_side": "yes"
        },
        {
            "trade_id": "8fc055b3-0c8e-4cdd-80bc-bf9a2b014009",
            "ticker": "KXHIGHCHI-24OCT27-B60.5",
            "count": 4,
            "created_time": "2024-10-27T20:35:39.957568Z",
            "yes_price": 65,
            "no_price": 35,
            "taker_side": "yes"
        },
        {
            "trade_id": "f57ffbb2-a7ce-41b7-8e7c-37d7a81e42c2",
            "ticker": "KXHIGHCHI-24OCT27-B60.5",
            "count": 1,
            "created_time": "2024-10-27T20:34:05.503884Z",
            "yes_price": 64,
            "no_price": 36,
            "taker_side": "yes"
        },
        {
            "trade_id": "a2bf9ee7-073e-4b72-adea-077c0265efa7",
            "ticker": "KXHIGHCHI-24OCT27-B60.5",
            "count": 14,
            "created_time": "2024-10-27T20:34:05.503884Z",
            "yes_price": 63,
            "no_price": 37,
            "taker_side": "yes"
        },
        {
            "trade_id": "6fde54d9-e285-4737-b605-bad756b089b7",
            "ticker": "KXHIGHCHI-24OCT27-B60.5",
            "count": 40,
            "created_time": "2024-10-27T20:31:16.57336Z",
            "yes_price": 30,
            "no_price": 70,
            "taker_side": "yes"
        },
        {
            "trade_id": "14bab63f-0059-4905-ae31-dcc9e19f15ed",
            "ticker": "KXHIGHCHI-24OCT27-B60.5",
            "count": 7,
            "created_time": "2024-10-27T20:30:14.033663Z",
            "yes_price": 61,
            "no_price": 39,
            "taker_side": "yes"
        },
        {
            "trade_id": "387a7e15-3a71-4c77-b842-0599d1193778",
            "ticker": "KXHIGHCHI-24OCT27-B60.5",
            "count": 30,
            "created_time": "2024-10-27T20:19:06.756081Z",
            "yes_price": 27,
            "no_price": 73,
            "taker_side": "no"
        },
        {
            "trade_id": "6821d640-9ed7-4e36-aea0-ad02c601e418",
            "ticker": "KXHIGHCHI-24OCT27-B60.5",
            "count": 7,
            "created_time": "2024-10-27T20:16:56.673661Z",
            "yes_price": 31,
            "no_price": 69,
            "taker_side": "no"
        },
        {
            "trade_id": "5603d6ad-ed54-4444-bce0-e6c6207f8998",
            "ticker": "KXHIGHCHI-24OCT27-B60.5",
            "count": 34,
            "created_time": "2024-10-27T20:16:56.673661Z",
            "yes_price": 32,
            "no_price": 68,
            "taker_side": "no"
        },
        {
            "trade_id": "a8f239e1-eb64-4aae-a5a2-045ca69de8ed",
            "ticker": "KXHIGHCHI-24OCT27-B60.5",
            "count": 25,
            "created_time": "2024-10-27T20:14:57.8025Z",
            "yes_price": 29,
            "no_price": 71,
            "taker_side": "no"
        },
        {
            "trade_id": "80326911-9f3e-484a-884b-0ae4b69cafec",
            "ticker": "KXHIGHCHI-24OCT27-B60.5",
            "count": 30,
            "created_time": "2024-10-27T20:14:57.8025Z",
            "yes_price": 28,
            "no_price": 72,
            "taker_side": "no"
        },
        {
            "trade_id": "44c6b987-bf6d-45dd-9de9-92d1edf2fd7c",
            "ticker": "KXHIGHCHI-24OCT27-B60.5",
            "count": 30,
            "created_time": "2024-10-27T20:14:57.8025Z",
            "yes_price": 21,
            "no_price": 79,
            "taker_side": "no"
        },
        {
            "trade_id": "424da161-1bea-4933-b9f8-d91387fd69b4",
            "ticker": "KXHIGHCHI-24OCT27-B60.5",
            "count": 11,
            "created_time": "2024-10-27T20:14:57.8025Z",
            "yes_price": 27,
            "no_price": 73,
            "taker_side": "no"
        },
        {
            "trade_id": "3db8099d-7b6d-4ea3-802d-0dc858243308",
            "ticker": "KXHIGHCHI-24OCT27-B60.5",
            "count": 2,
            "created_time": "2024-10-27T20:14:57.8025Z",
            "yes_price": 25,
            "no_price": 75,
            "taker_side": "no"
        },
        {
            "trade_id": "37dd31f9-0fa5-4103-bde0-dee19b0e7779",
            "ticker": "KXHIGHCHI-24OCT27-B60.5",
            "count": 4,
            "created_time": "2024-10-27T20:14:57.8025Z",
            "yes_price": 15,
            "no_price": 85,
            "taker_side": "no"
        },
        {
            "trade_id": "7920b0b3-6286-4ee1-87b2-1717a3746899",
            "ticker": "KXHIGHCHI-24OCT27-B60.5",
            "count": 14,
            "created_time": "2024-10-27T20:03:51.653399Z",
            "yes_price": 65,
            "no_price": 35,
            "taker_side": "yes"
        },
        {
            "trade_id": "093aa75e-70f9-4ce1-9459-f67b51630b85",
            "ticker": "KXHIGHCHI-24OCT27-B60.5",
            "count": 25,
            "created_time": "2024-10-27T20:03:51.653399Z",
            "yes_price": 66,
            "no_price": 34,
            "taker_side": "yes"
        },
        {
            "trade_id": "c63127bf-aaf9-4f3f-ba23-b0331941d8fb",
            "ticker": "KXHIGHCHI-24OCT27-B60.5",
            "count": 50,
            "created_time": "2024-10-27T20:02:39.721144Z",
            "yes_price": 51,
            "no_price": 49,
            "taker_side": "yes"
        },
        {
            "trade_id": "99104158-7721-4103-b4cc-e35795b611bc",
            "ticker": "KXHIGHCHI-24OCT27-B60.5",
            "count": 2,
            "created_time": "2024-10-27T20:02:39.721144Z",
            "yes_price": 55,
            "no_price": 45,
            "taker_side": "yes"
        },
        {
            "trade_id": "b02176f3-f6a1-4f7c-9215-b4a07b1ffd2f",
            "ticker": "KXHIGHCHI-24OCT27-B60.5",
            "count": 50,
            "created_time": "2024-10-27T20:02:10.90427Z",
            "yes_price": 45,
            "no_price": 55,
            "taker_side": "yes"
        },
        {
            "trade_id": "042fd12f-3d07-4e9e-808c-8a325dad8a0d",
            "ticker": "KXHIGHCHI-24OCT27-B60.5",
            "count": 6,
            "created_time": "2024-10-27T20:02:10.90427Z",
            "yes_price": 45,
            "no_price": 55,
            "taker_side": "yes"
        },
        {
            "trade_id": "76c1ce67-cc33-4b83-86d7-a0fca49d3002",
            "ticker": "KXHIGHCHI-24OCT27-B60.5",
            "count": 31,
            "created_time": "2024-10-27T19:56:44.03607Z",
            "yes_price": 59,
            "no_price": 41,
            "taker_side": "yes"
        },
        {
            "trade_id": "5092aef8-97c5-41d3-b964-29de7208c51f",
            "ticker": "KXHIGHCHI-24OCT27-B60.5",
            "count": 6,
            "created_time": "2024-10-27T19:56:44.03607Z",
            "yes_price": 50,
            "no_price": 50,
            "taker_side": "yes"
        },
        {
            "trade_id": "70b0900d-9b01-4fab-8db6-250a0e6d3354",
            "ticker": "KXHIGHCHI-24OCT27-B60.5",
            "count": 10,
            "created_time": "2024-10-27T19:47:20.527595Z",
            "yes_price": 31,
            "no_price": 69,
            "taker_side": "no"
        },
        {
            "trade_id": "35838242-ba78-4076-9669-d20cdae260ec",
            "ticker": "KXHIGHCHI-24OCT27-B60.5",
            "count": 7,
            "created_time": "2024-10-27T19:33:30.88738Z",
            "yes_price": 26,
            "no_price": 74,
            "taker_side": "no"
        },
        {
            "trade_id": "d684a503-a9ad-4ee8-97b9-5a5d275ade66",
            "ticker": "KXHIGHCHI-24OCT27-B60.5",
            "count": 25,
            "created_time": "2024-10-27T19:07:35.323007Z",
            "yes_price": 49,
            "no_price": 51,
            "taker_side": "yes"
        },
        {
            "trade_id": "1964b32f-d6bc-4b75-bebc-c5f979ae5a9c",
            "ticker": "KXHIGHCHI-24OCT27-B60.5",
            "count": 9,
            "created_time": "2024-10-27T19:06:36.248854Z",
            "yes_price": 49,
            "no_price": 51,
            "taker_side": "yes"
        },
        {
            "trade_id": "bf704e69-8cd1-48c1-807f-36dcabb16635",
            "ticker": "KXHIGHCHI-24OCT27-B60.5",
            "count": 10,
            "created_time": "2024-10-27T18:50:50.936064Z",
            "yes_price": 48,
            "no_price": 52,
            "taker_side": "yes"
        },
        {
            "trade_id": "f79af07a-aab7-489c-9868-b1dbaa28bfcb",
            "ticker": "KXHIGHCHI-24OCT27-B60.5",
            "count": 10,
            "created_time": "2024-10-27T18:49:09.647985Z",
            "yes_price": 48,
            "no_price": 52,
            "taker_side": "yes"
        },
        {
            "trade_id": "97934589-9544-4352-ace6-b32c3e52a7e8",
            "ticker": "KXHIGHCHI-24OCT27-B60.5",
            "count": 2,
            "created_time": "2024-10-27T18:45:06.129394Z",
            "yes_price": 48,
            "no_price": 52,
            "taker_side": "yes"
        },
        {
            "trade_id": "2d0b001a-af99-4fb6-9812-00dcf88d3237",
            "ticker": "KXHIGHCHI-24OCT27-B60.5",
            "count": 44,
            "created_time": "2024-10-27T18:38:50.063696Z",
            "yes_price": 48,
            "no_price": 52,
            "taker_side": "yes"
        },
        {
            "trade_id": "9cb99602-6a0c-45ce-916e-396408dd51d4",
            "ticker": "KXHIGHCHI-24OCT27-B60.5",
            "count": 2,
            "created_time": "2024-10-27T18:38:18.507345Z",
            "yes_price": 48,
            "no_price": 52,
            "taker_side": "yes"
        },
        {
            "trade_id": "a7c5bb76-0adc-4641-895d-5828404c764b",
            "ticker": "KXHIGHCHI-24OCT27-B60.5",
            "count": 57,
            "created_time": "2024-10-27T18:33:48.73489Z",
            "yes_price": 49,
            "no_price": 51,
            "taker_side": "yes"
        },
        {
            "trade_id": "2fea59dd-7f83-4e13-9470-1284512a16a4",
            "ticker": "KXHIGHCHI-24OCT27-B60.5",
            "count": 50,
            "created_time": "2024-10-27T18:33:48.73489Z",
            "yes_price": 48,
            "no_price": 52,
            "taker_side": "yes"
        },
        {
            "trade_id": "0e8e21bb-740d-4eb6-ba36-27f84991eeab",
            "ticker": "KXHIGHCHI-24OCT27-B60.5",
            "count": 1,
            "created_time": "2024-10-27T18:16:56.837278Z",
            "yes_price": 48,
            "no_price": 52,
            "taker_side": "yes"
        },
        {
            "trade_id": "d35d28ce-a42c-41b3-9e55-a5feb3292e36",
            "ticker": "KXHIGHCHI-24OCT27-B60.5",
            "count": 12,
            "created_time": "2024-10-27T18:07:30.9439Z",
            "yes_price": 31,
            "no_price": 69,
            "taker_side": "no"
        },
        {
            "trade_id": "527e6845-ca97-4ed9-b78e-f4b945993fff",
            "ticker": "KXHIGHCHI-24OCT27-B60.5",
            "count": 9,
            "created_time": "2024-10-27T18:03:48.304315Z",
            "yes_price": 49,
            "no_price": 51,
            "taker_side": "yes"
        },
        {
            "trade_id": "0eb6ad32-4587-4d76-a853-f9d2e62a60d3",
            "ticker": "KXHIGHCHI-24OCT27-B60.5",
            "count": 1,
            "created_time": "2024-10-27T18:02:39.544624Z",
            "yes_price": 48,
            "no_price": 52,
            "taker_side": "yes"
        },
        {
            "trade_id": "b33e4b7c-ef42-4bb6-991c-da41c50eee84",
            "ticker": "KXHIGHCHI-24OCT27-B60.5",
            "count": 9,
            "created_time": "2024-10-27T18:00:37.945134Z",
            "yes_price": 48,
            "no_price": 52,
            "taker_side": "yes"
        },
        {
            "trade_id": "0a402398-2ebd-4d66-8730-de9b0b134f91",
            "ticker": "KXHIGHCHI-24OCT27-B60.5",
            "count": 1,
            "created_time": "2024-10-27T18:00:37.945134Z",
            "yes_price": 47,
            "no_price": 53,
            "taker_side": "yes"
        },
        {
            "trade_id": "23737d8d-2439-40b3-8d72-846c98afcd97",
            "ticker": "KXHIGHCHI-24OCT27-B60.5",
            "count": 7,
            "created_time": "2024-10-27T17:33:33.016264Z",
            "yes_price": 63,
            "no_price": 37,
            "taker_side": "yes"
        },
        {
            "trade_id": "9ad54bc8-117b-4137-8a86-346e6d93c7a0",
            "ticker": "KXHIGHCHI-24OCT27-B60.5",
            "count": 8,
            "created_time": "2024-10-27T17:31:39.718875Z",
            "yes_price": 63,
            "no_price": 37,
            "taker_side": "yes"
        },
        {
            "trade_id": "3eb3dc58-f201-4944-889d-dca620363cb0",
            "ticker": "KXHIGHCHI-24OCT27-B60.5",
            "count": 7,
            "created_time": "2024-10-27T17:31:39.718875Z",
            "yes_price": 62,
            "no_price": 38,
            "taker_side": "yes"
        },
        {
            "trade_id": "976b8e03-8611-4192-a152-5f043458cfee",
            "ticker": "KXHIGHCHI-24OCT27-B60.5",
            "count": 1,
            "created_time": "2024-10-27T17:26:05.885444Z",
            "yes_price": 85,
            "no_price": 15,
            "taker_side": "yes"
        },
        {
            "trade_id": "864e8171-a10e-4954-a108-dd4be9e32361",
            "ticker": "KXHIGHCHI-24OCT27-B60.5",
            "count": 7,
            "created_time": "2024-10-27T17:03:00.644412Z",
            "yes_price": 35,
            "no_price": 65,
            "taker_side": "no"
        },
        {
            "trade_id": "7b31ba8e-595a-4cd5-b9c4-f9e1d000f9c1",
            "ticker": "KXHIGHCHI-24OCT27-B60.5",
            "count": 10,
            "created_time": "2024-10-27T16:44:06.233299Z",
            "yes_price": 63,
            "no_price": 37,
            "taker_side": "no"
        },
        {
            "trade_id": "94764886-28d6-40a6-9923-05d68e6f9aee",
            "ticker": "KXHIGHCHI-24OCT27-B60.5",
            "count": 19,
            "created_time": "2024-10-27T16:31:55.018209Z",
            "yes_price": 62,
            "no_price": 38,
            "taker_side": "yes"
        },
        {
            "trade_id": "0e4947d0-7297-4d41-a5cf-d56ff687cedb",
            "ticker": "KXHIGHCHI-24OCT27-B60.5",
            "count": 20,
            "created_time": "2024-10-27T16:31:55.018209Z",
            "yes_price": 60,
            "no_price": 40,
            "taker_side": "yes"
        },
        {
            "trade_id": "4c4a8030-cc34-4ce5-afae-f2b5e2cabe61",
            "ticker": "KXHIGHCHI-24OCT27-B60.5",
            "count": 8,
            "created_time": "2024-10-27T16:03:45.545842Z",
            "yes_price": 58,
            "no_price": 42,
            "taker_side": "yes"
        },
        {
            "trade_id": "03da5e28-5edb-4cbc-8609-38163b95c10f",
            "ticker": "KXHIGHCHI-24OCT27-B60.5",
            "count": 1,
            "created_time": "2024-10-27T15:42:45.215757Z",
            "yes_price": 59,
            "no_price": 41,
            "taker_side": "yes"
        },
        {
            "trade_id": "6ed916d4-5d7a-4f27-b558-c578b7a7fb5f",
            "ticker": "KXHIGHCHI-24OCT27-B60.5",
            "count": 5,
