{
    "HIGHCHI-24JUN22-T90": [],
    "HIGHCHI-24JUN22-B90.5": [
        {
            "trade_id": "8082e5dc-a1a7-4f66-a256-8459157a41a7",
            "ticker": "HIGHCHI-24JUN22-B90.5",
            "count": 16,
            "created_time": "2024-06-22T16:06:23.962549Z",
            "yes_price": 8,
            "no_price": 92,
            "taker_side": "yes"
        },
        {
            "trade_id": "dbe4e14d-cdd1-497c-b3d9-32c13488647a",
            "ticker": "HIGHCHI-24JUN22-B90.5",
            "count": 10,
            "created_time": "2024-06-22T13:15:29.845573Z",
            "yes_price": 15,
            "no_price": 85,
            "taker_side": "yes"
        },
        {
            "trade_id": "8bee618d-5bed-44c2-af8f-f9191fdc5618",
            "ticker": "HIGHCHI-24JUN22-B90.5",
            "count": 6,
            "created_time": "2024-06-22T13:15:29.845573Z",
            "yes_price": 99,
            "no_price": 1,
            "taker_side": "yes"
        },
        {
            "trade_id": "078bf804-9574-40de-a5a3-6adcd4217d21",
            "ticker": "HIGHCHI-24JUN22-B90.5",
            "count": 10,
            "created_time": "2024-06-22T13:15:29.845573Z",
            "yes_price": 18,
            "no_price": 82,
            "taker_side": "yes"
        },
        {
            "trade_id": "d4f44b4a-2502-45cb-991b-64a2215e3365",
            "ticker": "HIGHCHI-24JUN22-B90.5",
            "count": 5,
            "created_time": "2024-06-21T14:10:18.335567Z",
            "yes_price": 5,
            "no_price": 95,
            "taker_side": "no"
        }
    ],
    "HIGHCHI-24JUN22-B92.5": [
        {
            "trade_id": "671e399b-d61d-4711-b50b-f0ef70cfc048",
            "ticker": "HIGHCHI-24JUN22-B92.5",
            "count": 374,
            "created_time": "2024-06-22T20:40:57.254886Z",
            "yes_price": 1,
            "no_price": 99,
            "taker_side": "yes"
        },
        {
            "trade_id": "5ae8a033-3992-4e08-acb1-2cacd2cfec03",
            "ticker": "HIGHCHI-24JUN22-B92.5",
            "count": 280,
            "created_time": "2024-06-22T19:15:39.283233Z",
            "yes_price": 1,
            "no_price": 99,
            "taker_side": "yes"
        },
        {
            "trade_id": "7fc6109c-73e6-4939-b895-167910b98548",
            "ticker": "HIGHCHI-24JUN22-B92.5",
            "count": 50,
            "created_time": "2024-06-22T17:55:44.865736Z",
            "yes_price": 1,
            "no_price": 99,
            "taker_side": "no"
        },
        {
            "trade_id": "297aca58-6ee2-4474-b6a4-c095c2dd3d44",
            "ticker": "HIGHCHI-24JUN22-B92.5",
            "count": 31,
            "created_time": "2024-06-22T17:22:38.184174Z",
            "yes_price": 1,
            "no_price": 99,
            "taker_side": "no"
        },
        {
            "trade_id": "fc2f4b4d-4ef0-4ea4-b1fd-250571c0c763",
            "ticker": "HIGHCHI-24JUN22-B92.5",
            "count": 4,
            "created_time": "2024-06-22T17:13:11.9283Z",
            "yes_price": 1,
            "no_price": 99,
            "taker_side": "no"
        },
        {
            "trade_id": "1fb7fafd-657e-41c5-afc7-7322b1e049d8",
            "ticker": "HIGHCHI-24JUN22-B92.5",
            "count": 10,
            "created_time": "2024-06-22T17:02:00.081809Z",
            "yes_price": 1,
            "no_price": 99,
            "taker_side": "no"
        },
        {
            "trade_id": "23831142-fa40-46cb-8329-baedf83993da",
            "ticker": "HIGHCHI-24JUN22-B92.5",
            "count": 10,
            "created_time": "2024-06-22T15:50:20.273066Z",
            "yes_price": 22,
            "no_price": 78,
            "taker_side": "yes"
        },
        {
            "trade_id": "6287f210-0781-42de-8e1b-bf7e5d62172f",
            "ticker": "HIGHCHI-24JUN22-B92.5",
            "count": 5,
            "created_time": "2024-06-22T15:10:33.044961Z",
            "yes_price": 1,
            "no_price": 99,
            "taker_side": "no"
        },
        {
            "trade_id": "30a5fa10-6dd5-42a9-8664-c92161cac4a8",
            "ticker": "HIGHCHI-24JUN22-B92.5",
            "count": 1,
            "created_time": "2024-06-22T15:05:40.430989Z",
            "yes_price": 7,
            "no_price": 93,
            "taker_side": "no"
        },
        {
            "trade_id": "ec61a658-3e74-47e8-a530-48c278ae5755",
            "ticker": "HIGHCHI-24JUN22-B92.5",
            "count": 1,
            "created_time": "2024-06-22T14:00:05.566549Z",
            "yes_price": 13,
            "no_price": 87,
            "taker_side": "no"
        },
        {
            "trade_id": "6bbeb5eb-6038-4f86-bc1c-8f8af143bd6a",
            "ticker": "HIGHCHI-24JUN22-B92.5",
            "count": 1,
            "created_time": "2024-06-22T13:28:48.653912Z",
            "yes_price": 12,
            "no_price": 88,
            "taker_side": "no"
        },
        {
            "trade_id": "22198fc5-64c2-4f7e-9799-08c8a75a7446",
            "ticker": "HIGHCHI-24JUN22-B92.5",
            "count": 10,
            "created_time": "2024-06-22T12:00:34.147694Z",
            "yes_price": 12,
            "no_price": 88,
            "taker_side": "yes"
        },
        {
            "trade_id": "cbc58316-a35f-4a40-ba2c-42280050271a",
            "ticker": "HIGHCHI-24JUN22-B92.5",
            "count": 36,
            "created_time": "2024-06-22T01:39:27.2008Z",
            "yes_price": 10,
            "no_price": 90,
            "taker_side": "no"
        },
        {
            "trade_id": "5b72b50b-a7d0-49d6-873c-54a4de8fe640",
            "ticker": "HIGHCHI-24JUN22-B92.5",
            "count": 162,
            "created_time": "2024-06-22T01:36:05.547919Z",
            "yes_price": 10,
            "no_price": 90,
            "taker_side": "no"
        },
        {
            "trade_id": "c9d352e6-4277-448b-baf7-2f050ca2031f",
            "ticker": "HIGHCHI-24JUN22-B92.5",
            "count": 180,
            "created_time": "2024-06-22T01:35:03.766409Z",
            "yes_price": 11,
            "no_price": 89,
            "taker_side": "no"
        },
        {
            "trade_id": "cfaf85f4-c8ee-4c9d-a914-b869a3424fa7",
            "ticker": "HIGHCHI-24JUN22-B92.5",
            "count": 36,
            "created_time": "2024-06-22T01:34:47.113265Z",
            "yes_price": 12,
            "no_price": 88,
            "taker_side": "no"
        },
        {
            "trade_id": "0a1ffc5a-0661-4dde-9dad-a67da2573c02",
            "ticker": "HIGHCHI-24JUN22-B92.5",
            "count": 54,
            "created_time": "2024-06-21T19:22:11.313175Z",
            "yes_price": 18,
            "no_price": 82,
            "taker_side": "yes"
        },
        {
            "trade_id": "4f123116-e018-4bb9-a2ef-fad965ee8fec",
            "ticker": "HIGHCHI-24JUN22-B92.5",
            "count": 72,
            "created_time": "2024-06-21T18:56:03.751012Z",
            "yes_price": 19,
            "no_price": 81,
            "taker_side": "yes"
        },
        {
            "trade_id": "cdd8d8bb-d832-47c9-a7d8-8d3d4a988823",
            "ticker": "HIGHCHI-24JUN22-B92.5",
            "count": 18,
            "created_time": "2024-06-21T18:55:53.463215Z",
            "yes_price": 17,
            "no_price": 83,
            "taker_side": "yes"
        },
        {
            "trade_id": "449cb0ac-59d0-4bb8-9f57-7cf2ddb30f04",
            "ticker": "HIGHCHI-24JUN22-B92.5",
            "count": 180,
            "created_time": "2024-06-21T18:55:53.463215Z",
            "yes_price": 19,
            "no_price": 81,
            "taker_side": "yes"
        },
        {
            "trade_id": "9e4c4027-c6f4-41a5-90b5-6b9392d2b0b3",
            "ticker": "HIGHCHI-24JUN22-B92.5",
            "count": 100,
            "created_time": "2024-06-21T18:52:26.711033Z",
            "yes_price": 18,
            "no_price": 82,
            "taker_side": "yes"
        },
        {
            "trade_id": "5e76f81e-7e92-4a65-ae24-e55ee44df35c",
            "ticker": "HIGHCHI-24JUN22-B92.5",
            "count": 54,
            "created_time": "2024-06-21T18:51:56.31194Z",
            "yes_price": 17,
            "no_price": 83,
            "taker_side": "yes"
        },
        {
            "trade_id": "0c07685f-7ed4-4f06-9253-97b0a3f4a233",
            "ticker": "HIGHCHI-24JUN22-B92.5",
            "count": 1,
            "created_time": "2024-06-21T17:30:21.839867Z",
            "yes_price": 18,
            "no_price": 82,
            "taker_side": "yes"
        },
        {
            "trade_id": "52e60101-975c-4444-abc0-bc32157c7fa8",
            "ticker": "HIGHCHI-24JUN22-B92.5",
            "count": 2,
            "created_time": "2024-06-21T14:41:27.224456Z",
            "yes_price": 19,
            "no_price": 81,
            "taker_side": "no"
        },
        {
            "trade_id": "43e6e12a-91e7-42ab-a4f3-0e0da6e0b132",
            "ticker": "HIGHCHI-24JUN22-B92.5",
            "count": 8,
            "created_time": "2024-06-21T14:41:27.224456Z",
            "yes_price": 18,
            "no_price": 82,
            "taker_side": "no"
        },
        {
            "trade_id": "b97c7774-b5a2-4742-bfd1-9c754f838b22",
            "ticker": "HIGHCHI-24JUN22-B92.5",
            "count": 10,
            "created_time": "2024-06-21T14:11:11.799468Z",
            "yes_price": 44,
            "no_price": 56,
            "taker_side": "yes"
        },
        {
            "trade_id": "3f0a7f4e-67f4-4363-95b6-b6f5a64938a3",
            "ticker": "HIGHCHI-24JUN22-B92.5",
            "count": 10,
            "created_time": "2024-06-21T14:10:56.913344Z",
            "yes_price": 5,
            "no_price": 95,
            "taker_side": "no"
        }
    ],
    "HIGHCHI-24JUN22-B94.5": [
        {
            "trade_id": "08a88526-6b24-4902-b5d0-9a72630643f7",
            "ticker": "HIGHCHI-24JUN22-B94.5",
            "count": 46,
            "created_time": "2024-06-23T01:54:28.469785Z",
            "yes_price": 98,
            "no_price": 2,
            "taker_side": "no"
        },
        {
            "trade_id": "83577f23-b0d9-413d-87a7-cecf84f5c31f",
            "ticker": "HIGHCHI-24JUN22-B94.5",
            "count": 12,
            "created_time": "2024-06-22T21:44:24.552627Z",
            "yes_price": 30,
            "no_price": 70,
            "taker_side": "no"
        },
        {
            "trade_id": "090c8445-2633-432b-b201-c4e506851da6",
            "ticker": "HIGHCHI-24JUN22-B94.5",
            "count": 13,
            "created_time": "2024-06-22T21:20:35.353717Z",
            "yes_price": 99,
            "no_price": 1,
            "taker_side": "yes"
        },
        {
            "trade_id": "c7f283d8-abc2-440c-a7b2-34cab41e79a7",
            "ticker": "HIGHCHI-24JUN22-B94.5",
            "count": 6,
            "created_time": "2024-06-22T20:37:27.086353Z",
            "yes_price": 97,
            "no_price": 3,
            "taker_side": "yes"
        },
        {
            "trade_id": "773a73ac-8e3d-42e0-879c-8b4ccfb0158e",
            "ticker": "HIGHCHI-24JUN22-B94.5",
            "count": 240,
            "created_time": "2024-06-22T20:33:25.610791Z",
            "yes_price": 30,
            "no_price": 70,
            "taker_side": "no"
        },
        {
            "trade_id": "6134b7b3-0d06-4892-9374-0ac28e412de5",
            "ticker": "HIGHCHI-24JUN22-B94.5",
            "count": 5,
            "created_time": "2024-06-22T20:24:15.837897Z",
            "yes_price": 80,
            "no_price": 20,
            "taker_side": "yes"
        },
        {
            "trade_id": "35ae1239-bb9d-44d1-9db8-77908cfe1c92",
            "ticker": "HIGHCHI-24JUN22-B94.5",
            "count": 5,
            "created_time": "2024-06-22T20:24:15.837897Z",
            "yes_price": 79,
            "no_price": 21,
            "taker_side": "yes"
        },
        {
            "trade_id": "889a54e0-3bf3-4a0e-8d05-1bb17d0cec9f",
            "ticker": "HIGHCHI-24JUN22-B94.5",
            "count": 1,
            "created_time": "2024-06-22T20:24:06.76983Z",
            "yes_price": 75,
            "no_price": 25,
            "taker_side": "yes"
        },
        {
            "trade_id": "bddb851d-d277-45f9-8ddf-367a807fceed",
            "ticker": "HIGHCHI-24JUN22-B94.5",
            "count": 13,
            "created_time": "2024-06-22T19:32:16.840181Z",
            "yes_price": 30,
            "no_price": 70,
            "taker_side": "no"
        },
        {
            "trade_id": "08a57ad8-99e4-459c-8070-9134b913a3b7",
            "ticker": "HIGHCHI-24JUN22-B94.5",
            "count": 13,
            "created_time": "2024-06-22T19:13:39.410791Z",
            "yes_price": 27,
            "no_price": 73,
            "taker_side": "no"
        },
        {
            "trade_id": "4ab438a7-96d1-45f7-9a7a-f463c5719ce8",
            "ticker": "HIGHCHI-24JUN22-B94.5",
            "count": 5,
            "created_time": "2024-06-22T18:08:35.715924Z",
            "yes_price": 79,
            "no_price": 21,
            "taker_side": "yes"
        },
        {
            "trade_id": "ea11865a-ed91-4190-863a-31896708c4c9",
            "ticker": "HIGHCHI-24JUN22-B94.5",
            "count": 31,
            "created_time": "2024-06-22T17:22:38.116822Z",
            "yes_price": 79,
            "no_price": 21,
            "taker_side": "yes"
        },
        {
            "trade_id": "536087f0-4dea-4fae-99c7-7474a2bf9af7",
            "ticker": "HIGHCHI-24JUN22-B94.5",
            "count": 4,
            "created_time": "2024-06-22T17:13:11.928849Z",
            "yes_price": 70,
            "no_price": 30,
            "taker_side": "no"
        },
        {
            "trade_id": "f1e781d0-2f4f-474d-8208-a28078db36ce",
            "ticker": "HIGHCHI-24JUN22-B94.5",
            "count": 1,
            "created_time": "2024-06-22T16:20:42.904925Z",
            "yes_price": 70,
            "no_price": 30,
            "taker_side": "yes"
        },
        {
            "trade_id": "8366f5a1-c5fc-426a-a800-649275f2a41e",
            "ticker": "HIGHCHI-24JUN22-B94.5",
            "count": 5,
            "created_time": "2024-06-22T15:10:32.985568Z",
            "yes_price": 75,
            "no_price": 25,
            "taker_side": "yes"
        },
        {
            "trade_id": "904c8373-e6a7-43be-81cc-4215c3c2486f",
            "ticker": "HIGHCHI-24JUN22-B94.5",
            "count": 1,
            "created_time": "2024-06-22T15:05:40.44066Z",
            "yes_price": 43,
            "no_price": 57,
            "taker_side": "no"
        },
        {
            "trade_id": "e2ce4783-b073-4380-8ddd-87a3c97614d6",
            "ticker": "HIGHCHI-24JUN22-B94.5",
            "count": 24,
            "created_time": "2024-06-22T14:55:41.574399Z",
            "yes_price": 41,
            "no_price": 59,
            "taker_side": "no"
        },
        {
            "trade_id": "611b8e2d-aa43-4a01-968e-07ccbb62d520",
            "ticker": "HIGHCHI-24JUN22-B94.5",
            "count": 79,
            "created_time": "2024-06-22T13:59:18.262716Z",
            "yes_price": 49,
            "no_price": 51,
            "taker_side": "yes"
        },
        {
            "trade_id": "60f2b6bb-ceae-4cc1-9024-47855a26977f",
            "ticker": "HIGHCHI-24JUN22-B94.5",
            "count": 19,
            "created_time": "2024-06-22T13:59:18.262716Z",
            "yes_price": 51,
            "no_price": 49,
            "taker_side": "yes"
        },
        {
            "trade_id": "de09872b-d836-4597-8ee5-549fd74d96d9",
            "ticker": "HIGHCHI-24JUN22-B94.5",
            "count": 15,
            "created_time": "2024-06-22T13:56:21.417403Z",
            "yes_price": 48,
            "no_price": 52,
            "taker_side": "yes"
        },
        {
            "trade_id": "841c3c07-e6c3-4eab-bfb9-477748164f32",
            "ticker": "HIGHCHI-24JUN22-B94.5",
            "count": 13,
            "created_time": "2024-06-22T13:56:21.417403Z",
            "yes_price": 48,
            "no_price": 52,
            "taker_side": "yes"
        },
        {
            "trade_id": "1dfa61ad-b172-4c10-b211-6db581d1d37b",
            "ticker": "HIGHCHI-24JUN22-B94.5",
            "count": 71,
            "created_time": "2024-06-22T13:56:21.417403Z",
            "yes_price": 49,
            "no_price": 51,
            "taker_side": "yes"
        },
        {
            "trade_id": "9c64f540-e9a0-4dfe-a3a8-136d7c2020ff",
            "ticker": "HIGHCHI-24JUN22-B94.5",
            "count": 2,
            "created_time": "2024-06-22T13:56:15.303156Z",
            "yes_price": 48,
            "no_price": 52,
            "taker_side": "yes"
        },
        {
            "trade_id": "e860ed78-a235-4fa4-a7a6-1b9fa70ce7e1",
            "ticker": "HIGHCHI-24JUN22-B94.5",
            "count": 5,
            "created_time": "2024-06-22T12:00:22.943003Z",
            "yes_price": 37,
            "no_price": 63,
            "taker_side": "yes"
        },
        {
            "trade_id": "2d1ee2bd-5a19-428c-8ffb-c863d92df28f",
            "ticker": "HIGHCHI-24JUN22-B94.5",
            "count": 54,
            "created_time": "2024-06-22T03:13:59.931152Z",
            "yes_price": 35,
            "no_price": 65,
            "taker_side": "yes"
        },
        {
            "trade_id": "bb87da5a-5246-4788-9a30-d8bea83f499c",
            "ticker": "HIGHCHI-24JUN22-B94.5",
            "count": 36,
            "created_time": "2024-06-22T03:13:01.310461Z",
            "yes_price": 35,
            "no_price": 65,
            "taker_side": "yes"
        },
        {
            "trade_id": "6b528052-9e30-41aa-b2c2-b125f7f38581",
            "ticker": "HIGHCHI-24JUN22-B94.5",
            "count": 72,
            "created_time": "2024-06-22T01:38:32.158286Z",
            "yes_price": 35,
            "no_price": 65,
            "taker_side": "yes"
        },
        {
            "trade_id": "657f40bb-ea4c-42b7-aa39-81a642953e41",
            "ticker": "HIGHCHI-24JUN22-B94.5",
            "count": 54,
            "created_time": "2024-06-22T01:37:45.417993Z",
            "yes_price": 35,
            "no_price": 65,
            "taker_side": "yes"
        },
        {
            "trade_id": "a6e99a9e-7488-45e7-9279-d66bd2d00774",
            "ticker": "HIGHCHI-24JUN22-B94.5",
            "count": 14,
            "created_time": "2024-06-21T23:37:22.530874Z",
            "yes_price": 34,
            "no_price": 66,
            "taker_side": "yes"
        },
        {
            "trade_id": "b76339b0-09b4-425a-9d53-61589a7f011f",
            "ticker": "HIGHCHI-24JUN22-B94.5",
            "count": 1,
            "created_time": "2024-06-21T21:08:13.144905Z",
            "yes_price": 34,
            "no_price": 66,
            "taker_side": "yes"
        },
        {
            "trade_id": "93b33255-a090-4dfc-b4cd-ff107b66652f",
            "ticker": "HIGHCHI-24JUN22-B94.5",
            "count": 96,
            "created_time": "2024-06-21T20:35:45.417786Z",
            "yes_price": 35,
            "no_price": 65,
            "taker_side": "yes"
        },
        {
            "trade_id": "2ffcdaec-32a4-47c9-881e-ec86e0e8c59c",
            "ticker": "HIGHCHI-24JUN22-B94.5",
            "count": 54,
            "created_time": "2024-06-21T20:35:45.417786Z",
            "yes_price": 33,
            "no_price": 67,
            "taker_side": "yes"
        },
        {
            "trade_id": "ce55af62-f8a7-497e-a161-5c800d48e5c0",
            "ticker": "HIGHCHI-24JUN22-B94.5",
            "count": 180,
            "created_time": "2024-06-21T19:33:39.420866Z",
            "yes_price": 33,
            "no_price": 67,
            "taker_side": "yes"
        },
        {
            "trade_id": "b6b85e3b-1a08-44c3-939b-8bfebb62e0ff",
            "ticker": "HIGHCHI-24JUN22-B94.5",
            "count": 18,
            "created_time": "2024-06-21T19:33:39.420866Z",
            "yes_price": 31,
            "no_price": 69,
            "taker_side": "yes"
        },
        {
            "trade_id": "7107c093-62b0-4de6-a388-461d76f6774c",
            "ticker": "HIGHCHI-24JUN22-B94.5",
            "count": 50,
            "created_time": "2024-06-21T18:56:30.598138Z",
            "yes_price": 33,
            "no_price": 67,
            "taker_side": "yes"
        },
        {
            "trade_id": "327226c9-d8c6-4b0e-9d7c-775d8aefc086",
            "ticker": "HIGHCHI-24JUN22-B94.5",
            "count": 36,
            "created_time": "2024-06-21T18:55:14.028661Z",
            "yes_price": 33,
            "no_price": 67,
            "taker_side": "yes"
        },
        {
            "trade_id": "cbd2bdaa-bd90-4ecd-b397-df1e5943c8bc",
            "ticker": "HIGHCHI-24JUN22-B94.5",
            "count": 90,
            "created_time": "2024-06-21T18:54:06.321113Z",
            "yes_price": 33,
            "no_price": 67,
            "taker_side": "yes"
        },
        {
            "trade_id": "11dad2e6-a9b7-49ab-9387-3f6500a84f1e",
            "ticker": "HIGHCHI-24JUN22-B94.5",
            "count": 90,
            "created_time": "2024-06-21T18:53:30.556571Z",
            "yes_price": 32,
            "no_price": 68,
            "taker_side": "yes"
        },
        {
            "trade_id": "56695e40-ec37-49bf-ab36-adff4a6d04ca",
            "ticker": "HIGHCHI-24JUN22-B94.5",
            "count": 108,
            "created_time": "2024-06-21T18:53:11.69439Z",
            "yes_price": 31,
            "no_price": 69,
            "taker_side": "yes"
        },
        {
            "trade_id": "508f28dd-28ce-4bb8-8689-e29db2fbaaa9",
            "ticker": "HIGHCHI-24JUN22-B94.5",
            "count": 72,
            "created_time": "2024-06-21T18:52:48.144954Z",
            "yes_price": 30,
            "no_price": 70,
            "taker_side": "yes"
        },
        {
            "trade_id": "5352603a-0627-4c38-a9c6-03e41f214046",
            "ticker": "HIGHCHI-24JUN22-B94.5",
            "count": 36,
            "created_time": "2024-06-21T18:51:45.550321Z",
            "yes_price": 30,
            "no_price": 70,
            "taker_side": "yes"
        },
        {
            "trade_id": "b6bbbcaa-b12a-4cb5-a4ca-35754f1484d7",
            "ticker": "HIGHCHI-24JUN22-B94.5",
            "count": 180,
            "created_time": "2024-06-21T18:49:22.898274Z",
            "yes_price": 31,
            "no_price": 69,
            "taker_side": "yes"
        },
        {
            "trade_id": "362d46d3-02ec-4f95-ae3f-d7e7290e7bc7",
            "ticker": "HIGHCHI-24JUN22-B94.5",
            "count": 36,
            "created_time": "2024-06-21T18:49:09.283096Z",
            "yes_price": 29,
            "no_price": 71,
            "taker_side": "yes"
        },
        {
            "trade_id": "65aac57f-f5f7-4b71-910b-9eccfdb3d636",
            "ticker": "HIGHCHI-24JUN22-B94.5",
            "count": 1,
            "created_time": "2024-06-21T15:42:00.891991Z",
            "yes_price": 31,
            "no_price": 69,
            "taker_side": "yes"
        },
        {
            "trade_id": "2522e73a-2821-4cf6-8845-9053957dd440",
            "ticker": "HIGHCHI-24JUN22-B94.5",
            "count": 5,
            "created_time": "2024-06-21T14:45:52.399135Z",
            "yes_price": 27,
            "no_price": 73,
            "taker_side": "no"
        },
        {
            "trade_id": "359249bf-8095-4acc-b045-4debb7579a76",
            "ticker": "HIGHCHI-24JUN22-B94.5",
            "count": 26,
            "created_time": "2024-06-21T14:44:15.694156Z",
            "yes_price": 32,
            "no_price": 68,
            "taker_side": "yes"
        },
        {
            "trade_id": "3cfe74e9-c134-4b8e-9bc7-b935c9e54ee0",
            "ticker": "HIGHCHI-24JUN22-B94.5",
            "count": 10,
            "created_time": "2024-06-21T14:29:28.093361Z",
            "yes_price": 32,
            "no_price": 68,
            "taker_side": "yes"
        },
        {
            "trade_id": "c85ff722-827a-4908-8f5f-eb7548c76617",
            "ticker": "HIGHCHI-24JUN22-B94.5",
            "count": 10,
            "created_time": "2024-06-21T14:23:52.851083Z",
            "yes_price": 60,
            "no_price": 40,
            "taker_side": "no"
        },
        {
            "trade_id": "a9546985-4dd3-4b3a-8df8-641747f2cf23",
            "ticker": "HIGHCHI-24JUN22-B94.5",
            "count": 10,
            "created_time": "2024-06-21T14:23:13.799117Z",
            "yes_price": 60,
            "no_price": 40,
            "taker_side": "no"
        },
        {
            "trade_id": "524638ce-5ba9-435a-b42b-29838d0c135b",
            "ticker": "HIGHCHI-24JUN22-B94.5",
            "count": 10,
            "created_time": "2024-06-21T14:10:39.759442Z",
            "yes_price": 5,
            "no_price": 95,
            "taker_side": "no"
        }
    ],
    "HIGHCHI-24JUN22-B96.5": [
        {
            "trade_id": "13306d4d-84ac-4565-b1c1-25fa4d361989",
            "ticker": "HIGHCHI-24JUN22-B96.5",
            "count": 93,
            "created_time": "2024-06-23T01:39:05.151859Z",
            "yes_price": 2,
            "no_price": 98,
            "taker_side": "yes"
        },
        {
            "trade_id": "ed5f3049-8bad-4eb3-b320-b7e69b7bd725",
            "ticker": "HIGHCHI-24JUN22-B96.5",
            "count": 16,
            "created_time": "2024-06-23T01:29:33.703388Z",
            "yes_price": 1,
            "no_price": 99,
            "taker_side": "yes"
        },
        {
            "trade_id": "53f32989-b064-47de-badb-7e3831911a2a",
            "ticker": "HIGHCHI-24JUN22-B96.5",
            "count": 14,
            "created_time": "2024-06-23T01:29:33.703388Z",
            "yes_price": 2,
            "no_price": 98,
            "taker_side": "yes"
        },
        {
            "trade_id": "c0db6519-b565-4e52-9181-7d280d2f2cdb",
            "ticker": "HIGHCHI-24JUN22-B96.5",
            "count": 16,
            "created_time": "2024-06-22T20:57:33.758817Z",
            "yes_price": 3,
            "no_price": 97,
            "taker_side": "no"
        },
        {
            "trade_id": "c10fa6cc-6182-4da8-8490-f798bd4b4139",
            "ticker": "HIGHCHI-24JUN22-B96.5",
            "count": 25,
            "created_time": "2024-06-22T19:12:42.185767Z",
            "yes_price": 23,
            "no_price": 77,
            "taker_side": "no"
        },
        {
            "trade_id": "81b460f1-bc30-48f9-a2f8-2bd8cb29699a",
            "ticker": "HIGHCHI-24JUN22-B96.5",
            "count": 65,
            "created_time": "2024-06-22T19:10:37.04291Z",
            "yes_price": 23,
            "no_price": 77,
            "taker_side": "no"
        },
        {
            "trade_id": "236eb3eb-a7cb-4a7e-b89c-5c2e13db8a69",
            "ticker": "HIGHCHI-24JUN22-B96.5",
            "count": 100,
            "created_time": "2024-06-22T19:10:37.04291Z",
            "yes_price": 24,
            "no_price": 76,
            "taker_side": "no"
        },
        {
            "trade_id": "5ef6edff-7c1b-4df7-958b-9887b5d9db3f",
            "ticker": "HIGHCHI-24JUN22-B96.5",
            "count": 5,
            "created_time": "2024-06-22T18:08:35.781496Z",
            "yes_price": 23,
            "no_price": 77,
            "taker_side": "no"
        },
        {
            "trade_id": "6b23b8e2-ff22-4a81-8abe-8a1999d31c6d",
            "ticker": "HIGHCHI-24JUN22-B96.5",
            "count": 5,
            "created_time": "2024-06-22T18:08:20.444944Z",
            "yes_price": 23,
            "no_price": 77,
            "taker_side": "no"
        },
        {
            "trade_id": "f8ec43cf-3885-4094-9951-0d85e34c864f",
            "ticker": "HIGHCHI-24JUN22-B96.5",
            "count": 31,
            "created_time": "2024-06-22T17:22:38.183077Z",
            "yes_price": 29,
            "no_price": 71,
            "taker_side": "no"
        },
        {
            "trade_id": "cdf0a2c4-9af1-49df-8017-a6882e267743",
            "ticker": "HIGHCHI-24JUN22-B96.5",
            "count": 4,
            "created_time": "2024-06-22T17:13:11.882744Z",
            "yes_price": 29,
            "no_price": 71,
            "taker_side": "no"
        },
        {
            "trade_id": "bf8518db-ce24-42b6-8ec6-e50df0522d7a",
            "ticker": "HIGHCHI-24JUN22-B96.5",
            "count": 10,
            "created_time": "2024-06-22T16:39:45.172375Z",
            "yes_price": 26,
            "no_price": 74,
            "taker_side": "no"
        },
        {
            "trade_id": "aa6a742f-6f75-4358-96da-3d193e00a97d",
            "ticker": "HIGHCHI-24JUN22-B96.5",
            "count": 34,
            "created_time": "2024-06-22T16:01:22.255586Z",
            "yes_price": 33,
            "no_price": 67,
            "taker_side": "no"
        },
        {
            "trade_id": "2e069aa9-b9a1-4889-986c-ad4644820d05",
            "ticker": "HIGHCHI-24JUN22-B96.5",
            "count": 100,
            "created_time": "2024-06-22T16:00:01.991446Z",
            "yes_price": 34,
            "no_price": 66,
            "taker_side": "no"
        },
        {
            "trade_id": "d3e891a0-9926-427f-8901-bb00c0a4f9e8",
            "ticker": "HIGHCHI-24JUN22-B96.5",
            "count": 5,
            "created_time": "2024-06-22T15:10:33.044538Z",
            "yes_price": 36,
            "no_price": 64,
            "taker_side": "no"
        },
        {
            "trade_id": "5dd17e75-20f7-4f6e-8209-a51be60251cc",
            "ticker": "HIGHCHI-24JUN22-B96.5",
            "count": 1,
            "created_time": "2024-06-22T15:05:40.42975Z",
            "yes_price": 36,
            "no_price": 64,
            "taker_side": "no"
        },
        {
            "trade_id": "d5a1e63b-8c1e-475b-8fd8-022a2d8d612f",
            "ticker": "HIGHCHI-24JUN22-B96.5",
            "count": 15,
            "created_time": "2024-06-22T14:22:19.83373Z",
            "yes_price": 31,
            "no_price": 69,
            "taker_side": "no"
        },
        {
            "trade_id": "a666d1a0-9458-4674-a2fe-5c08864638e3",
            "ticker": "HIGHCHI-24JUN22-B96.5",
            "count": 2,
            "created_time": "2024-06-22T14:01:51.901791Z",
            "yes_price": 28,
            "no_price": 72,
            "taker_side": "no"
        },
        {
            "trade_id": "a7160d7b-fcf8-4733-88f5-286d53d63301",
            "ticker": "HIGHCHI-24JUN22-B96.5",
            "count": 15,
            "created_time": "2024-06-22T13:54:18.693528Z",
            "yes_price": 28,
            "no_price": 72,
            "taker_side": "no"
        },
        {
            "trade_id": "28f36812-85c6-40b5-805e-daebd3a843c0",
            "ticker": "HIGHCHI-24JUN22-B96.5",
            "count": 60,
            "created_time": "2024-06-22T13:54:06.328425Z",
            "yes_price": 28,
            "no_price": 72,
            "taker_side": "yes"
        },
        {
            "trade_id": "bf759f26-95c2-4a91-a50d-68049b79f3c4",
            "ticker": "HIGHCHI-24JUN22-B96.5",
            "count": 90,
            "created_time": "2024-06-22T13:53:56.71631Z",
            "yes_price": 28,
            "no_price": 72,
            "taker_side": "no"
        },
        {
            "trade_id": "52e0ac50-a43c-415c-b10b-1b7b8a917b6b",
            "ticker": "HIGHCHI-24JUN22-B96.5",
            "count": 15,
            "created_time": "2024-06-22T13:53:48.985131Z",
            "yes_price": 30,
            "no_price": 70,
            "taker_side": "no"
        },
        {
            "trade_id": "c55161cd-fc5a-4253-a01e-fec82c8179cb",
            "ticker": "HIGHCHI-24JUN22-B96.5",
            "count": 30,
            "created_time": "2024-06-22T13:51:28.097668Z",
            "yes_price": 30,
            "no_price": 70,
            "taker_side": "no"
        },
        {
            "trade_id": "1364b353-c7b7-4fb4-9666-75e645fad5f9",
            "ticker": "HIGHCHI-24JUN22-B96.5",
            "count": 98,
            "created_time": "2024-06-22T13:00:25.493323Z",
            "yes_price": 41,
            "no_price": 59,
            "taker_side": "no"
        },
        {
            "trade_id": "af4bb969-221a-443e-81a1-faf25f3ad7d1",
            "ticker": "HIGHCHI-24JUN22-B96.5",
            "count": 36,
            "created_time": "2024-06-22T03:58:36.19811Z",
            "yes_price": 38,
            "no_price": 62,
            "taker_side": "yes"
        },
        {
            "trade_id": "639b883f-f1d5-4c1c-922b-e4b2d09e259d",
            "ticker": "HIGHCHI-24JUN22-B96.5",
            "count": 36,
            "created_time": "2024-06-22T03:56:02.665567Z",
            "yes_price": 38,
            "no_price": 62,
            "taker_side": "yes"
        },
        {
            "trade_id": "d711591c-1546-4740-ba92-af40315247fc",
            "ticker": "HIGHCHI-24JUN22-B96.5",
            "count": 90,
            "created_time": "2024-06-22T03:13:44.822966Z",
            "yes_price": 37,
            "no_price": 63,
            "taker_side": "yes"
        },
        {
            "trade_id": "b03fe5e9-733e-4b3f-8e88-da83b21efab6",
            "ticker": "HIGHCHI-24JUN22-B96.5",
            "count": 18,
            "created_time": "2024-06-22T03:13:26.190361Z",
            "yes_price": 36,
            "no_price": 64,
            "taker_side": "yes"
        },
        {
            "trade_id": "3ce6d396-f764-4ac2-8c4b-9df38466f6ab",
            "ticker": "HIGHCHI-24JUN22-B96.5",
            "count": 180,
            "created_time": "2024-06-22T03:08:38.137132Z",
            "yes_price": 37,
            "no_price": 63,
            "taker_side": "yes"
        },
        {
            "trade_id": "137eb211-dc3a-4144-8892-29ba7d5c271f",
            "ticker": "HIGHCHI-24JUN22-B96.5",
            "count": 18,
            "created_time": "2024-06-22T03:08:38.137132Z",
            "yes_price": 35,
            "no_price": 65,
            "taker_side": "yes"
        },
        {
            "trade_id": "79e66bea-ce3a-4d09-a154-d7eb2d506544",
            "ticker": "HIGHCHI-24JUN22-B96.5",
            "count": 54,
            "created_time": "2024-06-22T01:38:48.206223Z",
            "yes_price": 35,
            "no_price": 65,
            "taker_side": "yes"
        },
        {
            "trade_id": "ab80c97a-2d9e-4c71-8e28-688ec9332e98",
            "ticker": "HIGHCHI-24JUN22-B96.5",
            "count": 90,
            "created_time": "2024-06-22T01:37:29.325872Z",
            "yes_price": 35,
            "no_price": 65,
            "taker_side": "yes"
        },
        {
            "trade_id": "cd4c7b02-3144-4915-8cb5-bc38b9a8b394",
            "ticker": "HIGHCHI-24JUN22-B96.5",
            "count": 90,
            "created_time": "2024-06-22T01:37:09.843162Z",
            "yes_price": 34,
            "no_price": 66,
            "taker_side": "yes"
        },
        {
            "trade_id": "ff85fed8-e683-460c-9811-d8831dad9738",
            "ticker": "HIGHCHI-24JUN22-B96.5",
            "count": 9,
            "created_time": "2024-06-21T22:56:12.127684Z",
            "yes_price": 29,
            "no_price": 71,
            "taker_side": "no"
        },
        {
            "trade_id": "88830cb9-55c7-46e5-bc25-bcc31e5b9014",
            "ticker": "HIGHCHI-24JUN22-B96.5",
            "count": 72,
            "created_time": "2024-06-21T21:53:13.739279Z",
            "yes_price": 34,
            "no_price": 66,
            "taker_side": "yes"
        },
        {
            "trade_id": "ec8dac63-589e-4820-816f-4870539b4059",
            "ticker": "HIGHCHI-24JUN22-B96.5",
            "count": 90,
            "created_time": "2024-06-21T19:20:50.361831Z",
            "yes_price": 36,
            "no_price": 64,
            "taker_side": "yes"
        },
        {
            "trade_id": "f087835f-d7b8-42a6-8094-6865cc72bdd7",
            "ticker": "HIGHCHI-24JUN22-B96.5",
            "count": 18,
            "created_time": "2024-06-21T19:20:38.494204Z",
            "yes_price": 35,
            "no_price": 65,
            "taker_side": "yes"
        },
        {
            "trade_id": "48f9953c-3a92-4f2e-90a5-6f906987db8c",
            "ticker": "HIGHCHI-24JUN22-B96.5",
            "count": 72,
            "created_time": "2024-06-21T18:56:56.641923Z",
            "yes_price": 35,
            "no_price": 65,
            "taker_side": "no"
        },
        {
            "trade_id": "baa9dfa1-27d0-4fb2-ab36-9412625f70e4",
            "ticker": "HIGHCHI-24JUN22-B96.5",
            "count": 18,
            "created_time": "2024-06-21T18:56:46.616776Z",
            "yes_price": 34,
            "no_price": 66,
            "taker_side": "yes"
        },
        {
            "trade_id": "6af8a80c-1f36-483b-9fdc-f971cde5893e",
            "ticker": "HIGHCHI-24JUN22-B96.5",
            "count": 90,
            "created_time": "2024-06-21T18:55:24.23506Z",
            "yes_price": 35,
            "no_price": 65,
            "taker_side": "yes"
        },
        {
            "trade_id": "a8fc14d6-ce9f-41c8-bebf-479db7725d0a",
            "ticker": "HIGHCHI-24JUN22-B96.5",
            "count": 36,
            "created_time": "2024-06-21T18:54:48.045815Z",
            "yes_price": 34,
            "no_price": 66,
            "taker_side": "yes"
        },
        {
            "trade_id": "dc0f7f1f-0d31-444b-89f9-07df2f0816c5",
            "ticker": "HIGHCHI-24JUN22-B96.5",
            "count": 36,
            "created_time": "2024-06-21T18:53:53.766499Z",
            "yes_price": 34,
            "no_price": 66,
            "taker_side": "yes"
        },
        {
            "trade_id": "9ac5f7ce-462b-4430-8e20-efd58337af76",
            "ticker": "HIGHCHI-24JUN22-B96.5",
            "count": 90,
            "created_time": "2024-06-21T18:50:28.277123Z",
            "yes_price": 36,
            "no_price": 64,
            "taker_side": "yes"
        },
        {
            "trade_id": "b4ba89b8-7262-4df1-a189-c7d3a6f0e7b8",
            "ticker": "HIGHCHI-24JUN22-B96.5",
            "count": 100,
            "created_time": "2024-06-21T18:50:05.449033Z",
            "yes_price": 36,
            "no_price": 64,
            "taker_side": "yes"
        },
        {
            "trade_id": "81b94756-0ef5-4f34-a1d9-a13a1bcd0d90",
            "ticker": "HIGHCHI-24JUN22-B96.5",
            "count": 90,
            "created_time": "2024-06-21T18:49:51.203955Z",
            "yes_price": 34,
            "no_price": 66,
            "taker_side": "yes"
        },
        {
            "trade_id": "08e5e9de-e00a-4939-b9f0-cbe5107fde8a",
            "ticker": "HIGHCHI-24JUN22-B96.5",
            "count": 90,
            "created_time": "2024-06-21T17:27:50.949548Z",
            "yes_price": 35,
            "no_price": 65,
            "taker_side": "yes"
        },
        {
            "trade_id": "c0a1f113-e282-493c-8c41-5f5f23873f6d",
            "ticker": "HIGHCHI-24JUN22-B96.5",
            "count": 90,
            "created_time": "2024-06-21T17:27:35.276788Z",
            "yes_price": 34,
            "no_price": 66,
            "taker_side": "yes"
        },
        {
            "trade_id": "f833a132-5d2a-4970-be95-3779b20f84cc",
            "ticker": "HIGHCHI-24JUN22-B96.5",
            "count": 108,
            "created_time": "2024-06-21T17:27:10.344925Z",
            "yes_price": 33,
            "no_price": 67,
            "taker_side": "yes"
        },
        {
            "trade_id": "259ba037-3979-4461-8573-f5ebf1519c61",
            "ticker": "HIGHCHI-24JUN22-B96.5",
            "count": 6,
            "created_time": "2024-06-21T16:46:52.529275Z",
            "yes_price": 27,
            "no_price": 73,
            "taker_side": "no"
        },
        {
            "trade_id": "aa4f227c-dd15-4bca-9103-dcadd74a46cd",
            "ticker": "HIGHCHI-24JUN22-B96.5",
            "count": 20,
            "created_time": "2024-06-21T15:42:32.468647Z",
            "yes_price": 26,
            "no_price": 74,
            "taker_side": "no"
        },
        {
            "trade_id": "200c96e4-fca1-4502-8aba-41664ad16787",
            "ticker": "HIGHCHI-24JUN22-B96.5",
            "count": 2,
            "created_time": "2024-06-21T15:38:54.241254Z",
            "yes_price": 29,
            "no_price": 71,
            "taker_side": "yes"
        },
        {
            "trade_id": "94967de6-3ad8-43a8-af62-ae6e3f7bef4c",
            "ticker": "HIGHCHI-24JUN22-B96.5",
            "count": 10,
            "created_time": "2024-06-21T14:46:15.024474Z",
            "yes_price": 23,
            "no_price": 77,
            "taker_side": "no"
        },
        {
            "trade_id": "8853b817-585c-4c6f-b33e-05870aec529f",
            "ticker": "HIGHCHI-24JUN22-B96.5",
            "count": 10,
            "created_time": "2024-06-21T14:46:04.664983Z",
            "yes_price": 28,
            "no_price": 72,
            "taker_side": "yes"
        },
        {
            "trade_id": "1b46954d-2300-41f0-9917-3c5125ea989b",
            "ticker": "HIGHCHI-24JUN22-B96.5",
            "count": 10,
            "created_time": "2024-06-21T14:40:46.866236Z",
            "yes_price": 23,
            "no_price": 77,
            "taker_side": "no"
        },
        {
            "trade_id": "20f8f1f0-e8ab-4d39-9750-7e693e1045ca",
            "ticker": "HIGHCHI-24JUN22-B96.5",
            "count": 5,
            "created_time": "2024-06-21T14:10:28.0175Z",
            "yes_price": 5,
            "no_price": 95,
            "taker_side": "no"
        }
    ],
    "HIGHCHI-24JUN22-T97": [
        {
            "trade_id": "5de70172-5653-4998-bc4b-442af5c23124",
            "ticker": "HIGHCHI-24JUN22-T97",
            "count": 5,
            "created_time": "2024-06-22T18:08:35.782594Z",
            "yes_price": 3,
            "no_price": 97,
            "taker_side": "no"
        },
        {
            "trade_id": "b0d5daf9-61ef-49d0-bd15-09da8921f9ef",
            "ticker": "HIGHCHI-24JUN22-T97",
            "count": 8,
            "created_time": "2024-06-22T18:06:22.611327Z",
            "yes_price": 3,
            "no_price": 97,
            "taker_side": "no"
        },
        {
            "trade_id": "f9012ec4-4c0f-4799-9c1b-bf611dc59b00",
            "ticker": "HIGHCHI-24JUN22-T97",
            "count": 31,
            "created_time": "2024-06-22T17:22:38.189548Z",
            "yes_price": 3,
            "no_price": 97,
            "taker_side": "no"
        },
        {
            "trade_id": "f4a3ac1e-c85c-4b16-8292-2fa65769b2fd",
            "ticker": "HIGHCHI-24JUN22-T97",
            "count": 4,
            "created_time": "2024-06-22T17:13:11.925974Z",
            "yes_price": 3,
            "no_price": 97,
            "taker_side": "no"
        },
        {
            "trade_id": "6fe36e6d-0727-4573-ab68-bedfe578f224",
            "ticker": "HIGHCHI-24JUN22-T97",
            "count": 42,
            "created_time": "2024-06-22T16:41:49.679515Z",
            "yes_price": 4,
            "no_price": 96,
            "taker_side": "no"
        },
        {
            "trade_id": "f9731e2f-9d15-420a-bcb6-3e67d2067a81",
            "ticker": "HIGHCHI-24JUN22-T97",
            "count": 10,
            "created_time": "2024-06-22T16:40:02.272279Z",
            "yes_price": 4,
            "no_price": 96,
            "taker_side": "no"
        },
        {
            "trade_id": "719c0b87-66e1-4b16-ab64-26faf5d74bb3",
            "ticker": "HIGHCHI-24JUN22-T97",
            "count": 20,
            "created_time": "2024-06-22T16:38:41.658266Z",
            "yes_price": 4,
            "no_price": 96,
            "taker_side": "no"
        },
        {
            "trade_id": "c0b39b01-f120-4f87-928f-4635ccb11103",
            "ticker": "HIGHCHI-24JUN22-T97",
            "count": 5,
            "created_time": "2024-06-22T15:10:33.04542Z",
            "yes_price": 4,
            "no_price": 96,
            "taker_side": "no"
        },
        {
            "trade_id": "d8e4df1d-e3ee-4f39-b3e3-fc336ae59b29",
            "ticker": "HIGHCHI-24JUN22-T97",
            "count": 1,
            "created_time": "2024-06-22T15:05:40.335428Z",
            "yes_price": 20,
            "no_price": 80,
            "taker_side": "yes"
        },
        {
            "trade_id": "d798bac1-2bdd-470f-8f65-c00dd0fff140",
            "ticker": "HIGHCHI-24JUN22-T97",
            "count": 19,
            "created_time": "2024-06-22T15:05:40.335428Z",
            "yes_price": 19,
            "no_price": 81,
            "taker_side": "yes"
        },
        {
            "trade_id": "23c87766-233b-4ca4-ae34-6b9f85ab06c7",
            "ticker": "HIGHCHI-24JUN22-T97",
            "count": 300,
            "created_time": "2024-06-22T13:50:28.447687Z",
            "yes_price": 5,
            "no_price": 95,
            "taker_side": "no"
        },
        {
            "trade_id": "9de3fd52-a707-45df-ae80-272199f0a9ad",
            "ticker": "HIGHCHI-24JUN22-T97",
            "count": 36,
            "created_time": "2024-06-22T01:39:06.457636Z",
            "yes_price": 21,
            "no_price": 79,
            "taker_side": "yes"
        },
        {
            "trade_id": "dbd204a6-d47f-4408-b0c1-479bba1808f9",
            "ticker": "HIGHCHI-24JUN22-T97",
            "count": 18,
            "created_time": "2024-06-22T01:38:13.991781Z",
            "yes_price": 21,
            "no_price": 79,
            "taker_side": "yes"
        },
        {
            "trade_id": "361b5d98-2c39-4537-b64d-38a12c2e086b",
            "ticker": "HIGHCHI-24JUN22-T97",
            "count": 108,
            "created_time": "2024-06-22T01:37:53.390638Z",
            "yes_price": 21,
            "no_price": 79,
            "taker_side": "yes"
        },
        {
            "trade_id": "bdefa08e-fd96-43c4-b95b-10fc3fba92ea",
            "ticker": "HIGHCHI-24JUN22-T97",
            "count": 64,
            "created_time": "2024-06-21T22:08:26.677651Z",
            "yes_price": 26,
            "no_price": 74,
            "taker_side": "no"
        },
        {
            "trade_id": "0316905b-d6e2-47ea-8fee-78c4ae639d5b",
            "ticker": "HIGHCHI-24JUN22-T97",
            "count": 36,
            "created_time": "2024-06-21T21:53:26.014494Z",
            "yes_price": 26,
            "no_price": 74,
            "taker_side": "no"
        },
        {
            "trade_id": "02ec5714-96db-43f5-9d11-cb7c242b1902",
            "ticker": "HIGHCHI-24JUN22-T97",
            "count": 18,
            "created_time": "2024-06-21T21:40:27.62276Z",
            "yes_price": 26,
            "no_price": 74,
            "taker_side": "no"
        },
        {
            "trade_id": "d0ffcac9-7d55-48a8-841f-51b132b38418",
            "ticker": "HIGHCHI-24JUN22-T97",
            "count": 108,
            "created_time": "2024-06-21T21:38:09.709725Z",
            "yes_price": 28,
            "no_price": 72,
            "taker_side": "yes"
        },
        {
            "trade_id": "77536e7f-af88-4489-b1ce-a0ff9cba2af2",
            "ticker": "HIGHCHI-24JUN22-T97",
            "count": 108,
            "created_time": "2024-06-21T21:37:48.906112Z",
            "yes_price": 27,
            "no_price": 73,
            "taker_side": "yes"
        },
        {
            "trade_id": "b46080d5-76a4-405a-9ca8-03421ee02b15",
            "ticker": "HIGHCHI-24JUN22-T97",
            "count": 10,
            "created_time": "2024-06-21T21:37:38.798508Z",
            "yes_price": 26,
            "no_price": 74,
            "taker_side": "yes"
        },
        {
            "trade_id": "aae453e3-7ee8-46e4-91c1-e692a61292e9",
            "ticker": "HIGHCHI-24JUN22-T97",
            "count": 108,
            "created_time": "2024-06-21T21:37:38.798508Z",
            "yes_price": 26,
            "no_price": 74,
            "taker_side": "yes"
        },
        {
            "trade_id": "1642fc61-bd12-4dea-9b71-3dbe960495da",
            "ticker": "HIGHCHI-24JUN22-T97",
            "count": 126,
            "created_time": "2024-06-21T21:37:28.698043Z",
            "yes_price": 25,
            "no_price": 75,
            "taker_side": "yes"
        },
        {
            "trade_id": "2ad52b7d-54aa-49a3-83b6-8aba68de8714",
            "ticker": "HIGHCHI-24JUN22-T97",
            "count": 36,
            "created_time": "2024-06-21T21:37:21.034272Z",
            "yes_price": 24,
            "no_price": 76,
            "taker_side": "yes"
        },
        {
            "trade_id": "f8f4124b-4db9-4ca3-bb49-8eaf6783bfe3",
            "ticker": "HIGHCHI-24JUN22-T97",
            "count": 18,
            "created_time": "2024-06-21T21:37:10.826294Z",
            "yes_price": 22,
            "no_price": 78,
            "taker_side": "yes"
        },
        {
            "trade_id": "21d217fd-eae9-4ae2-bc69-3a5047be03ba",
            "ticker": "HIGHCHI-24JUN22-T97",
            "count": 180,
            "created_time": "2024-06-21T21:37:10.826294Z",
            "yes_price": 24,
            "no_price": 76,
            "taker_side": "yes"
        },
        {
            "trade_id": "969c698c-3738-4b55-a137-6d635db9b925",
            "ticker": "HIGHCHI-24JUN22-T97",
            "count": 1,
            "created_time": "2024-06-21T17:30:22.791307Z",
            "yes_price": 22,
            "no_price": 78,
            "taker_side": "no"
        },
        {
            "trade_id": "8e17df39-c4ed-4b19-92d1-674c5f1e575c",
            "ticker": "HIGHCHI-24JUN22-T97",
            "count": 46,
            "created_time": "2024-06-21T17:15:59.261219Z",
            "yes_price": 22,
            "no_price": 78,
            "taker_side": "no"
        },
        {
            "trade_id": "229bd8d1-9b1c-4d39-b851-8a01688408e5",
            "ticker": "HIGHCHI-24JUN22-T97",
            "count": 54,
            "created_time": "2024-06-21T17:15:48.681198Z",
            "yes_price": 23,
            "no_price": 77,
            "taker_side": "no"
        },
        {
            "trade_id": "16cfeabf-d938-4988-804b-4b73c085ea19",
            "ticker": "HIGHCHI-24JUN22-T97",
            "count": 2,
            "created_time": "2024-06-21T15:28:39.197524Z",
            "yes_price": 16,
            "no_price": 84,
            "taker_side": "yes"
        },
        {
            "trade_id": "98b575d3-9b29-43ad-8d66-a127737569f9",
            "ticker": "HIGHCHI-24JUN22-T97",
            "count": 10,
            "created_time": "2024-06-21T14:41:40.459176Z",
            "yes_price": 11,
            "no_price": 89,
            "taker_side": "no"
        }
    ]
}