{
    "HIGHCHI-24OCT16-T52": [
        {
            "trade_id": "ab88c835-539d-4804-9f77-4b4f6bb1b65d",
            "ticker": "HIGHCHI-24OCT16-T52",
            "count": 23,
            "created_time": "2024-10-15T23:48:33.623052Z",
            "yes_price": 1,
            "no_price": 99,
            "taker_side": "no"
        },
        {
            "trade_id": "7852926c-ba33-411d-9c09-917021a39496",
            "ticker": "HIGHCHI-24OCT16-T52",
            "count": 15,
            "created_time": "2024-10-15T23:44:28.116538Z",
            "yes_price": 1,
            "no_price": 99,
            "taker_side": "no"
        },
        {
            "trade_id": "adddf388-374b-4374-84ee-ed88e972447a",
            "ticker": "HIGHCHI-24OCT16-T52",
            "count": 12,
            "created_time": "2024-10-15T23:37:29.886606Z",
            "yes_price": 1,
            "no_price": 99,
            "taker_side": "no"
        }
    ],
    "HIGHCHI-24OCT16-B52.5": [
        {
            "trade_id": "be549c06-0cd8-4616-9d87-d10a02876779",
            "ticker": "HIGHCHI-24OCT16-B52.5",
            "count": 50,
            "created_time": "2024-10-16T17:19:44.048113Z",
            "yes_price": 1,
            "no_price": 99,
            "taker_side": "no"
        },
        {
            "trade_id": "4940a7b9-d35c-424e-99ba-2f1a841abed5",
            "ticker": "HIGHCHI-24OCT16-B52.5",
            "count": 13,
            "created_time": "2024-10-16T17:19:34.613426Z",
            "yes_price": 2,
            "no_price": 98,
            "taker_side": "no"
        },
        {
            "trade_id": "d3fbd4eb-04e5-40bf-bfa7-7569e466ac32",
            "ticker": "HIGHCHI-24OCT16-B52.5",
            "count": 134,
            "created_time": "2024-10-16T15:18:56.926346Z",
            "yes_price": 3,
            "no_price": 97,
            "taker_side": "no"
        },
        {
            "trade_id": "c69ac02c-c898-4513-bbea-25f0a18f10f0",
            "ticker": "HIGHCHI-24OCT16-B52.5",
            "count": 212,
            "created_time": "2024-10-16T13:18:14.540763Z",
            "yes_price": 4,
            "no_price": 96,
            "taker_side": "no"
        },
        {
            "trade_id": "296ac391-5a1c-4aa1-9b4f-0636434e6b5a",
            "ticker": "HIGHCHI-24OCT16-B52.5",
            "count": 8,
            "created_time": "2024-10-16T13:11:46.111927Z",
            "yes_price": 4,
            "no_price": 96,
            "taker_side": "no"
        },
        {
            "trade_id": "6a1ff690-b711-4df7-b5f7-1991b2b164be",
            "ticker": "HIGHCHI-24OCT16-B52.5",
            "count": 30,
            "created_time": "2024-10-16T13:09:38.997644Z",
            "yes_price": 4,
            "no_price": 96,
            "taker_side": "no"
        },
        {
            "trade_id": "949c443f-aa62-4303-9cae-51a6f382ee24",
            "ticker": "HIGHCHI-24OCT16-B52.5",
            "count": 5,
            "created_time": "2024-10-16T02:04:39.235532Z",
            "yes_price": 4,
            "no_price": 96,
            "taker_side": "no"
        },
        {
            "trade_id": "68937db3-4325-4b23-8b4c-a54e70c372ff",
            "ticker": "HIGHCHI-24OCT16-B52.5",
            "count": 47,
            "created_time": "2024-10-15T23:52:35.620857Z",
            "yes_price": 3,
            "no_price": 97,
            "taker_side": "no"
        },
        {
            "trade_id": "17d8453e-e6be-4d37-8828-d6a20cb76904",
            "ticker": "HIGHCHI-24OCT16-B52.5",
            "count": 5,
            "created_time": "2024-10-15T23:48:33.789735Z",
            "yes_price": 3,
            "no_price": 97,
            "taker_side": "no"
        },
        {
            "trade_id": "8427aec9-8678-48aa-ba84-7cd5d8307f58",
            "ticker": "HIGHCHI-24OCT16-B52.5",
            "count": 23,
            "created_time": "2024-10-15T23:48:33.712208Z",
            "yes_price": 3,
            "no_price": 97,
            "taker_side": "no"
        },
        {
            "trade_id": "7906fdab-77db-48d4-a843-2060df2a6711",
            "ticker": "HIGHCHI-24OCT16-B52.5",
            "count": 23,
            "created_time": "2024-10-15T23:48:33.603403Z",
            "yes_price": 3,
            "no_price": 97,
            "taker_side": "no"
        },
        {
            "trade_id": "93e02b43-f678-4607-be6d-52192fa3e14b",
            "ticker": "HIGHCHI-24OCT16-B52.5",
            "count": 15,
            "created_time": "2024-10-15T23:44:28.096003Z",
            "yes_price": 3,
            "no_price": 97,
            "taker_side": "no"
        },
        {
            "trade_id": "f634dac4-a067-49cb-a975-58404ca11021",
            "ticker": "HIGHCHI-24OCT16-B52.5",
            "count": 12,
            "created_time": "2024-10-15T23:37:29.885566Z",
            "yes_price": 3,
            "no_price": 97,
            "taker_side": "no"
        }
    ],
    "HIGHCHI-24OCT16-B54.5": [
        {
            "trade_id": "93319a26-2b7b-4a0b-ba2e-437cc7e15fb1",
            "ticker": "HIGHCHI-24OCT16-B54.5",
            "count": 37,
            "created_time": "2024-10-16T20:26:57.724174Z",
            "yes_price": 1,
            "no_price": 99,
            "taker_side": "yes"
        },
        {
            "trade_id": "1bc03358-4748-4f9f-88b9-bf4c80daef98",
            "ticker": "HIGHCHI-24OCT16-B54.5",
            "count": 93,
            "created_time": "2024-10-16T19:45:43.978619Z",
            "yes_price": 1,
            "no_price": 99,
            "taker_side": "yes"
        },
        {
            "trade_id": "f179a914-f001-43ee-a2ed-708004e36e2e",
            "ticker": "HIGHCHI-24OCT16-B54.5",
            "count": 93,
            "created_time": "2024-10-16T19:38:23.235026Z",
            "yes_price": 1,
            "no_price": 99,
            "taker_side": "yes"
        },
        {
            "trade_id": "aecbaf59-c08e-4261-835d-c71226bfacaa",
            "ticker": "HIGHCHI-24OCT16-B54.5",
            "count": 50,
            "created_time": "2024-10-16T18:55:45.56772Z",
            "yes_price": 1,
            "no_price": 99,
            "taker_side": "no"
        },
        {
            "trade_id": "483d59e5-d32d-4ea7-aee5-7314b33ca4c3",
            "ticker": "HIGHCHI-24OCT16-B54.5",
            "count": 2,
            "created_time": "2024-10-16T18:55:45.56772Z",
            "yes_price": 2,
            "no_price": 98,
            "taker_side": "no"
        },
        {
            "trade_id": "325788f5-530e-496f-9543-4122790334bf",
            "ticker": "HIGHCHI-24OCT16-B54.5",
            "count": 1,
            "created_time": "2024-10-16T18:55:45.56772Z",
            "yes_price": 2,
            "no_price": 98,
            "taker_side": "no"
        },
        {
            "trade_id": "2d774618-944a-4f71-8937-9d2aa46d196f",
            "ticker": "HIGHCHI-24OCT16-B54.5",
            "count": 50,
            "created_time": "2024-10-16T18:17:00.141339Z",
            "yes_price": 3,
            "no_price": 97,
            "taker_side": "no"
        },
        {
            "trade_id": "f4c4dbf7-0057-4a75-9278-3e3cea519739",
            "ticker": "HIGHCHI-24OCT16-B54.5",
            "count": 5,
            "created_time": "2024-10-16T17:00:16.619583Z",
            "yes_price": 7,
            "no_price": 93,
            "taker_side": "no"
        },
        {
            "trade_id": "61afb891-270b-4686-9d19-a6a959c96853",
            "ticker": "HIGHCHI-24OCT16-B54.5",
            "count": 10,
            "created_time": "2024-10-16T16:59:22.670954Z",
            "yes_price": 3,
            "no_price": 97,
            "taker_side": "no"
        },
        {
            "trade_id": "aa040c70-3950-4862-b4d5-07fb5f66d345",
            "ticker": "HIGHCHI-24OCT16-B54.5",
            "count": 1,
            "created_time": "2024-10-16T15:51:18.100602Z",
            "yes_price": 19,
            "no_price": 81,
            "taker_side": "yes"
        },
        {
            "trade_id": "6f9a9efc-b812-4c67-b7e5-5b2137c96a5f",
            "ticker": "HIGHCHI-24OCT16-B54.5",
            "count": 90,
            "created_time": "2024-10-16T15:07:26.434054Z",
            "yes_price": 20,
            "no_price": 80,
            "taker_side": "yes"
        },
        {
            "trade_id": "2aa66874-e5cb-4fb8-8a94-9045210c070b",
            "ticker": "HIGHCHI-24OCT16-B54.5",
            "count": 4,
            "created_time": "2024-10-16T15:07:26.434054Z",
            "yes_price": 22,
            "no_price": 78,
            "taker_side": "yes"
        },
        {
            "trade_id": "0c98fc40-2a01-4f9f-a4a6-315816e2af12",
            "ticker": "HIGHCHI-24OCT16-B54.5",
            "count": 50,
            "created_time": "2024-10-16T14:57:51.704049Z",
            "yes_price": 23,
            "no_price": 77,
            "taker_side": "yes"
        },
        {
            "trade_id": "95774004-5e93-4ae2-ba32-241b5d493054",
            "ticker": "HIGHCHI-24OCT16-B54.5",
            "count": 150,
            "created_time": "2024-10-16T13:34:58.713394Z",
            "yes_price": 21,
            "no_price": 79,
            "taker_side": "yes"
        },
        {
            "trade_id": "54f1bbe8-f506-445a-a1d6-a036f03d768b",
            "ticker": "HIGHCHI-24OCT16-B54.5",
            "count": 150,
            "created_time": "2024-10-16T13:34:55.419342Z",
            "yes_price": 20,
            "no_price": 80,
            "taker_side": "yes"
        },
        {
            "trade_id": "db4b1b5e-2a76-4e64-83f7-69c4a6afceb1",
            "ticker": "HIGHCHI-24OCT16-B54.5",
            "count": 45,
            "created_time": "2024-10-16T13:34:51.898474Z",
            "yes_price": 18,
            "no_price": 82,
            "taker_side": "yes"
        },
        {
            "trade_id": "d07c939d-dbda-4030-a64f-d30ef91dc6ec",
            "ticker": "HIGHCHI-24OCT16-B54.5",
            "count": 58,
            "created_time": "2024-10-16T13:26:43.154848Z",
            "yes_price": 15,
            "no_price": 85,
            "taker_side": "no"
        },
        {
            "trade_id": "e5fc3b45-803e-45d3-afb5-854d30743e59",
            "ticker": "HIGHCHI-24OCT16-B54.5",
            "count": 26,
            "created_time": "2024-10-16T13:24:27.019184Z",
            "yes_price": 18,
            "no_price": 82,
            "taker_side": "yes"
        },
        {
            "trade_id": "a0cdaf53-34e9-4e1e-9ab2-01c47f389d74",
            "ticker": "HIGHCHI-24OCT16-B54.5",
            "count": 15,
            "created_time": "2024-10-16T13:14:34.254502Z",
            "yes_price": 17,
            "no_price": 83,
            "taker_side": "yes"
        },
        {
            "trade_id": "2afdf0e9-1c72-4c46-a1cd-1b0cfb11f842",
            "ticker": "HIGHCHI-24OCT16-B54.5",
            "count": 1,
            "created_time": "2024-10-16T13:14:34.254502Z",
            "yes_price": 19,
            "no_price": 81,
            "taker_side": "yes"
        },
        {
            "trade_id": "cd0e6b51-b1e6-41c1-a82c-852c7df59e51",
            "ticker": "HIGHCHI-24OCT16-B54.5",
            "count": 8,
            "created_time": "2024-10-16T13:11:46.1115Z",
            "yes_price": 15,
            "no_price": 85,
            "taker_side": "no"
        },
        {
            "trade_id": "2da25ddf-3134-46a6-8f4f-472b8481635d",
            "ticker": "HIGHCHI-24OCT16-B54.5",
            "count": 30,
            "created_time": "2024-10-16T13:09:38.995899Z",
            "yes_price": 15,
            "no_price": 85,
            "taker_side": "no"
        },
        {
            "trade_id": "522d0819-4950-4249-ac87-9cac459cfd0b",
            "ticker": "HIGHCHI-24OCT16-B54.5",
            "count": 15,
            "created_time": "2024-10-16T06:49:15.221749Z",
            "yes_price": 15,
            "no_price": 85,
            "taker_side": "yes"
        },
        {
            "trade_id": "0bf8e536-e5f7-4b41-b15f-f2e6a568f2d1",
            "ticker": "HIGHCHI-24OCT16-B54.5",
            "count": 25,
            "created_time": "2024-10-16T06:49:02.687406Z",
            "yes_price": 15,
            "no_price": 85,
            "taker_side": "yes"
        },
        {
            "trade_id": "66f88308-d50d-4e32-8e52-446dcbbfcad5",
            "ticker": "HIGHCHI-24OCT16-B54.5",
            "count": 110,
            "created_time": "2024-10-16T06:48:55.470505Z",
            "yes_price": 15,
            "no_price": 85,
            "taker_side": "no"
        },
        {
            "trade_id": "b0d84999-1978-4804-bb64-6c3bf50f824a",
            "ticker": "HIGHCHI-24OCT16-B54.5",
            "count": 90,
            "created_time": "2024-10-16T06:48:39.513727Z",
            "yes_price": 14,
            "no_price": 86,
            "taker_side": "yes"
        },
        {
            "trade_id": "90853bd8-7dfa-4de7-96dd-1119bb117234",
            "ticker": "HIGHCHI-24OCT16-B54.5",
            "count": 20,
            "created_time": "2024-10-16T06:28:08.544801Z",
            "yes_price": 20,
            "no_price": 80,
            "taker_side": "yes"
        },
        {
            "trade_id": "4dcfddf4-9c98-4431-ac58-fa84ceb972c8",
            "ticker": "HIGHCHI-24OCT16-B54.5",
            "count": 30,
            "created_time": "2024-10-16T06:28:08.544801Z",
            "yes_price": 18,
            "no_price": 82,
            "taker_side": "yes"
        },
        {
            "trade_id": "dd05bff9-bc77-44de-88ea-14107689ac71",
            "ticker": "HIGHCHI-24OCT16-B54.5",
            "count": 5,
            "created_time": "2024-10-16T02:04:39.206579Z",
            "yes_price": 12,
            "no_price": 88,
            "taker_side": "no"
        },
        {
            "trade_id": "7dcc2e94-3f94-4946-9d4d-1d4c826e20f0",
            "ticker": "HIGHCHI-24OCT16-B54.5",
            "count": 120,
            "created_time": "2024-10-16T02:02:59.155361Z",
            "yes_price": 16,
            "no_price": 84,
            "taker_side": "no"
        },
        {
            "trade_id": "890734f6-e9bb-4b17-920b-ade161000a65",
            "ticker": "HIGHCHI-24OCT16-B54.5",
            "count": 150,
            "created_time": "2024-10-16T02:02:51.895729Z",
            "yes_price": 15,
            "no_price": 85,
            "taker_side": "no"
        },
        {
            "trade_id": "e29ca091-17c6-4197-9dad-45fddfbd995f",
            "ticker": "HIGHCHI-24OCT16-B54.5",
            "count": 30,
            "created_time": "2024-10-16T02:02:46.599625Z",
            "yes_price": 17,
            "no_price": 83,
            "taker_side": "no"
        },
        {
            "trade_id": "17edc453-4f0f-486e-83d5-c983b30fa8a5",
            "ticker": "HIGHCHI-24OCT16-B54.5",
            "count": 11,
            "created_time": "2024-10-16T01:55:49.710238Z",
            "yes_price": 26,
            "no_price": 74,
            "taker_side": "yes"
        },
        {
            "trade_id": "91e0eac3-219c-4b43-a4ef-2cd153fb4231",
            "ticker": "HIGHCHI-24OCT16-B54.5",
            "count": 18,
            "created_time": "2024-10-16T00:45:15.975338Z",
            "yes_price": 15,
            "no_price": 85,
            "taker_side": "yes"
        },
        {
            "trade_id": "36fd7f7a-9f4c-4dd8-9f5b-57983fa470db",
            "ticker": "HIGHCHI-24OCT16-B54.5",
            "count": 11,
            "created_time": "2024-10-16T00:45:15.975338Z",
            "yes_price": 18,
            "no_price": 82,
            "taker_side": "yes"
        },
        {
            "trade_id": "4de52ea1-9b69-4af7-a0de-9cce50ba3281",
            "ticker": "HIGHCHI-24OCT16-B54.5",
            "count": 47,
            "created_time": "2024-10-15T23:52:35.61998Z",
            "yes_price": 12,
            "no_price": 88,
            "taker_side": "no"
        },
        {
            "trade_id": "93c4118c-a1ef-4029-8838-986d5535a6b5",
            "ticker": "HIGHCHI-24OCT16-B54.5",
            "count": 5,
            "created_time": "2024-10-15T23:48:33.79969Z",
            "yes_price": 12,
            "no_price": 88,
            "taker_side": "no"
        },
        {
            "trade_id": "bbbeb348-9f13-4a1c-89bd-999b514fac88",
            "ticker": "HIGHCHI-24OCT16-B54.5",
            "count": 5,
            "created_time": "2024-10-15T23:48:33.656283Z",
            "yes_price": 15,
            "no_price": 85,
            "taker_side": "no"
        },
        {
            "trade_id": "40caf22e-6fee-4341-a530-e12ccdb8d188",
            "ticker": "HIGHCHI-24OCT16-B54.5",
            "count": 23,
            "created_time": "2024-10-15T23:48:33.634663Z",
            "yes_price": 15,
            "no_price": 85,
            "taker_side": "no"
        },
        {
            "trade_id": "ea14236a-94b4-43be-b837-bd83b0ed5471",
            "ticker": "HIGHCHI-24OCT16-B54.5",
            "count": 15,
            "created_time": "2024-10-15T23:44:28.092084Z",
            "yes_price": 15,
            "no_price": 85,
            "taker_side": "no"
        },
        {
            "trade_id": "26d54021-b92b-408e-9c17-d047da248813",
            "ticker": "HIGHCHI-24OCT16-B54.5",
            "count": 45,
            "created_time": "2024-10-15T23:44:27.589132Z",
            "yes_price": 15,
            "no_price": 85,
            "taker_side": "no"
        },
        {
            "trade_id": "5e7f7ffd-59bb-474e-bc8d-9352e3debf82",
            "ticker": "HIGHCHI-24OCT16-B54.5",
            "count": 12,
            "created_time": "2024-10-15T23:37:29.914257Z",
            "yes_price": 15,
            "no_price": 85,
            "taker_side": "no"
        },
        {
            "trade_id": "d350fc7a-4d96-40bf-a439-52b3fbf0a5dd",
            "ticker": "HIGHCHI-24OCT16-B54.5",
            "count": 15,
            "created_time": "2024-10-15T23:23:04.211742Z",
            "yes_price": 16,
            "no_price": 84,
            "taker_side": "yes"
        },
        {
            "trade_id": "c1dac132-502b-4706-81f0-b20adb79573c",
            "ticker": "HIGHCHI-24OCT16-B54.5",
            "count": 13,
            "created_time": "2024-10-15T23:23:04.211742Z",
            "yes_price": 17,
            "no_price": 83,
            "taker_side": "yes"
        },
        {
            "trade_id": "7178b120-fd27-4974-9b3e-9c1df6354694",
            "ticker": "HIGHCHI-24OCT16-B54.5",
            "count": 15,
            "created_time": "2024-10-15T23:05:09.814152Z",
            "yes_price": 16,
            "no_price": 84,
            "taker_side": "yes"
        },
        {
            "trade_id": "ee012770-b4be-4ca6-b1f7-acf6f7f24c6e",
            "ticker": "HIGHCHI-24OCT16-B54.5",
            "count": 150,
            "created_time": "2024-10-15T21:30:02.791722Z",
            "yes_price": 19,
            "no_price": 81,
            "taker_side": "no"
        },
        {
            "trade_id": "61137420-bdcc-4b4b-9ff4-920324648a5d",
            "ticker": "HIGHCHI-24OCT16-B54.5",
            "count": 75,
            "created_time": "2024-10-15T21:30:02.791722Z",
            "yes_price": 21,
            "no_price": 79,
            "taker_side": "no"
        },
        {
            "trade_id": "2003f72c-d5ac-4194-9f07-afb23a97b9df",
            "ticker": "HIGHCHI-24OCT16-B54.5",
            "count": 150,
            "created_time": "2024-10-15T21:30:02.791722Z",
            "yes_price": 17,
            "no_price": 83,
            "taker_side": "no"
        },
        {
            "trade_id": "acb10562-b849-45f5-b734-e3542b9b6485",
            "ticker": "HIGHCHI-24OCT16-B54.5",
            "count": 30,
            "created_time": "2024-10-15T16:23:53.204658Z",
            "yes_price": 16,
            "no_price": 84,
            "taker_side": "yes"
        },
        {
            "trade_id": "1bce02a0-898b-4028-9fb3-1b32012ec0d8",
            "ticker": "HIGHCHI-24OCT16-B54.5",
            "count": 150,
            "created_time": "2024-10-15T16:23:53.204658Z",
            "yes_price": 18,
            "no_price": 82,
            "taker_side": "yes"
        },
        {
            "trade_id": "0d45cddf-c654-40dc-9dc0-a10c18d4b1a2",
            "ticker": "HIGHCHI-24OCT16-B54.5",
            "count": 150,
            "created_time": "2024-10-15T16:23:53.204658Z",
            "yes_price": 17,
            "no_price": 83,
            "taker_side": "yes"
        },
        {
            "trade_id": "d7e331a7-6fb5-42cc-aeb9-8d088c3507c9",
            "ticker": "HIGHCHI-24OCT16-B54.5",
            "count": 150,
            "created_time": "2024-10-15T16:23:23.585003Z",
            "yes_price": 15,
            "no_price": 85,
            "taker_side": "yes"
        },
        {
            "trade_id": "ba49aaca-a87b-4ea3-850c-a33e918a1e3f",
            "ticker": "HIGHCHI-24OCT16-B54.5",
            "count": 3,
            "created_time": "2024-10-15T16:23:23.585003Z",
            "yes_price": 14,
            "no_price": 86,
            "taker_side": "yes"
        },
        {
            "trade_id": "58e29204-ab55-49a6-a330-c5c90a4362fa",
            "ticker": "HIGHCHI-24OCT16-B54.5",
            "count": 75,
            "created_time": "2024-10-15T16:23:23.585003Z",
            "yes_price": 13,
            "no_price": 87,
            "taker_side": "yes"
        },
        {
            "trade_id": "10f8d48e-e977-4083-8c15-9f86d935f09b",
            "ticker": "HIGHCHI-24OCT16-B54.5",
            "count": 150,
            "created_time": "2024-10-15T16:23:23.585003Z",
            "yes_price": 14,
            "no_price": 86,
            "taker_side": "yes"
        },
        {
            "trade_id": "2bd36bab-02b3-4e09-a0e2-43065f34eabd",
            "ticker": "HIGHCHI-24OCT16-B54.5",
            "count": 15,
            "created_time": "2024-10-15T16:03:00.629706Z",
            "yes_price": 14,
            "no_price": 86,
            "taker_side": "yes"
        },
        {
            "trade_id": "6556b50f-ad80-4a58-8b7f-7851e713edef",
            "ticker": "HIGHCHI-24OCT16-B54.5",
            "count": 45,
            "created_time": "2024-10-15T14:20:49.653359Z",
            "yes_price": 24,
            "no_price": 76,
            "taker_side": "yes"
        }
    ],
    "HIGHCHI-24OCT16-B56.5": [
        {
            "trade_id": "ccc72ef8-e373-4835-8727-538704889a63",
            "ticker": "HIGHCHI-24OCT16-B56.5",
            "count": 183,
            "created_time": "2024-10-16T23:25:19.133852Z",
            "yes_price": 1,
            "no_price": 99,
            "taker_side": "yes"
        },
        {
            "trade_id": "e398d40b-3563-4b63-8c29-afac502ce74a",
            "ticker": "HIGHCHI-24OCT16-B56.5",
            "count": 91,
            "created_time": "2024-10-16T21:07:39.74578Z",
            "yes_price": 1,
            "no_price": 99,
            "taker_side": "yes"
        },
        {
            "trade_id": "f7d937dc-61ef-4ac4-96ae-b35cc9b9976c",
            "ticker": "HIGHCHI-24OCT16-B56.5",
            "count": 210,
            "created_time": "2024-10-16T21:07:18.460115Z",
            "yes_price": 1,
            "no_price": 99,
            "taker_side": "yes"
        },
        {
            "trade_id": "ce9aba48-e5f2-4122-bbe3-d7e1dcb1227c",
            "ticker": "HIGHCHI-24OCT16-B56.5",
            "count": 128,
            "created_time": "2024-10-16T21:07:18.460115Z",
            "yes_price": 1,
            "no_price": 99,
            "taker_side": "yes"
        },
        {
            "trade_id": "81c9bd64-531d-4f75-a8df-ba0c8efa6eb3",
            "ticker": "HIGHCHI-24OCT16-B56.5",
            "count": 265,
            "created_time": "2024-10-16T21:07:18.460115Z",
            "yes_price": 1,
            "no_price": 99,
            "taker_side": "yes"
        },
        {
            "trade_id": "5d2b99a2-6283-41e8-9abf-25d79835f474",
            "ticker": "HIGHCHI-24OCT16-B56.5",
            "count": 265,
            "created_time": "2024-10-16T21:07:18.460115Z",
            "yes_price": 1,
            "no_price": 99,
            "taker_side": "yes"
        },
        {
            "trade_id": "47f9b9ad-3d0f-421f-980f-db0ff9309d32",
            "ticker": "HIGHCHI-24OCT16-B56.5",
            "count": 1000,
            "created_time": "2024-10-16T21:07:18.460115Z",
            "yes_price": 1,
            "no_price": 99,
            "taker_side": "yes"
        },
        {
            "trade_id": "fc3087f2-ec5f-458b-ac95-4e520a2fa7cd",
            "ticker": "HIGHCHI-24OCT16-B56.5",
            "count": 5,
            "created_time": "2024-10-16T20:55:57.661465Z",
            "yes_price": 2,
            "no_price": 98,
            "taker_side": "no"
        },
        {
            "trade_id": "9254ced1-13c2-4612-8a2b-706021d014fc",
            "ticker": "HIGHCHI-24OCT16-B56.5",
            "count": 50,
            "created_time": "2024-10-16T20:55:57.661465Z",
            "yes_price": 1,
            "no_price": 99,
            "taker_side": "no"
        },
        {
            "trade_id": "6186fa97-c6a8-4913-b693-b7e10b4ad5a1",
            "ticker": "HIGHCHI-24OCT16-B56.5",
            "count": 1,
            "created_time": "2024-10-16T20:18:15.111332Z",
            "yes_price": 66,
            "no_price": 34,
            "taker_side": "no"
        },
        {
            "trade_id": "759ffa98-3794-4ced-9d9b-94d13791df6d",
            "ticker": "HIGHCHI-24OCT16-B56.5",
            "count": 117,
            "created_time": "2024-10-16T20:05:18.960149Z",
            "yes_price": 50,
            "no_price": 50,
            "taker_side": "no"
        },
        {
            "trade_id": "f8e194dd-c7c4-45f0-9a20-0ea160400f78",
            "ticker": "HIGHCHI-24OCT16-B56.5",
            "count": 9,
            "created_time": "2024-10-16T19:59:51.665212Z",
            "yes_price": 44,
            "no_price": 56,
            "taker_side": "no"
        },
        {
            "trade_id": "7c1ebc09-1157-4034-b22c-5b0536b07db4",
            "ticker": "HIGHCHI-24OCT16-B56.5",
            "count": 10,
            "created_time": "2024-10-16T19:35:57.639418Z",
            "yes_price": 96,
            "no_price": 4,
            "taker_side": "yes"
        },
        {
            "trade_id": "b62f016f-1553-4cd5-871b-1876c330e12f",
            "ticker": "HIGHCHI-24OCT16-B56.5",
            "count": 1,
            "created_time": "2024-10-16T19:21:07.901624Z",
            "yes_price": 44,
            "no_price": 56,
            "taker_side": "no"
        },
        {
            "trade_id": "9d55d56b-cf75-45c8-8f0c-56a5dc98a185",
            "ticker": "HIGHCHI-24OCT16-B56.5",
            "count": 7,
            "created_time": "2024-10-16T18:17:54.837888Z",
            "yes_price": 41,
            "no_price": 59,
            "taker_side": "no"
        },
        {
            "trade_id": "23ba2e15-f526-43eb-900e-b9542ff9ec65",
            "ticker": "HIGHCHI-24OCT16-B56.5",
            "count": 24,
            "created_time": "2024-10-16T18:16:39.476276Z",
            "yes_price": 40,
            "no_price": 60,
            "taker_side": "no"
        },
        {
            "trade_id": "afffb664-78c4-4a73-935a-6b3b97224e08",
            "ticker": "HIGHCHI-24OCT16-B56.5",
            "count": 3,
            "created_time": "2024-10-16T17:04:37.717093Z",
            "yes_price": 35,
            "no_price": 65,
            "taker_side": "no"
        },
        {
            "trade_id": "aa98217d-7993-41bd-8241-9d455d184721",
            "ticker": "HIGHCHI-24OCT16-B56.5",
            "count": 3,
            "created_time": "2024-10-16T17:04:37.717093Z",
            "yes_price": 66,
            "no_price": 34,
            "taker_side": "no"
        },
        {
            "trade_id": "781db631-e314-4945-bfe6-ee9d2bf2fbb5",
            "ticker": "HIGHCHI-24OCT16-B56.5",
            "count": 10,
            "created_time": "2024-10-16T17:04:37.717093Z",
            "yes_price": 65,
            "no_price": 35,
            "taker_side": "no"
        },
        {
            "trade_id": "641a8a48-273e-44da-9742-52f94c01461f",
            "ticker": "HIGHCHI-24OCT16-B56.5",
            "count": 69,
            "created_time": "2024-10-16T17:04:37.717093Z",
            "yes_price": 7,
            "no_price": 93,
            "taker_side": "no"
        },
        {
            "trade_id": "5fa9493f-a2d2-4981-be49-4dd4e752a353",
            "ticker": "HIGHCHI-24OCT16-B56.5",
            "count": 98,
            "created_time": "2024-10-16T17:04:37.717093Z",
            "yes_price": 63,
            "no_price": 37,
            "taker_side": "no"
        },
        {
            "trade_id": "c56bfe03-2055-46b2-8f3a-15b067bccba0",
            "ticker": "HIGHCHI-24OCT16-B56.5",
            "count": 1,
            "created_time": "2024-10-16T16:26:54.334923Z",
            "yes_price": 77,
            "no_price": 23,
            "taker_side": "yes"
        },
        {
            "trade_id": "7da2e2e7-6c04-4a09-81b1-ddb4596634ff",
            "ticker": "HIGHCHI-24OCT16-B56.5",
            "count": 1,
            "created_time": "2024-10-16T15:02:02.942955Z",
            "yes_price": 69,
            "no_price": 31,
            "taker_side": "yes"
        },
        {
            "trade_id": "c46c57f5-f18a-46a4-a58e-e6f7f9128c02",
            "ticker": "HIGHCHI-24OCT16-B56.5",
            "count": 95,
            "created_time": "2024-10-16T14:59:02.130394Z",
            "yes_price": 63,
            "no_price": 37,
            "taker_side": "yes"
        },
        {
            "trade_id": "8ce40bd9-3e1d-41eb-bf02-1f4c8e5fc840",
            "ticker": "HIGHCHI-24OCT16-B56.5",
            "count": 15,
            "created_time": "2024-10-16T14:59:02.130394Z",
            "yes_price": 61,
            "no_price": 39,
            "taker_side": "yes"
        },
        {
            "trade_id": "4ac12cda-1e12-4ef0-ae63-827dc04494cb",
            "ticker": "HIGHCHI-24OCT16-B56.5",
            "count": 20,
            "created_time": "2024-10-16T14:58:48.841081Z",
            "yes_price": 59,
            "no_price": 41,
            "taker_side": "no"
        },
        {
            "trade_id": "96332678-b100-4b93-8d9e-c64bdad606c3",
            "ticker": "HIGHCHI-24OCT16-B56.5",
            "count": 150,
            "created_time": "2024-10-16T14:56:27.769595Z",
            "yes_price": 64,
            "no_price": 36,
            "taker_side": "yes"
        },
        {
            "trade_id": "3d991d02-fe5c-4040-9a2e-137bfaac8ab2",
            "ticker": "HIGHCHI-24OCT16-B56.5",
            "count": 60,
            "created_time": "2024-10-16T14:56:27.769595Z",
            "yes_price": 62,
            "no_price": 38,
            "taker_side": "yes"
        },
        {
            "trade_id": "912ee4bb-5ed0-43c6-8aa7-a73593825f1f",
            "ticker": "HIGHCHI-24OCT16-B56.5",
            "count": 15,
            "created_time": "2024-10-16T14:34:35.497564Z",
            "yes_price": 61,
            "no_price": 39,
            "taker_side": "yes"
        },
        {
            "trade_id": "7711b1bf-c0c5-466e-9b50-1451fd66516c",
            "ticker": "HIGHCHI-24OCT16-B56.5",
            "count": 45,
            "created_time": "2024-10-16T13:46:47.61441Z",
            "yes_price": 60,
            "no_price": 40,
            "taker_side": "yes"
        },
        {
            "trade_id": "01dc2dce-3e48-44a3-bbcf-cd31b391b7e6",
            "ticker": "HIGHCHI-24OCT16-B56.5",
            "count": 8,
            "created_time": "2024-10-16T13:45:20.865304Z",
            "yes_price": 60,
            "no_price": 40,
            "taker_side": "yes"
        },
        {
            "trade_id": "f9a90f92-9b98-4d9d-bccb-1e277dfcae0b",
            "ticker": "HIGHCHI-24OCT16-B56.5",
            "count": 8,
            "created_time": "2024-10-16T13:11:46.043706Z",
            "yes_price": 61,
            "no_price": 39,
            "taker_side": "yes"
        },
        {
            "trade_id": "a875d7b0-c8fe-45a3-a40a-ac8f165a784e",
            "ticker": "HIGHCHI-24OCT16-B56.5",
            "count": 30,
            "created_time": "2024-10-16T13:09:38.896011Z",
            "yes_price": 60,
            "no_price": 40,
            "taker_side": "yes"
        },
        {
            "trade_id": "a4f53cc2-b861-4fed-8638-093cb1f264e0",
            "ticker": "HIGHCHI-24OCT16-B56.5",
            "count": 60,
            "created_time": "2024-10-16T13:09:38.896011Z",
            "yes_price": 60,
            "no_price": 40,
            "taker_side": "yes"
        },
        {
            "trade_id": "366bb87b-ecd8-4501-9131-202d2b663e15",
            "ticker": "HIGHCHI-24OCT16-B56.5",
            "count": 69,
            "created_time": "2024-10-16T13:09:38.896011Z",
            "yes_price": 62,
            "no_price": 38,
            "taker_side": "yes"
        },
        {
            "trade_id": "34568d73-14c0-4b57-b262-45a26a925280",
            "ticker": "HIGHCHI-24OCT16-B56.5",
            "count": 32,
            "created_time": "2024-10-16T12:22:34.86769Z",
            "yes_price": 59,
            "no_price": 41,
            "taker_side": "yes"
        },
        {
            "trade_id": "7c35b791-d7bd-494e-be73-1405f3e95026",
            "ticker": "HIGHCHI-24OCT16-B56.5",
            "count": 2,
            "created_time": "2024-10-16T05:29:12.514908Z",
            "yes_price": 60,
            "no_price": 40,
            "taker_side": "yes"
        },
        {
            "trade_id": "202d00ab-f82e-4dd3-b7e3-b936e9375787",
            "ticker": "HIGHCHI-24OCT16-B56.5",
            "count": 5,
            "created_time": "2024-10-16T05:29:12.514908Z",
            "yes_price": 62,
            "no_price": 38,
            "taker_side": "yes"
        },
        {
            "trade_id": "515a4ef0-2714-46dc-a50b-368bf1c96f48",
            "ticker": "HIGHCHI-24OCT16-B56.5",
            "count": 5,
            "created_time": "2024-10-16T02:04:39.229381Z",
            "yes_price": 56,
            "no_price": 44,
            "taker_side": "no"
        },
        {
            "trade_id": "27d55a68-e35f-4676-ac7e-17c48a0f2200",
            "ticker": "HIGHCHI-24OCT16-B56.5",
            "count": 150,
            "created_time": "2024-10-16T02:03:31.730015Z",
            "yes_price": 61,
            "no_price": 39,
            "taker_side": "yes"
        },
        {
            "trade_id": "770a60c2-db57-44a8-aeb1-26f385b99587",
            "ticker": "HIGHCHI-24OCT16-B56.5",
            "count": 75,
            "created_time": "2024-10-16T02:03:26.743089Z",
            "yes_price": 58,
            "no_price": 42,
            "taker_side": "yes"
        },
        {
            "trade_id": "d0fb6483-86fe-41bc-9bc7-8109662f0570",
            "ticker": "HIGHCHI-24OCT16-B56.5",
            "count": 47,
            "created_time": "2024-10-15T23:52:35.533806Z",
            "yes_price": 47,
            "no_price": 53,
            "taker_side": "no"
        },
        {
            "trade_id": "05516646-e2ec-4fea-9123-d45991a8e97b",
            "ticker": "HIGHCHI-24OCT16-B56.5",
            "count": 45,
            "created_time": "2024-10-15T23:52:28.407061Z",
            "yes_price": 47,
            "no_price": 53,
            "taker_side": "no"
        },
        {
            "trade_id": "fdb02207-eb77-406a-b7ed-a093b919d9c0",
            "ticker": "HIGHCHI-24OCT16-B56.5",
            "count": 30,
            "created_time": "2024-10-15T23:48:33.86788Z",
            "yes_price": 47,
            "no_price": 53,
            "taker_side": "no"
        },
        {
            "trade_id": "179ab739-d341-41c3-a48a-7b66aae89315",
            "ticker": "HIGHCHI-24OCT16-B56.5",
            "count": 5,
            "created_time": "2024-10-15T23:48:33.718071Z",
            "yes_price": 47,
            "no_price": 53,
            "taker_side": "no"
        },
        {
            "trade_id": "20f4d1a4-3aca-4ca4-a6ab-ba6e844f7eb6",
            "ticker": "HIGHCHI-24OCT16-B56.5",
            "count": 23,
            "created_time": "2024-10-15T23:48:33.684342Z",
            "yes_price": 47,
            "no_price": 53,
            "taker_side": "no"
        },
        {
            "trade_id": "9e1bf4ce-5a3d-4509-b64a-894fbe5ed6ca",
            "ticker": "HIGHCHI-24OCT16-B56.5",
            "count": 23,
            "created_time": "2024-10-15T23:48:33.635567Z",
            "yes_price": 47,
            "no_price": 53,
            "taker_side": "no"
        },
        {
            "trade_id": "4a5ceb70-c3d2-4c0a-803c-9e6512dd7060",
            "ticker": "HIGHCHI-24OCT16-B56.5",
            "count": 15,
            "created_time": "2024-10-15T23:44:28.024212Z",
            "yes_price": 47,
            "no_price": 53,
            "taker_side": "no"
        },
        {
            "trade_id": "c097df44-53d5-405c-855e-9ca09fac0040",
            "ticker": "HIGHCHI-24OCT16-B56.5",
            "count": 12,
            "created_time": "2024-10-15T23:37:29.867067Z",
            "yes_price": 47,
            "no_price": 53,
            "taker_side": "no"
        },
        {
            "trade_id": "9d82ed58-d5bd-4459-bf07-30968f10ac15",
            "ticker": "HIGHCHI-24OCT16-B56.5",
            "count": 2,
            "created_time": "2024-10-15T23:30:01.387942Z",
            "yes_price": 51,
            "no_price": 49,
            "taker_side": "yes"
        },
        {
            "trade_id": "3566105b-95a8-45a2-a293-a6908dd609a8",
            "ticker": "HIGHCHI-24OCT16-B56.5",
            "count": 1,
            "created_time": "2024-10-15T23:30:01.387942Z",
            "yes_price": 51,
            "no_price": 49,
            "taker_side": "yes"
        },
        {
            "trade_id": "accb3e49-bc08-47bf-b904-fa6240fd213f",
            "ticker": "HIGHCHI-24OCT16-B56.5",
            "count": 75,
            "created_time": "2024-10-15T16:17:17.979125Z",
            "yes_price": 48,
            "no_price": 52,
            "taker_side": "no"
        },
        {
            "trade_id": "a7d91589-a8b6-4cf9-a4cd-d1d85795d9d9",
            "ticker": "HIGHCHI-24OCT16-B56.5",
            "count": 60,
            "created_time": "2024-10-15T16:17:09.41566Z",
            "yes_price": 47,
            "no_price": 53,
            "taker_side": "no"
        },
        {
            "trade_id": "9fd2f388-be62-4311-b32d-6b5dcc2b1249",
            "ticker": "HIGHCHI-24OCT16-B56.5",
            "count": 75,
            "created_time": "2024-10-15T16:16:56.852943Z",
            "yes_price": 46,
            "no_price": 54,
            "taker_side": "no"
        },
        {
            "trade_id": "4f245e4b-f0cd-45e7-97b7-ef4a4b4606b5",
            "ticker": "HIGHCHI-24OCT16-B56.5",
            "count": 10,
            "created_time": "2024-10-15T16:16:52.449841Z",
            "yes_price": 45,
            "no_price": 55,
            "taker_side": "yes"
        },
        {
            "trade_id": "050010b0-b370-4e4a-a208-18266d1fc99a",
            "ticker": "HIGHCHI-24OCT16-B56.5",
            "count": 50,
            "created_time": "2024-10-15T16:16:47.054698Z",
            "yes_price": 45,
            "no_price": 55,
            "taker_side": "no"
        },
        {
            "trade_id": "b51124a3-5dc1-4bf1-be04-0e254bc2c779",
            "ticker": "HIGHCHI-24OCT16-B56.5",
            "count": 75,
            "created_time": "2024-10-15T16:16:35.183223Z",
            "yes_price": 45,
            "no_price": 55,
            "taker_side": "no"
        },
        {
            "trade_id": "a5ae1b4b-e87c-428e-a8a3-076de1d8fe9b",
            "ticker": "HIGHCHI-24OCT16-B56.5",
            "count": 75,
            "created_time": "2024-10-15T16:16:33.108436Z",
            "yes_price": 44,
            "no_price": 56,
            "taker_side": "yes"
        },
        {
            "trade_id": "548fe7d8-6580-4ebc-a973-62a16ea893f9",
            "ticker": "HIGHCHI-24OCT16-B56.5",
            "count": 60,
            "created_time": "2024-10-15T15:56:34.422066Z",
            "yes_price": 43,
            "no_price": 57,
            "taker_side": "no"
        }
    ],
    "HIGHCHI-24OCT16-B58.5": [
        {
            "trade_id": "df5e1f18-1eab-4640-9079-2488465503c3",
            "ticker": "HIGHCHI-24OCT16-B58.5",
            "count": 4,
            "created_time": "2024-10-17T01:10:46.853245Z",
            "yes_price": 80,
            "no_price": 20,
            "taker_side": "no"
        },
        {
            "trade_id": "99ab71d6-4663-4e44-a11d-225046a6cc45",
            "ticker": "HIGHCHI-24OCT16-B58.5",
            "count": 13,
            "created_time": "2024-10-16T21:59:19.296147Z",
            "yes_price": 95,
            "no_price": 5,
            "taker_side": "yes"
        },
        {
            "trade_id": "78182c48-c24f-4e10-bf24-3bcd13df1cae",
            "ticker": "HIGHCHI-24OCT16-B58.5",
            "count": 40,
            "created_time": "2024-10-16T21:38:29.00056Z",
            "yes_price": 99,
            "no_price": 1,
            "taker_side": "yes"
        },
        {
            "trade_id": "a3f65a51-233b-4a98-9656-d0c7aae3ba90",
            "ticker": "HIGHCHI-24OCT16-B58.5",
            "count": 10,
            "created_time": "2024-10-16T21:21:54.758511Z",
            "yes_price": 99,
            "no_price": 1,
            "taker_side": "yes"
        },
        {
            "trade_id": "a8a47c1c-948f-4eb4-8943-3c2082a6da88",
            "ticker": "HIGHCHI-24OCT16-B58.5",
            "count": 5,
            "created_time": "2024-10-16T21:15:05.533429Z",
            "yes_price": 97,
            "no_price": 3,
            "taker_side": "yes"
        },
        {
            "trade_id": "0c0eec96-0d06-4449-b17e-723165ef8da9",
            "ticker": "HIGHCHI-24OCT16-B58.5",
            "count": 5,
            "created_time": "2024-10-16T21:15:04.557863Z",
            "yes_price": 97,
            "no_price": 3,
            "taker_side": "yes"
        },
        {
            "trade_id": "0e647899-e9fb-4ebc-a7aa-dd925dc74c0d",
            "ticker": "HIGHCHI-24OCT16-B58.5",
            "count": 5,
            "created_time": "2024-10-16T21:15:03.785711Z",
            "yes_price": 97,
            "no_price": 3,
            "taker_side": "yes"
        },
        {
            "trade_id": "40b4035a-577b-4660-906b-a0f77debc7cc",
            "ticker": "HIGHCHI-24OCT16-B58.5",
            "count": 5,
            "created_time": "2024-10-16T21:15:02.486026Z",
            "yes_price": 97,
            "no_price": 3,
            "taker_side": "yes"
        },
        {
            "trade_id": "fc5c8403-d2f0-4d30-9c4b-d192de4c2de0",
            "ticker": "HIGHCHI-24OCT16-B58.5",
            "count": 5,
            "created_time": "2024-10-16T21:14:27.576903Z",
            "yes_price": 97,
            "no_price": 3,
            "taker_side": "yes"
        },
        {
            "trade_id": "6ce7074e-8bfd-4d8f-9322-0fc1a3efa1a0",
            "ticker": "HIGHCHI-24OCT16-B58.5",
            "count": 5,
            "created_time": "2024-10-16T21:00:06.054677Z",
            "yes_price": 96,
            "no_price": 4,
            "taker_side": "yes"
        },
        {
            "trade_id": "9a2b7eb6-996e-4c21-9185-8ceba60cc0a0",
            "ticker": "HIGHCHI-24OCT16-B58.5",
            "count": 5,
            "created_time": "2024-10-16T17:00:22.156784Z",
            "yes_price": 3,
            "no_price": 97,
            "taker_side": "no"
        },
        {
            "trade_id": "0d5637f9-90c9-4f90-99cf-ff5487ce27fc",
            "ticker": "HIGHCHI-24OCT16-B58.5",
            "count": 10,
            "created_time": "2024-10-16T16:59:32.073844Z",
            "yes_price": 3,
            "no_price": 97,
            "taker_side": "no"
        },
        {
            "trade_id": "49491e2b-2074-4a3d-a6fd-935c92221ca2",
            "ticker": "HIGHCHI-24OCT16-B58.5",
            "count": 47,
            "created_time": "2024-10-16T15:56:43.882038Z",
            "yes_price": 20,
            "no_price": 80,
            "taker_side": "yes"
        },
        {
            "trade_id": "31ed486d-e202-415e-ac9a-fe7d5a5fa6f1",
            "ticker": "HIGHCHI-24OCT16-B58.5",
            "count": 4,
            "created_time": "2024-10-16T15:28:15.599499Z",
            "yes_price": 14,
            "no_price": 86,
            "taker_side": "no"
        },
        {
            "trade_id": "3f238663-c28b-4e48-b93b-47730c678f8c",
            "ticker": "HIGHCHI-24OCT16-B58.5",
            "count": 23,
            "created_time": "2024-10-16T15:16:29.499753Z",
            "yes_price": 20,
            "no_price": 80,
            "taker_side": "yes"
        },
        {
            "trade_id": "1283c7bb-184f-4da5-8ded-fd0e96bf1248",
            "ticker": "HIGHCHI-24OCT16-B58.5",
            "count": 12,
            "created_time": "2024-10-16T14:02:20.952664Z",
            "yes_price": 17,
            "no_price": 83,
            "taker_side": "no"
        },
        {
            "trade_id": "c3b7d042-e911-47fb-9afa-b3c1036858a2",
            "ticker": "HIGHCHI-24OCT16-B58.5",
            "count": 10,
            "created_time": "2024-10-16T13:56:03.121806Z",
            "yes_price": 17,
            "no_price": 83,
            "taker_side": "no"
        },
        {
            "trade_id": "b331d21c-6183-4ba9-997b-ca9f21ae1eee",
            "ticker": "HIGHCHI-24OCT16-B58.5",
            "count": 8,
            "created_time": "2024-10-16T13:11:46.134728Z",
            "yes_price": 22,
            "no_price": 78,
            "taker_side": "no"
        },
        {
            "trade_id": "4a0af814-db3f-4efa-bc49-1c4a58e939dd",
            "ticker": "HIGHCHI-24OCT16-B58.5",
            "count": 30,
            "created_time": "2024-10-16T13:09:38.98907Z",
            "yes_price": 23,
            "no_price": 77,
            "taker_side": "no"
        },
        {
            "trade_id": "29920a1f-2710-423f-a197-b4c72238b954",
            "ticker": "HIGHCHI-24OCT16-B58.5",
            "count": 3,
            "created_time": "2024-10-16T06:22:57.118367Z",
            "yes_price": 27,
            "no_price": 73,
            "taker_side": "yes"
        },
        {
            "trade_id": "5964b952-40f3-4d17-b620-47f2ec25c8ca",
            "ticker": "HIGHCHI-24OCT16-B58.5",
            "count": 13,
            "created_time": "2024-10-16T02:36:51.311064Z",
            "yes_price": 35,
            "no_price": 65,
            "taker_side": "yes"
        },
        {
            "trade_id": "54f98d04-56b4-4747-8333-7c63100975d0",
            "ticker": "HIGHCHI-24OCT16-B58.5",
            "count": 75,
            "created_time": "2024-10-16T02:05:10.654998Z",
            "yes_price": 29,
            "no_price": 71,
            "taker_side": "yes"
        },
        {
            "trade_id": "fc147433-b5f9-4527-989d-8dd0900e07a5",
            "ticker": "HIGHCHI-24OCT16-B58.5",
            "count": 74,
            "created_time": "2024-10-16T02:05:02.147435Z",
            "yes_price": 29,
            "no_price": 71,
            "taker_side": "yes"
        },
        {
            "trade_id": "489f6ff1-ee35-40e6-a829-142347271bd2",
            "ticker": "HIGHCHI-24OCT16-B58.5",
            "count": 1,
            "created_time": "2024-10-16T02:04:57.602489Z",
            "yes_price": 29,
            "no_price": 71,
            "taker_side": "yes"
        },
        {
            "trade_id": "8bf70f21-2dcd-4881-9cf1-b84ed5d477ca",
            "ticker": "HIGHCHI-24OCT16-B58.5",
            "count": 5,
            "created_time": "2024-10-16T02:04:39.130163Z",
            "yes_price": 28,
            "no_price": 72,
            "taker_side": "yes"
        },
        {
            "trade_id": "32d1a001-2a07-4f16-9fcb-27a60eacb883",
            "ticker": "HIGHCHI-24OCT16-B58.5",
            "count": 45,
            "created_time": "2024-10-16T02:04:39.130163Z",
            "yes_price": 28,
            "no_price": 72,
            "taker_side": "yes"
        },
        {
            "trade_id": "6287d528-dc48-4f5b-9862-c77dbfcd4191",
            "ticker": "HIGHCHI-24OCT16-B58.5",
            "count": 10,
            "created_time": "2024-10-16T01:40:34.428522Z",
            "yes_price": 25,
            "no_price": 75,
            "taker_side": "no"
        },
        {
            "trade_id": "951ac3b4-44b2-4c71-bda5-eb69830b95eb",
            "ticker": "HIGHCHI-24OCT16-B58.5",
            "count": 90,
            "created_time": "2024-10-16T01:36:35.286531Z",
            "yes_price": 25,
            "no_price": 75,
            "taker_side": "no"
        },
        {
            "trade_id": "ccf31148-3d12-4f42-8566-704c49335e73",
            "ticker": "HIGHCHI-24OCT16-B58.5",
            "count": 90,
            "created_time": "2024-10-16T01:24:36.702583Z",
            "yes_price": 25,
            "no_price": 75,
            "taker_side": "no"
        },
        {
            "trade_id": "e3c2714f-d29a-401f-8be5-d8aad0be6041",
            "ticker": "HIGHCHI-24OCT16-B58.5",
            "count": 60,
            "created_time": "2024-10-16T01:24:29.774278Z",
            "yes_price": 25,
            "no_price": 75,
            "taker_side": "no"
        },
        {
            "trade_id": "ddd723c5-5b79-409d-82e4-6a2d78844fda",
            "ticker": "HIGHCHI-24OCT16-B58.5",
            "count": 5,
            "created_time": "2024-10-15T23:57:08.758642Z",
            "yes_price": 35,
            "no_price": 65,
            "taker_side": "no"
        },
        {
            "trade_id": "a87b7ebd-7768-460b-8736-b04a364eddee",
            "ticker": "HIGHCHI-24OCT16-B58.5",
            "count": 17,
            "created_time": "2024-10-15T23:52:35.61175Z",
            "yes_price": 34,
            "no_price": 66,
            "taker_side": "no"
        },
        {
            "trade_id": "3583a097-e86a-44ba-ad94-20d6fd2a96ad",
            "ticker": "HIGHCHI-24OCT16-B58.5",
            "count": 30,
            "created_time": "2024-10-15T23:52:35.61175Z",
            "yes_price": 36,
            "no_price": 64,
            "taker_side": "no"
        },
        {
            "trade_id": "46d673bc-af42-4d42-8a36-98372a6d01fe",
            "ticker": "HIGHCHI-24OCT16-B58.5",
            "count": 5,
            "created_time": "2024-10-15T23:48:33.769108Z",
            "yes_price": 34,
            "no_price": 66,
            "taker_side": "no"
        },
        {
            "trade_id": "ae29fe48-4221-4288-902a-9a7cc8a19a49",
            "ticker": "HIGHCHI-24OCT16-B58.5",
            "count": 23,
            "created_time": "2024-10-15T23:48:33.708141Z",
            "yes_price": 34,
            "no_price": 66,
            "taker_side": "no"
        },
        {
            "trade_id": "90bffce9-b12e-4e0c-afaf-5944bfd560b6",
            "ticker": "HIGHCHI-24OCT16-B58.5",
            "count": 23,
            "created_time": "2024-10-15T23:48:33.636788Z",
            "yes_price": 34,
            "no_price": 66,
            "taker_side": "no"
        },
        {
            "trade_id": "6cec35f9-5ead-4e3b-a9d6-d7d81f2b0362",
            "ticker": "HIGHCHI-24OCT16-B58.5",
            "count": 15,
            "created_time": "2024-10-15T23:44:28.119958Z",
            "yes_price": 35,
            "no_price": 65,
            "taker_side": "no"
        },
        {
            "trade_id": "e6a01bfa-d15e-4479-b5a2-b26a3d207334",
            "ticker": "HIGHCHI-24OCT16-B58.5",
            "count": 12,
            "created_time": "2024-10-15T23:37:29.807515Z",
            "yes_price": 37,
            "no_price": 63,
            "taker_side": "yes"
        },
        {
            "trade_id": "b696f86f-6c53-4c8e-9ac0-fda90cf932e3",
            "ticker": "HIGHCHI-24OCT16-B58.5",
            "count": 14,
            "created_time": "2024-10-15T23:15:52.843431Z",
            "yes_price": 32,
            "no_price": 68,
            "taker_side": "no"
        },
        {
            "trade_id": "2f579385-22c1-4024-843f-07436124fd9d",
            "ticker": "HIGHCHI-24OCT16-B58.5",
            "count": 25,
            "created_time": "2024-10-15T19:00:47.10468Z",
            "yes_price": 21,
            "no_price": 79,
            "taker_side": "no"
        },
        {
            "trade_id": "a49facd7-3ab8-4f5d-8765-da6ce5581197",
            "ticker": "HIGHCHI-24OCT16-B58.5",
            "count": 90,
            "created_time": "2024-10-15T19:00:37.521965Z",
            "yes_price": 21,
            "no_price": 79,
            "taker_side": "no"
        },
        {
            "trade_id": "b6efdd00-a6bf-4e69-b2d9-bd5a9eabe444",
            "ticker": "HIGHCHI-24OCT16-B58.5",
            "count": 105,
            "created_time": "2024-10-15T18:04:48.140893Z",
            "yes_price": 21,
            "no_price": 79,
            "taker_side": "no"
        },
        {
            "trade_id": "32cb3c4c-f49b-4e42-8c7d-5c95d1d4c8b6",
            "ticker": "HIGHCHI-24OCT16-B58.5",
            "count": 15,
            "created_time": "2024-10-15T18:04:34.275578Z",
            "yes_price": 21,
            "no_price": 79,
            "taker_side": "no"
        },
        {
            "trade_id": "2a582bf9-acc5-4c00-8a4e-d61548140459",
            "ticker": "HIGHCHI-24OCT16-B58.5",
            "count": 15,
            "created_time": "2024-10-15T17:56:34.183874Z",
            "yes_price": 21,
            "no_price": 79,
            "taker_side": "no"
        }
    ],
    "HIGHCHI-24OCT16-T59": [
        {
            "trade_id": "6fc7e80c-441c-47ac-9f1f-57e85301b18b",
            "ticker": "HIGHCHI-24OCT16-T59",
            "count": 5,
            "created_time": "2024-10-16T20:59:36.454963Z",
            "yes_price": 1,
            "no_price": 99,
            "taker_side": "no"
        },
        {
            "trade_id": "9eafad62-3d28-46e2-b398-ae23b2e3c98b",
            "ticker": "HIGHCHI-24OCT16-T59",
            "count": 8,
            "created_time": "2024-10-16T13:11:46.108436Z",
            "yes_price": 1,
            "no_price": 99,
            "taker_side": "no"
        },
        {
            "trade_id": "facf1b50-d3c0-4d76-b09a-e6fa504816c5",
            "ticker": "HIGHCHI-24OCT16-T59",
            "count": 30,
            "created_time": "2024-10-16T13:09:39.00192Z",
            "yes_price": 1,
            "no_price": 99,
            "taker_side": "no"
        },
        {
            "trade_id": "8a7702db-326f-4d7a-8988-65d4e1bdf55c",
            "ticker": "HIGHCHI-24OCT16-T59",
            "count": 5,
            "created_time": "2024-10-16T02:04:39.22831Z",
            "yes_price": 4,
            "no_price": 96,
            "taker_side": "no"
        },
        {
            "trade_id": "d35a8193-88f8-4863-a09b-ec13ea09d42d",
            "ticker": "HIGHCHI-24OCT16-T59",
            "count": 47,
            "created_time": "2024-10-15T23:52:35.645868Z",
            "yes_price": 6,
            "no_price": 94,
            "taker_side": "no"
        },
        {
            "trade_id": "fbf72bb2-3a85-4f27-8d14-ac44b81ddeba",
            "ticker": "HIGHCHI-24OCT16-T59",
            "count": 1,
            "created_time": "2024-10-15T23:52:28.611579Z",
            "yes_price": 5,
            "no_price": 95,
            "taker_side": "yes"
        },
        {
            "trade_id": "b77f1327-0624-41ac-a1c3-b389542cf08b",
            "ticker": "HIGHCHI-24OCT16-T59",
            "count": 5,
            "created_time": "2024-10-15T23:52:28.611579Z",
            "yes_price": 5,
            "no_price": 95,
            "taker_side": "yes"
        },
        {
            "trade_id": "ab4a2ba2-6e67-413b-b246-97567fcd6d35",
            "ticker": "HIGHCHI-24OCT16-T59",
            "count": 22,
            "created_time": "2024-10-15T23:48:33.695944Z",
            "yes_price": 5,
            "no_price": 95,
            "taker_side": "no"
        },
        {
            "trade_id": "7e356abf-d057-43cd-843d-b97c7dcee049",
            "ticker": "HIGHCHI-24OCT16-T59",
            "count": 23,
            "created_time": "2024-10-15T23:48:33.626813Z",
            "yes_price": 5,
            "no_price": 95,
            "taker_side": "no"
        },
        {
            "trade_id": "1ed5c634-fa3e-4006-9627-76820eed2831",
            "ticker": "HIGHCHI-24OCT16-T59",
            "count": 15,
            "created_time": "2024-10-15T23:44:28.098455Z",
            "yes_price": 3,
            "no_price": 97,
            "taker_side": "no"
        },
        {
            "trade_id": "a5568cd0-1df9-44a6-8315-189c0b5d11ff",
            "ticker": "HIGHCHI-24OCT16-T59",
            "count": 12,
            "created_time": "2024-10-15T23:37:29.911486Z",
            "yes_price": 1,
            "no_price": 99,
            "taker_side": "no"
        }
    ]
}