{
    "KXHIGHCHI-24DEC27-T46": [
        {
            "trade_id": "2a0db948-fd6f-41a4-9984-3d92058163ce",
            "ticker": "KXHIGHCHI-24DEC27-T46",
            "count": 46,
            "created_time": "2024-12-27T20:25:57.202846Z",
            "yes_price": 1,
            "no_price": 99,
            "taker_side": "yes"
        },
        {
            "trade_id": "34e1d242-b738-4733-adff-39500902e9fe",
            "ticker": "KXHIGHCHI-24DEC27-T46",
            "count": 90,
            "created_time": "2024-12-27T18:48:52.781693Z",
            "yes_price": 1,
            "no_price": 99,
            "taker_side": "yes"
        }
    ],
    "KXHIGHCHI-24DEC27-B46.5": [
        {
            "trade_id": "9d71faa4-6ddd-47f5-922a-0224b5ab6e81",
            "ticker": "KXHIGHCHI-24DEC27-B46.5",
            "count": 46,
            "created_time": "2024-12-27T20:25:51.013494Z",
            "yes_price": 1,
            "no_price": 99,
            "taker_side": "yes"
        },
        {
            "trade_id": "210397a6-073c-402e-af59-1cb42dcf06a9",
            "ticker": "KXHIGHCHI-24DEC27-B46.5",
            "count": 90,
            "created_time": "2024-12-27T18:49:25.939405Z",
            "yes_price": 1,
            "no_price": 99,
            "taker_side": "yes"
        },
        {
            "trade_id": "250794ea-ea1b-4ab4-b92a-5e8749c333f3",
            "ticker": "KXHIGHCHI-24DEC27-B46.5",
            "count": 1870,
            "created_time": "2024-12-27T14:30:25.172441Z",
            "yes_price": 1,
            "no_price": 99,
            "taker_side": "yes"
        },
        {
            "trade_id": "7c74cbfe-8360-43e6-9010-698f09c0c94a",
            "ticker": "KXHIGHCHI-24DEC27-B46.5",
            "count": 490,
            "created_time": "2024-12-27T06:02:08.330142Z",
            "yes_price": 1,
            "no_price": 99,
            "taker_side": "no"
        },
        {
            "trade_id": "52abf47c-b688-4443-8399-a3f4db1a36c9",
            "ticker": "KXHIGHCHI-24DEC27-B46.5",
            "count": 87,
            "created_time": "2024-12-26T23:20:13.469788Z",
            "yes_price": 5,
            "no_price": 95,
            "taker_side": "yes"
        },
        {
            "trade_id": "36250d7c-92ac-46e9-8b35-b72da02593aa",
            "ticker": "KXHIGHCHI-24DEC27-B46.5",
            "count": 100,
            "created_time": "2024-12-26T23:20:13.469788Z",
            "yes_price": 5,
            "no_price": 95,
            "taker_side": "yes"
        },
        {
            "trade_id": "c11d91ed-7b28-4f60-b2c8-10de0ac63579",
            "ticker": "KXHIGHCHI-24DEC27-B46.5",
            "count": 10,
            "created_time": "2024-12-26T22:38:11.369928Z",
            "yes_price": 1,
            "no_price": 99,
            "taker_side": "no"
        }
    ],
    "KXHIGHCHI-24DEC27-B48.5": [
        {
            "trade_id": "a3e73e14-4649-445e-a79d-a71db9f7e7c3",
            "ticker": "KXHIGHCHI-24DEC27-B48.5",
            "count": 93,
            "created_time": "2024-12-28T04:17:19.8234Z",
            "yes_price": 1,
            "no_price": 99,
            "taker_side": "yes"
        },
        {
            "trade_id": "09b9feca-505d-487f-99f4-dd95646d74a8",
            "ticker": "KXHIGHCHI-24DEC27-B48.5",
            "count": 6,
            "created_time": "2024-12-28T00:10:14.621411Z",
            "yes_price": 1,
            "no_price": 99,
            "taker_side": "yes"
        },
        {
            "trade_id": "49942aff-3ec7-4162-a9c4-3a7093e7ad5b",
            "ticker": "KXHIGHCHI-24DEC27-B48.5",
            "count": 467,
            "created_time": "2024-12-27T21:46:27.873004Z",
            "yes_price": 1,
            "no_price": 99,
            "taker_side": "yes"
        },
        {
            "trade_id": "0f527424-0c47-421b-a620-c54243f46b28",
            "ticker": "KXHIGHCHI-24DEC27-B48.5",
            "count": 46,
            "created_time": "2024-12-27T20:25:44.808022Z",
            "yes_price": 1,
            "no_price": 99,
            "taker_side": "yes"
        },
        {
            "trade_id": "26df6ebd-27e0-414f-861e-1ecfc8bc1ca1",
            "ticker": "KXHIGHCHI-24DEC27-B48.5",
            "count": 90,
            "created_time": "2024-12-27T18:49:45.475005Z",
            "yes_price": 1,
            "no_price": 99,
            "taker_side": "yes"
        },
        {
            "trade_id": "0785e0fb-80c2-4905-beda-fbd19ebd425a",
            "ticker": "KXHIGHCHI-24DEC27-B48.5",
            "count": 935,
            "created_time": "2024-12-27T18:05:33.594763Z",
            "yes_price": 1,
            "no_price": 99,
            "taker_side": "yes"
        },
        {
            "trade_id": "bd7bccf5-ae0b-4d63-92d8-1ccb2a4fee54",
            "ticker": "KXHIGHCHI-24DEC27-B48.5",
            "count": 467,
            "created_time": "2024-12-27T16:24:39.248873Z",
            "yes_price": 1,
            "no_price": 99,
            "taker_side": "yes"
        },
        {
            "trade_id": "c11c3aed-cac9-4e91-996a-87cfe95631c6",
            "ticker": "KXHIGHCHI-24DEC27-B48.5",
            "count": 935,
            "created_time": "2024-12-27T16:02:13.287405Z",
            "yes_price": 1,
            "no_price": 99,
            "taker_side": "yes"
        },
        {
            "trade_id": "dfa33d7a-126d-4788-a2d8-f08b76af4269",
            "ticker": "KXHIGHCHI-24DEC27-B48.5",
            "count": 150,
            "created_time": "2024-12-27T15:37:11.609885Z",
            "yes_price": 1,
            "no_price": 99,
            "taker_side": "no"
        },
        {
            "trade_id": "b0a1bf36-d287-4251-b4ff-5d33b5602788",
            "ticker": "KXHIGHCHI-24DEC27-B48.5",
            "count": 50,
            "created_time": "2024-12-27T15:37:11.609885Z",
            "yes_price": 1,
            "no_price": 99,
            "taker_side": "no"
        },
        {
            "trade_id": "629929ab-ebb9-43e2-88c5-20319ff659fa",
            "ticker": "KXHIGHCHI-24DEC27-B48.5",
            "count": 145,
            "created_time": "2024-12-27T15:37:11.609885Z",
            "yes_price": 2,
            "no_price": 98,
            "taker_side": "no"
        },
        {
            "trade_id": "61304615-8431-4db7-85e1-b88c2128d0ae",
            "ticker": "KXHIGHCHI-24DEC27-B48.5",
            "count": 8,
            "created_time": "2024-12-27T15:35:42.448665Z",
            "yes_price": 2,
            "no_price": 98,
            "taker_side": "no"
        },
        {
            "trade_id": "eed44719-93c5-435d-bd00-3de6386af0e7",
            "ticker": "KXHIGHCHI-24DEC27-B48.5",
            "count": 21,
            "created_time": "2024-12-27T15:09:38.197507Z",
            "yes_price": 7,
            "no_price": 93,
            "taker_side": "yes"
        },
        {
            "trade_id": "a24e47a8-132e-42d8-9678-d0416f9ee616",
            "ticker": "KXHIGHCHI-24DEC27-B48.5",
            "count": 81,
            "created_time": "2024-12-27T15:09:38.197507Z",
            "yes_price": 6,
            "no_price": 94,
            "taker_side": "yes"
        },
        {
            "trade_id": "3e23139f-66f8-48bc-a69b-ca88b594941f",
            "ticker": "KXHIGHCHI-24DEC27-B48.5",
            "count": 50,
            "created_time": "2024-12-27T15:09:38.197507Z",
            "yes_price": 6,
            "no_price": 94,
            "taker_side": "yes"
        },
        {
            "trade_id": "93b99970-64f6-4616-a278-50f77673243d",
            "ticker": "KXHIGHCHI-24DEC27-B48.5",
            "count": 31,
            "created_time": "2024-12-27T15:06:19.979049Z",
            "yes_price": 6,
            "no_price": 94,
            "taker_side": "yes"
        },
        {
            "trade_id": "44d60fd3-07fe-49e3-898f-7d5f25655020",
            "ticker": "KXHIGHCHI-24DEC27-B48.5",
            "count": 1,
            "created_time": "2024-12-27T14:33:12.45303Z",
            "yes_price": 2,
            "no_price": 98,
            "taker_side": "no"
        },
        {
            "trade_id": "881e6830-c17c-45a7-bc3f-2b0cf13146f5",
            "ticker": "KXHIGHCHI-24DEC27-B48.5",
            "count": 92,
            "created_time": "2024-12-27T14:30:45.703112Z",
            "yes_price": 6,
            "no_price": 94,
            "taker_side": "yes"
        },
        {
            "trade_id": "67129236-e560-4479-83e5-26470c887e72",
            "ticker": "KXHIGHCHI-24DEC27-B48.5",
            "count": 25,
            "created_time": "2024-12-27T14:30:45.703112Z",
            "yes_price": 5,
            "no_price": 95,
            "taker_side": "yes"
        },
        {
            "trade_id": "2a2d74fd-1b88-45b3-80f2-d3674cda2782",
            "ticker": "KXHIGHCHI-24DEC27-B48.5",
            "count": 145,
            "created_time": "2024-12-27T14:30:45.703112Z",
            "yes_price": 5,
            "no_price": 95,
            "taker_side": "yes"
        },
        {
            "trade_id": "95629f2c-cf2a-4b2f-b4cb-2f4471258700",
            "ticker": "KXHIGHCHI-24DEC27-B48.5",
            "count": 312,
            "created_time": "2024-12-27T13:50:12.228051Z",
            "yes_price": 5,
            "no_price": 95,
            "taker_side": "yes"
        },
        {
            "trade_id": "716862a7-61a4-42a7-97a8-4dcb0b64b540",
            "ticker": "KXHIGHCHI-24DEC27-B48.5",
            "count": 108,
            "created_time": "2024-12-27T13:50:12.228051Z",
            "yes_price": 6,
            "no_price": 94,
            "taker_side": "yes"
        },
        {
            "trade_id": "5587e94f-d3ff-483a-8218-5ddfd215e743",
            "ticker": "KXHIGHCHI-24DEC27-B48.5",
            "count": 127,
            "created_time": "2024-12-27T13:50:12.228051Z",
            "yes_price": 4,
            "no_price": 96,
            "taker_side": "yes"
        },
        {
            "trade_id": "208809f1-cd19-48a9-b327-9f39cf3cd2ad",
            "ticker": "KXHIGHCHI-24DEC27-B48.5",
            "count": 23,
            "created_time": "2024-12-27T13:50:12.228051Z",
            "yes_price": 4,
            "no_price": 96,
            "taker_side": "yes"
        },
        {
            "trade_id": "e6454723-3045-4274-ab52-1c1f4b6bac35",
            "ticker": "KXHIGHCHI-24DEC27-B48.5",
            "count": 23,
            "created_time": "2024-12-27T13:19:38.75189Z",
            "yes_price": 4,
            "no_price": 96,
            "taker_side": "yes"
        },
        {
            "trade_id": "dd0746fc-8359-4431-8ba3-52722c6b5a5f",
            "ticker": "KXHIGHCHI-24DEC27-B48.5",
            "count": 23,
            "created_time": "2024-12-27T13:07:57.543003Z",
            "yes_price": 4,
            "no_price": 96,
            "taker_side": "yes"
        },
        {
            "trade_id": "1f3f3682-8e92-49f1-b73e-7421511f258e",
            "ticker": "KXHIGHCHI-24DEC27-B48.5",
            "count": 23,
            "created_time": "2024-12-27T13:07:00.338767Z",
            "yes_price": 4,
            "no_price": 96,
            "taker_side": "yes"
        },
        {
            "trade_id": "e77c4200-0a16-44c8-a653-70af3d2491da",
            "ticker": "KXHIGHCHI-24DEC27-B48.5",
            "count": 23,
            "created_time": "2024-12-27T13:04:21.901505Z",
            "yes_price": 4,
            "no_price": 96,
            "taker_side": "yes"
        },
        {
            "trade_id": "cead351d-318e-49dd-960a-d4c2deec5876",
            "ticker": "KXHIGHCHI-24DEC27-B48.5",
            "count": 23,
            "created_time": "2024-12-27T13:03:52.565882Z",
            "yes_price": 4,
            "no_price": 96,
            "taker_side": "yes"
        },
        {
            "trade_id": "18247620-77fe-4042-97e4-fe5723ee3948",
            "ticker": "KXHIGHCHI-24DEC27-B48.5",
            "count": 46,
            "created_time": "2024-12-27T13:03:20.632147Z",
            "yes_price": 4,
            "no_price": 96,
            "taker_side": "yes"
        },
        {
            "trade_id": "2fc7de06-bef3-4d02-80bb-1afcca31674d",
            "ticker": "KXHIGHCHI-24DEC27-B48.5",
            "count": 20,
            "created_time": "2024-12-27T13:02:16.534473Z",
            "yes_price": 2,
            "no_price": 98,
            "taker_side": "no"
        },
        {
            "trade_id": "90e72aa7-e507-4754-83ad-39e225adec78",
            "ticker": "KXHIGHCHI-24DEC27-B48.5",
            "count": 11,
            "created_time": "2024-12-27T13:00:35.386097Z",
            "yes_price": 4,
            "no_price": 96,
            "taker_side": "yes"
        },
        {
            "trade_id": "9280579e-721a-4cea-8e36-daae9a59f413",
            "ticker": "KXHIGHCHI-24DEC27-B48.5",
            "count": 240,
            "created_time": "2024-12-27T13:00:29.179077Z",
            "yes_price": 3,
            "no_price": 97,
            "taker_side": "yes"
        },
        {
            "trade_id": "94c00910-a54d-4c54-9bef-f694e61b17be",
            "ticker": "KXHIGHCHI-24DEC27-B48.5",
            "count": 117,
            "created_time": "2024-12-27T07:10:36.471199Z",
            "yes_price": 4,
            "no_price": 96,
            "taker_side": "yes"
        },
        {
            "trade_id": "a7ee6382-e7c9-4d0f-9b5e-e6383fb42cfc",
            "ticker": "KXHIGHCHI-24DEC27-B48.5",
            "count": 50,
            "created_time": "2024-12-27T06:30:46.333876Z",
            "yes_price": 3,
            "no_price": 97,
            "taker_side": "no"
        },
        {
            "trade_id": "12a6bd04-8262-4997-a8bd-dbc5555f71bc",
            "ticker": "KXHIGHCHI-24DEC27-B48.5",
            "count": 8,
            "created_time": "2024-12-27T06:30:46.333876Z",
            "yes_price": 2,
            "no_price": 98,
            "taker_side": "no"
        },
        {
            "trade_id": "c87f00b4-81a2-47a8-a7a6-83dd25336198",
            "ticker": "KXHIGHCHI-24DEC27-B48.5",
            "count": 18,
            "created_time": "2024-12-27T06:26:59.171268Z",
            "yes_price": 5,
            "no_price": 95,
            "taker_side": "yes"
        },
        {
            "trade_id": "dcd8406e-37e5-4e5c-b00b-f526fdf8fb71",
            "ticker": "KXHIGHCHI-24DEC27-B48.5",
            "count": 367,
            "created_time": "2024-12-27T05:50:08.86382Z",
            "yes_price": 4,
            "no_price": 96,
            "taker_side": "no"
        },
        {
            "trade_id": "87f83304-d13f-454f-bdaf-7a40b9f5c623",
            "ticker": "KXHIGHCHI-24DEC27-B48.5",
            "count": 100,
            "created_time": "2024-12-27T05:50:08.86382Z",
            "yes_price": 2,
            "no_price": 98,
            "taker_side": "no"
        },
        {
            "trade_id": "7fce1d6f-e1cd-40e4-bfe5-f749ff588908",
            "ticker": "KXHIGHCHI-24DEC27-B48.5",
            "count": 200,
            "created_time": "2024-12-27T05:50:08.86382Z",
            "yes_price": 3,
            "no_price": 97,
            "taker_side": "no"
        },
        {
            "trade_id": "411edfd5-62d2-41a3-9da0-21b2fd3a6e23",
            "ticker": "KXHIGHCHI-24DEC27-B48.5",
            "count": 13,
            "created_time": "2024-12-27T05:50:08.86382Z",
            "yes_price": 2,
            "no_price": 98,
            "taker_side": "no"
        },
        {
            "trade_id": "3d78279f-cf62-4a4f-b675-5fbdf6311db5",
            "ticker": "KXHIGHCHI-24DEC27-B48.5",
            "count": 188,
            "created_time": "2024-12-27T05:26:09.933609Z",
            "yes_price": 4,
            "no_price": 96,
            "taker_side": "no"
        },
        {
            "trade_id": "0da89aa3-123e-4ade-919c-a77eafeecab8",
            "ticker": "KXHIGHCHI-24DEC27-B48.5",
            "count": 45,
            "created_time": "2024-12-27T05:26:09.933609Z",
            "yes_price": 4,
            "no_price": 96,
            "taker_side": "no"
        },
        {
            "trade_id": "eeac53f5-b8c7-43b3-bc41-52b3c7f7d6da",
            "ticker": "KXHIGHCHI-24DEC27-B48.5",
            "count": 58,
            "created_time": "2024-12-27T05:20:20.116576Z",
            "yes_price": 8,
            "no_price": 92,
            "taker_side": "yes"
        },
        {
            "trade_id": "e16d339c-3ecf-426a-956e-6a7039816594",
            "ticker": "KXHIGHCHI-24DEC27-B48.5",
            "count": 57,
            "created_time": "2024-12-27T04:22:10.316354Z",
            "yes_price": 8,
            "no_price": 92,
            "taker_side": "yes"
        },
        {
            "trade_id": "8d8d8207-4a84-467f-833a-ebd4acaf84e8",
            "ticker": "KXHIGHCHI-24DEC27-B48.5",
            "count": 142,
            "created_time": "2024-12-27T04:22:10.316354Z",
            "yes_price": 8,
            "no_price": 92,
            "taker_side": "yes"
        },
        {
            "trade_id": "4d68480a-1f13-4697-aa3b-df1f6f41b9c8",
            "ticker": "KXHIGHCHI-24DEC27-B48.5",
            "count": 58,
            "created_time": "2024-12-27T03:25:34.194844Z",
            "yes_price": 8,
            "no_price": 92,
            "taker_side": "yes"
        },
        {
            "trade_id": "4a149012-4943-4931-a5f7-d27ba6e11226",
            "ticker": "KXHIGHCHI-24DEC27-B48.5",
            "count": 52,
            "created_time": "2024-12-27T03:00:26.936982Z",
            "yes_price": 9,
            "no_price": 91,
            "taker_side": "yes"
        },
        {
            "trade_id": "414cce9f-a8af-427d-aaea-b60a3cd0ec51",
            "ticker": "KXHIGHCHI-24DEC27-B48.5",
            "count": 188,
            "created_time": "2024-12-27T02:13:21.897886Z",
            "yes_price": 10,
            "no_price": 90,
            "taker_side": "yes"
        },
        {
            "trade_id": "e66e3031-ee74-452e-ad33-9931cae94d5e",
            "ticker": "KXHIGHCHI-24DEC27-B48.5",
            "count": 100,
            "created_time": "2024-12-27T00:59:35.62112Z",
            "yes_price": 8,
            "no_price": 92,
            "taker_side": "yes"
        },
        {
            "trade_id": "8039fb21-5a39-479f-a7a3-195da6baba43",
            "ticker": "KXHIGHCHI-24DEC27-B48.5",
            "count": 100,
            "created_time": "2024-12-27T00:59:35.62112Z",
            "yes_price": 8,
            "no_price": 92,
            "taker_side": "yes"
        },
        {
            "trade_id": "e1756f08-48bf-42d8-8d46-21b5548ae2a7",
            "ticker": "KXHIGHCHI-24DEC27-B48.5",
            "count": 100,
            "created_time": "2024-12-27T00:48:27.600644Z",
            "yes_price": 7,
            "no_price": 93,
            "taker_side": "no"
        },
        {
            "trade_id": "d4b90e67-9cbb-4722-96ca-226d635ad21d",
            "ticker": "KXHIGHCHI-24DEC27-B48.5",
            "count": 100,
            "created_time": "2024-12-27T00:45:33.931727Z",
            "yes_price": 8,
            "no_price": 92,
            "taker_side": "no"
        },
        {
            "trade_id": "4804ba9b-eb1f-4f31-91a1-21b7233172ad",
            "ticker": "KXHIGHCHI-24DEC27-B48.5",
            "count": 100,
            "created_time": "2024-12-27T00:42:33.67863Z",
            "yes_price": 8,
            "no_price": 92,
            "taker_side": "no"
        },
        {
            "trade_id": "b6a2bd94-cee4-4232-a724-8bc042f54470",
            "ticker": "KXHIGHCHI-24DEC27-B48.5",
            "count": 100,
            "created_time": "2024-12-27T00:06:24.061371Z",
            "yes_price": 8,
            "no_price": 92,
            "taker_side": "no"
        },
        {
            "trade_id": "7de09299-eab8-44e9-aa22-87815c80411f",
            "ticker": "KXHIGHCHI-24DEC27-B48.5",
            "count": 160,
            "created_time": "2024-12-27T00:02:25.916618Z",
            "yes_price": 10,
            "no_price": 90,
            "taker_side": "yes"
        },
        {
            "trade_id": "09e749a2-c32e-4721-a84d-6f6d26b6fe26",
            "ticker": "KXHIGHCHI-24DEC27-B48.5",
            "count": 40,
            "created_time": "2024-12-27T00:02:25.916618Z",
            "yes_price": 9,
            "no_price": 91,
            "taker_side": "yes"
        },
        {
            "trade_id": "07a84c3e-8407-4a9b-b36d-84ed5867de74",
            "ticker": "KXHIGHCHI-24DEC27-B48.5",
            "count": 200,
            "created_time": "2024-12-27T00:02:25.916618Z",
            "yes_price": 9,
            "no_price": 91,
            "taker_side": "yes"
        },
        {
            "trade_id": "e91ac222-4bcf-4684-b4e7-65d074206dda",
            "ticker": "KXHIGHCHI-24DEC27-B48.5",
            "count": 240,
            "created_time": "2024-12-26T23:59:39.154418Z",
            "yes_price": 11,
            "no_price": 89,
            "taker_side": "yes"
        },
        {
            "trade_id": "d5ed8907-2e92-49b9-91d0-4d0d1cf5a0bc",
            "ticker": "KXHIGHCHI-24DEC27-B48.5",
            "count": 40,
            "created_time": "2024-12-26T23:59:39.154418Z",
            "yes_price": 10,
            "no_price": 90,
            "taker_side": "yes"
        },
        {
            "trade_id": "bb9b7f1f-bad2-468b-94c4-4082f09fda42",
            "ticker": "KXHIGHCHI-24DEC27-B48.5",
            "count": 64,
            "created_time": "2024-12-26T23:59:39.154418Z",
            "yes_price": 9,
            "no_price": 91,
            "taker_side": "yes"
        },
        {
            "trade_id": "9a06b7ef-69f7-4609-a834-b2ebe915fc31",
            "ticker": "KXHIGHCHI-24DEC27-B48.5",
            "count": 135,
            "created_time": "2024-12-26T23:59:39.154418Z",
            "yes_price": 9,
            "no_price": 91,
            "taker_side": "yes"
        },
        {
            "trade_id": "7b488aa0-f0a4-4c52-a9f0-3ecf64162c4c",
            "ticker": "KXHIGHCHI-24DEC27-B48.5",
            "count": 200,
            "created_time": "2024-12-26T23:59:39.154418Z",
            "yes_price": 10,
            "no_price": 90,
            "taker_side": "yes"
        },
        {
            "trade_id": "4eab53a0-a33f-4e66-a244-d0c8d533203d",
            "ticker": "KXHIGHCHI-24DEC27-B48.5",
            "count": 1,
            "created_time": "2024-12-26T23:59:39.154418Z",
            "yes_price": 9,
            "no_price": 91,
            "taker_side": "yes"
        },
        {
            "trade_id": "e77d31c4-666c-4d1d-ba16-900191459ffb",
            "ticker": "KXHIGHCHI-24DEC27-B48.5",
            "count": 5,
            "created_time": "2024-12-26T23:20:25.337768Z",
            "yes_price": 9,
            "no_price": 91,
            "taker_side": "yes"
        },
        {
            "trade_id": "28258e78-84f7-407f-ae77-6a46271ed763",
            "ticker": "KXHIGHCHI-24DEC27-B48.5",
            "count": 99,
            "created_time": "2024-12-26T23:20:25.337768Z",
            "yes_price": 9,
            "no_price": 91,
            "taker_side": "yes"
        },
        {
            "trade_id": "18207f11-8b3b-4030-8fdf-52dddd821e2c",
            "ticker": "KXHIGHCHI-24DEC27-B48.5",
            "count": 46,
            "created_time": "2024-12-26T21:17:19.155965Z",
            "yes_price": 8,
            "no_price": 92,
            "taker_side": "yes"
        },
        {
            "trade_id": "e9a7a908-9237-40cd-a177-5a7c35aad552",
            "ticker": "KXHIGHCHI-24DEC27-B48.5",
            "count": 1,
            "created_time": "2024-12-26T17:30:19.315847Z",
            "yes_price": 9,
            "no_price": 91,
            "taker_side": "yes"
        }
    ],
    "KXHIGHCHI-24DEC27-B50.5": [
        {
            "trade_id": "2673fa06-a699-46d8-a44a-bd49893ddb51",
            "ticker": "KXHIGHCHI-24DEC27-B50.5",
            "count": 1500,
            "created_time": "2024-12-28T04:57:55.958955Z",
            "yes_price": 1,
            "no_price": 99,
            "taker_side": "yes"
        },
        {
            "trade_id": "ed38fbf5-5769-4007-840f-88bd6f12dc91",
            "ticker": "KXHIGHCHI-24DEC27-B50.5",
            "count": 500,
            "created_time": "2024-12-28T04:56:20.635493Z",
            "yes_price": 1,
            "no_price": 99,
            "taker_side": "yes"
        },
        {
            "trade_id": "5123aeb6-ae76-4c56-bd5f-f66959f96bc9",
            "ticker": "KXHIGHCHI-24DEC27-B50.5",
            "count": 132,
            "created_time": "2024-12-28T04:41:46.539797Z",
            "yes_price": 1,
            "no_price": 99,
            "taker_side": "yes"
        },
        {
            "trade_id": "345bb8d5-ef29-4299-be30-c51cd8089a88",
            "ticker": "KXHIGHCHI-24DEC27-B50.5",
            "count": 100,
            "created_time": "2024-12-28T04:33:42.753353Z",
            "yes_price": 1,
            "no_price": 99,
            "taker_side": "yes"
        },
        {
            "trade_id": "2a262df3-6544-4f86-994f-51fe23e8e420",
            "ticker": "KXHIGHCHI-24DEC27-B50.5",
            "count": 100,
            "created_time": "2024-12-28T04:30:45.273463Z",
            "yes_price": 1,
            "no_price": 99,
            "taker_side": "yes"
        },
        {
            "trade_id": "11bb52b6-cb36-4c7c-978c-86af11050f19",
            "ticker": "KXHIGHCHI-24DEC27-B50.5",
            "count": 93,
            "created_time": "2024-12-28T04:17:32.283021Z",
            "yes_price": 1,
            "no_price": 99,
            "taker_side": "yes"
        },
        {
            "trade_id": "5e343cf7-80af-4f2c-b179-37fb6704781a",
            "ticker": "KXHIGHCHI-24DEC27-B50.5",
            "count": 11,
            "created_time": "2024-12-28T04:17:17.069473Z",
            "yes_price": 1,
            "no_price": 99,
            "taker_side": "yes"
        },
        {
            "trade_id": "030ca090-a6d1-4e97-8f69-0989b3ad7c76",
            "ticker": "KXHIGHCHI-24DEC27-B50.5",
            "count": 5,
            "created_time": "2024-12-28T04:06:20.860897Z",
            "yes_price": 1,
            "no_price": 99,
            "taker_side": "yes"
        },
        {
            "trade_id": "df729d2b-ed6e-414e-ae47-40bf789761c0",
            "ticker": "KXHIGHCHI-24DEC27-B50.5",
            "count": 935,
            "created_time": "2024-12-28T04:06:17.213116Z",
            "yes_price": 1,
            "no_price": 99,
            "taker_side": "yes"
        },
        {
            "trade_id": "1d4f0a24-9d5d-4cdd-a65a-676e55c1a420",
            "ticker": "KXHIGHCHI-24DEC27-B50.5",
            "count": 467,
            "created_time": "2024-12-28T03:20:18.687162Z",
            "yes_price": 1,
            "no_price": 99,
            "taker_side": "yes"
        },
        {
            "trade_id": "ed39c61c-fca0-446a-9e27-a6793c768941",
            "ticker": "KXHIGHCHI-24DEC27-B50.5",
            "count": 93,
            "created_time": "2024-12-28T03:11:13.122402Z",
            "yes_price": 1,
            "no_price": 99,
            "taker_side": "yes"
        },
        {
            "trade_id": "db9bb34f-d5c0-4f8f-97d4-56d2d0dda174",
            "ticker": "KXHIGHCHI-24DEC27-B50.5",
            "count": 1265,
            "created_time": "2024-12-28T03:09:21.119199Z",
            "yes_price": 1,
            "no_price": 99,
            "taker_side": "yes"
        },
        {
            "trade_id": "d1a434cf-160c-4351-98fa-b87ad0b1e16e",
            "ticker": "KXHIGHCHI-24DEC27-B50.5",
            "count": 505,
            "created_time": "2024-12-28T03:09:21.119199Z",
            "yes_price": 1,
            "no_price": 99,
            "taker_side": "yes"
        },
        {
            "trade_id": "14f54ef4-99bc-49b4-90b5-95d8f4a26bcd",
            "ticker": "KXHIGHCHI-24DEC27-B50.5",
            "count": 2000,
            "created_time": "2024-12-28T03:09:21.119199Z",
            "yes_price": 1,
            "no_price": 99,
            "taker_side": "yes"
        },
        {
            "trade_id": "12d5a3dd-f0d2-453d-acdc-f97892cd2472",
            "ticker": "KXHIGHCHI-24DEC27-B50.5",
            "count": 5581,
            "created_time": "2024-12-28T03:09:21.119199Z",
            "yes_price": 1,
            "no_price": 99,
            "taker_side": "yes"
        },
        {
            "trade_id": "bf91c588-17b4-4fb3-85e8-05d8f0833a2f",
            "ticker": "KXHIGHCHI-24DEC27-B50.5",
            "count": 467,
            "created_time": "2024-12-28T02:34:22.302601Z",
            "yes_price": 1,
            "no_price": 99,
            "taker_side": "yes"
        },
        {
            "trade_id": "fe753403-0fab-4361-9148-586ad2d8f395",
            "ticker": "KXHIGHCHI-24DEC27-B50.5",
            "count": 10,
            "created_time": "2024-12-28T02:17:11.676681Z",
            "yes_price": 1,
            "no_price": 99,
            "taker_side": "yes"
        },
        {
            "trade_id": "550f34a6-eb97-4e0e-829e-b6cd9e0bd21f",
            "ticker": "KXHIGHCHI-24DEC27-B50.5",
            "count": 1,
            "created_time": "2024-12-28T02:16:44.518466Z",
            "yes_price": 1,
            "no_price": 99,
            "taker_side": "yes"
        },
        {
            "trade_id": "5c85399b-2c03-40af-b32a-8a0df8103b99",
            "ticker": "KXHIGHCHI-24DEC27-B50.5",
            "count": 467,
            "created_time": "2024-12-28T01:48:24.021774Z",
            "yes_price": 1,
            "no_price": 99,
            "taker_side": "yes"
        },
        {
            "trade_id": "e84269cf-b1ce-4fec-942b-a2bc15ec1c7b",
            "ticker": "KXHIGHCHI-24DEC27-B50.5",
            "count": 100,
            "created_time": "2024-12-28T01:41:15.819073Z",
            "yes_price": 1,
            "no_price": 99,
            "taker_side": "yes"
        },
        {
            "trade_id": "f1a1c109-1952-4bbb-ba63-773ed1c70a92",
            "ticker": "KXHIGHCHI-24DEC27-B50.5",
            "count": 15,
            "created_time": "2024-12-28T00:44:28.617485Z",
            "yes_price": 1,
            "no_price": 99,
            "taker_side": "yes"
        },
        {
            "trade_id": "98877574-3955-465f-8249-51d0c6bd0b0a",
            "ticker": "KXHIGHCHI-24DEC27-B50.5",
            "count": 659,
            "created_time": "2024-12-28T00:27:20.198462Z",
            "yes_price": 1,
            "no_price": 99,
            "taker_side": "yes"
        },
        {
            "trade_id": "b6247e22-b7d1-4a64-af9c-81ed11d93871",
            "ticker": "KXHIGHCHI-24DEC27-B50.5",
            "count": 316,
            "created_time": "2024-12-28T00:24:46.138145Z",
            "yes_price": 1,
            "no_price": 99,
            "taker_side": "yes"
        },
        {
            "trade_id": "675b1932-e714-4211-95d5-ca818c2e2679",
            "ticker": "KXHIGHCHI-24DEC27-B50.5",
            "count": 151,
            "created_time": "2024-12-28T00:24:46.138145Z",
            "yes_price": 1,
            "no_price": 99,
            "taker_side": "yes"
        },
        {
            "trade_id": "024f65fb-e588-47fe-ad8b-8d565e233f31",
            "ticker": "KXHIGHCHI-24DEC27-B50.5",
            "count": 31,
            "created_time": "2024-12-28T00:21:10.10822Z",
            "yes_price": 3,
            "no_price": 97,
            "taker_side": "yes"
        },
        {
            "trade_id": "614bbb9e-645e-41ff-93ba-e4f3b27362a2",
            "ticker": "KXHIGHCHI-24DEC27-B50.5",
            "count": 500,
            "created_time": "2024-12-28T00:18:11.687023Z",
            "yes_price": 1,
            "no_price": 99,
            "taker_side": "yes"
        },
        {
            "trade_id": "0f3760ea-8f53-4b56-b203-70b4d1646958",
            "ticker": "KXHIGHCHI-24DEC27-B50.5",
            "count": 935,
            "created_time": "2024-12-28T00:17:15.678026Z",
            "yes_price": 1,
            "no_price": 99,
            "taker_side": "yes"
        },
        {
            "trade_id": "7e938561-b9ed-40d9-bdc1-541cab1d98de",
            "ticker": "KXHIGHCHI-24DEC27-B50.5",
            "count": 30,
            "created_time": "2024-12-28T00:17:00.039253Z",
            "yes_price": 1,
            "no_price": 99,
            "taker_side": "yes"
        },
        {
            "trade_id": "be72e71a-f977-4efb-91f6-23e7af9a789e",
            "ticker": "KXHIGHCHI-24DEC27-B50.5",
            "count": 14,
            "created_time": "2024-12-28T00:16:11.120119Z",
            "yes_price": 1,
            "no_price": 99,
            "taker_side": "no"
        },
        {
            "trade_id": "4e94539f-fb2c-4a52-b69e-0675fd946c3a",
            "ticker": "KXHIGHCHI-24DEC27-B50.5",
            "count": 70,
            "created_time": "2024-12-28T00:16:11.120119Z",
            "yes_price": 1,
            "no_price": 99,
            "taker_side": "no"
        },
        {
            "trade_id": "867f997f-65c2-4223-8b66-6b4ebdb1635b",
            "ticker": "KXHIGHCHI-24DEC27-B50.5",
            "count": 350,
            "created_time": "2024-12-28T00:16:06.654116Z",
            "yes_price": 3,
            "no_price": 97,
            "taker_side": "no"
        },
        {
            "trade_id": "61f336af-b225-42d7-9715-6538a8491b66",
            "ticker": "KXHIGHCHI-24DEC27-B50.5",
            "count": 250,
            "created_time": "2024-12-28T00:15:57.02934Z",
            "yes_price": 1,
            "no_price": 99,
            "taker_side": "no"
        },
        {
            "trade_id": "fd13f015-109e-4212-b7bb-b1f7190187fb",
            "ticker": "KXHIGHCHI-24DEC27-B50.5",
            "count": 50,
            "created_time": "2024-12-28T00:15:36.384829Z",
            "yes_price": 1,
            "no_price": 99,
            "taker_side": "no"
        },
        {
            "trade_id": "a95f75a3-a67d-4e8c-bf98-9b5ad0f4c13b",
            "ticker": "KXHIGHCHI-24DEC27-B50.5",
            "count": 82,
            "created_time": "2024-12-28T00:15:36.384829Z",
            "yes_price": 3,
            "no_price": 97,
            "taker_side": "no"
        },
        {
            "trade_id": "837a66a2-bc83-444c-9459-91cc7e83e9e0",
            "ticker": "KXHIGHCHI-24DEC27-B50.5",
            "count": 150,
            "created_time": "2024-12-28T00:15:36.384829Z",
            "yes_price": 2,
            "no_price": 98,
            "taker_side": "no"
        },
        {
            "trade_id": "5f0fbd9c-a239-49d8-b36e-654e69ef296a",
            "ticker": "KXHIGHCHI-24DEC27-B50.5",
            "count": 505,
            "created_time": "2024-12-28T00:15:36.384829Z",
            "yes_price": 1,
            "no_price": 99,
            "taker_side": "no"
        },
        {
            "trade_id": "5702e22e-00ee-484a-a7d8-a21b8f73aa4f",
            "ticker": "KXHIGHCHI-24DEC27-B50.5",
            "count": 736,
            "created_time": "2024-12-28T00:15:36.384829Z",
            "yes_price": 1,
            "no_price": 99,
            "taker_side": "no"
        },
        {
            "trade_id": "3d7c0ca9-7e31-4463-907d-0ee8eb2ac338",
            "ticker": "KXHIGHCHI-24DEC27-B50.5",
            "count": 331,
            "created_time": "2024-12-28T00:15:36.384829Z",
            "yes_price": 1,
            "no_price": 99,
            "taker_side": "no"
        },
        {
            "trade_id": "2269b29b-5992-4924-9192-29c5f6346c33",
            "ticker": "KXHIGHCHI-24DEC27-B50.5",
            "count": 20,
            "created_time": "2024-12-28T00:15:36.384829Z",
            "yes_price": 1,
            "no_price": 99,
            "taker_side": "no"
        },
        {
            "trade_id": "03f8735a-b45b-4555-a201-462ff5872c84",
            "ticker": "KXHIGHCHI-24DEC27-B50.5",
            "count": 125,
            "created_time": "2024-12-28T00:15:36.384829Z",
            "yes_price": 2,
            "no_price": 98,
            "taker_side": "no"
        },
        {
            "trade_id": "f686ac26-f70b-481c-b23e-072a998aba08",
            "ticker": "KXHIGHCHI-24DEC27-B50.5",
            "count": 8,
            "created_time": "2024-12-28T00:15:18.251732Z",
            "yes_price": 3,
            "no_price": 97,
            "taker_side": "yes"
        },
        {
            "trade_id": "61cee0e4-cbe1-4893-8673-edffc070771f",
            "ticker": "KXHIGHCHI-24DEC27-B50.5",
            "count": 152,
            "created_time": "2024-12-28T00:15:18.251732Z",
            "yes_price": 6,
            "no_price": 94,
            "taker_side": "yes"
        },
        {
            "trade_id": "969fb073-469b-47ce-932a-3b6772ccf1c7",
            "ticker": "KXHIGHCHI-24DEC27-B50.5",
            "count": 242,
            "created_time": "2024-12-28T00:15:03.062821Z",
            "yes_price": 3,
            "no_price": 97,
            "taker_side": "no"
        },
        {
            "trade_id": "c218ce4a-2c57-4420-ba61-6ba75618fc40",
            "ticker": "KXHIGHCHI-24DEC27-B50.5",
            "count": 275,
            "created_time": "2024-12-28T00:14:34.475547Z",
            "yes_price": 5,
            "no_price": 95,
            "taker_side": "yes"
        },
        {
            "trade_id": "7f807b3e-a682-473a-8b7f-a836ebcfdf38",
            "ticker": "KXHIGHCHI-24DEC27-B50.5",
            "count": 1,
            "created_time": "2024-12-28T00:14:34.475547Z",
            "yes_price": 5,
            "no_price": 95,
            "taker_side": "yes"
        },
        {
            "trade_id": "4c1f8542-a47b-4dca-8dad-fdb3e7a9f8fb",
            "ticker": "KXHIGHCHI-24DEC27-B50.5",
            "count": 36,
            "created_time": "2024-12-28T00:14:34.475547Z",
            "yes_price": 7,
            "no_price": 93,
            "taker_side": "yes"
        },
        {
            "trade_id": "06372185-3c44-41cf-8b9e-973e6e0c8e0b",
            "ticker": "KXHIGHCHI-24DEC27-B50.5",
            "count": 151,
            "created_time": "2024-12-28T00:14:34.475547Z",
            "yes_price": 6,
            "no_price": 94,
            "taker_side": "yes"
        },
        {
            "trade_id": "d79aeea9-f63f-43ae-8f1d-247674eb7904",
            "ticker": "KXHIGHCHI-24DEC27-B50.5",
            "count": 2055,
            "created_time": "2024-12-28T00:14:00.72216Z",
            "yes_price": 2,
            "no_price": 98,
            "taker_side": "no"
        },
        {
            "trade_id": "cef331e4-4b1c-437b-9158-bdb136d88492",
            "ticker": "KXHIGHCHI-24DEC27-B50.5",
            "count": 290,
            "created_time": "2024-12-28T00:14:00.72216Z",
            "yes_price": 3,
            "no_price": 97,
            "taker_side": "no"
        },
        {
            "trade_id": "a47da212-eb55-496a-a1ca-81e6b5f03c4e",
            "ticker": "KXHIGHCHI-24DEC27-B50.5",
            "count": 1,
            "created_time": "2024-12-28T00:14:00.72216Z",
            "yes_price": 3,
            "no_price": 97,
            "taker_side": "no"
        },
        {
            "trade_id": "608cc2f9-fb3d-4d4d-a7ff-194b2fcf9ee6",
            "ticker": "KXHIGHCHI-24DEC27-B50.5",
            "count": 1,
            "created_time": "2024-12-28T00:14:00.72216Z",
            "yes_price": 2,
            "no_price": 98,
            "taker_side": "no"
        },
        {
            "trade_id": "0e6dc8af-df72-4f37-a1b3-972556fa7587",
            "ticker": "KXHIGHCHI-24DEC27-B50.5",
            "count": 153,
            "created_time": "2024-12-28T00:14:00.72216Z",
            "yes_price": 4,
            "no_price": 96,
            "taker_side": "no"
        },
        {
            "trade_id": "fe494e52-adcf-4ba9-a76d-f83190794426",
            "ticker": "KXHIGHCHI-24DEC27-B50.5",
            "count": 50,
            "created_time": "2024-12-28T00:13:52.576589Z",
            "yes_price": 5,
            "no_price": 95,
            "taker_side": "yes"
        },
        {
            "trade_id": "6b6ba6be-ca2f-459c-ac96-5db3e8e32f3e",
            "ticker": "KXHIGHCHI-24DEC27-B50.5",
            "count": 128,
            "created_time": "2024-12-28T00:13:41.214552Z",
            "yes_price": 4,
            "no_price": 96,
            "taker_side": "yes"
        },
        {
            "trade_id": "5073d29d-8da2-45d1-bc51-d293261ffe3d",
            "ticker": "KXHIGHCHI-24DEC27-B50.5",
            "count": 84,
            "created_time": "2024-12-28T00:13:41.214552Z",
            "yes_price": 5,
            "no_price": 95,
            "taker_side": "yes"
        },
        {
            "trade_id": "a0910031-4ee1-4a49-9691-2e10f5c4d6aa",
            "ticker": "KXHIGHCHI-24DEC27-B50.5",
            "count": 112,
            "created_time": "2024-12-28T00:13:31.508636Z",
            "yes_price": 3,
            "no_price": 97,
            "taker_side": "no"
        },
        {
            "trade_id": "c42c5659-d628-431c-a346-b281a5aaef85",
            "ticker": "KXHIGHCHI-24DEC27-B50.5",
            "count": 412,
            "created_time": "2024-12-28T00:13:31.487829Z",
            "yes_price": 3,
            "no_price": 97,
            "taker_side": "no"
        },
        {
            "trade_id": "3925ae29-9692-4209-b20a-2c99608821d2",
            "ticker": "KXHIGHCHI-24DEC27-B50.5",
            "count": 81,
            "created_time": "2024-12-28T00:13:31.487829Z",
            "yes_price": 3,
            "no_price": 97,
            "taker_side": "no"
        },
        {
            "trade_id": "0c8f2799-8fab-4824-8f8d-6945a6edbf21",
            "ticker": "KXHIGHCHI-24DEC27-B50.5",
            "count": 201,
            "created_time": "2024-12-28T00:13:31.487829Z",
            "yes_price": 4,
            "no_price": 96,
            "taker_side": "no"
        },
        {
            "trade_id": "f4dbbc70-3fe9-4745-ac1e-b10265d1a4e9",
            "ticker": "KXHIGHCHI-24DEC27-B50.5",
            "count": 310,
            "created_time": "2024-12-28T00:13:31.479543Z",
            "yes_price": 6,
            "no_price": 94,
            "taker_side": "no"
        },
        {
            "trade_id": "d66b1c0e-dd51-45ef-a564-34b7d5d3ab05",
            "ticker": "KXHIGHCHI-24DEC27-B50.5",
            "count": 49,
            "created_time": "2024-12-28T00:13:31.479543Z",
            "yes_price": 4,
            "no_price": 96,
            "taker_side": "no"
        },
        {
            "trade_id": "40502f53-8af6-4b9e-ad08-9d69f95358eb",
            "ticker": "KXHIGHCHI-24DEC27-B50.5",
            "count": 155,
            "created_time": "2024-12-28T00:13:31.479543Z",
            "yes_price": 5,
            "no_price": 95,
            "taker_side": "no"
        },
        {
            "trade_id": "e7a7264c-1278-4ee4-a106-c7ade602138d",
            "ticker": "KXHIGHCHI-24DEC27-B50.5",
            "count": 94,
            "created_time": "2024-12-28T00:13:31.422535Z",
            "yes_price": 6,
            "no_price": 94,
            "taker_side": "no"
        },
        {
            "trade_id": "00813a11-6260-46df-b7e5-ce57fb1fa2b6",
            "ticker": "KXHIGHCHI-24DEC27-B50.5",
            "count": 49,
            "created_time": "2024-12-28T00:13:31.422535Z",
            "yes_price": 7,
            "no_price": 93,
            "taker_side": "no"
        },
        {
            "trade_id": "9dfbb26d-8c75-4922-b24e-c3de0868119c",
            "ticker": "KXHIGHCHI-24DEC27-B50.5",
            "count": 15,
            "created_time": "2024-12-28T00:13:31.420039Z",
            "yes_price": 7,
            "no_price": 93,
            "taker_side": "no"
        },
        {
            "trade_id": "4d7c3329-c73b-4abb-9ddf-76b45873d6a0",
            "ticker": "KXHIGHCHI-24DEC27-B50.5",
            "count": 105,
            "created_time": "2024-12-28T00:13:31.420039Z",
            "yes_price": 7,
            "no_price": 93,
            "taker_side": "no"
        },
        {
            "trade_id": "722d97ac-4d34-410a-96dc-265e15729d3a",
            "ticker": "KXHIGHCHI-24DEC27-B50.5",
            "count": 25,
            "created_time": "2024-12-28T00:13:09.055517Z",
            "yes_price": 10,
            "no_price": 90,
            "taker_side": "no"
        },
        {
            "trade_id": "8922e908-9c02-4c2f-ac75-39b8a3bb0951",
            "ticker": "KXHIGHCHI-24DEC27-B50.5",
            "count": 2,
            "created_time": "2024-12-28T00:11:36.055985Z",
            "yes_price": 13,
            "no_price": 87,
            "taker_side": "yes"
        },
        {
            "trade_id": "f0ec5591-0c8f-4494-888b-b429fd0f5900",
            "ticker": "KXHIGHCHI-24DEC27-B50.5",
            "count": 71,
            "created_time": "2024-12-28T00:09:08.925774Z",
            "yes_price": 12,
            "no_price": 88,
            "taker_side": "yes"
        },
        {
            "trade_id": "29db2878-2c65-45ad-bde5-68eb3da84826",
            "ticker": "KXHIGHCHI-24DEC27-B50.5",
            "count": 7,
            "created_time": "2024-12-28T00:08:59.04533Z",
            "yes_price": 12,
            "no_price": 88,
            "taker_side": "yes"
        },
        {
            "trade_id": "1065afa5-ac38-4bcc-a254-f2bceb7b856a",
            "ticker": "KXHIGHCHI-24DEC27-B50.5",
            "count": 39,
            "created_time": "2024-12-28T00:02:51.768166Z",
            "yes_price": 12,
            "no_price": 88,
            "taker_side": "yes"
        },
        {
            "trade_id": "01c728da-6b60-4c54-9434-6481e3e24db1",
            "ticker": "KXHIGHCHI-24DEC27-B50.5",
            "count": 175,
            "created_time": "2024-12-27T23:55:02.592166Z",
            "yes_price": 12,
            "no_price": 88,
            "taker_side": "yes"
        },
        {
            "trade_id": "03e9f0c6-22ca-4d43-903d-c89d80dd8ffd",
            "ticker": "KXHIGHCHI-24DEC27-B50.5",
            "count": 6,
            "created_time": "2024-12-27T23:51:32.878057Z",
            "yes_price": 10,
            "no_price": 90,
            "taker_side": "yes"
        },
        {
            "trade_id": "caae45eb-d343-4db2-92a4-102d1a4a8118",
            "ticker": "KXHIGHCHI-24DEC27-B50.5",
            "count": 13,
            "created_time": "2024-12-27T23:50:41.999747Z",
            "yes_price": 8,
            "no_price": 92,
            "taker_side": "no"
        },
        {
            "trade_id": "cf026538-b6f2-4989-85ec-1e04ba794b65",
            "ticker": "KXHIGHCHI-24DEC27-B50.5",
            "count": 3,
            "created_time": "2024-12-27T23:48:29.261506Z",
            "yes_price": 8,
            "no_price": 92,
            "taker_side": "no"
        },
        {
            "trade_id": "cc2fd8ae-e871-44e9-a077-b937bcce0b76",
            "ticker": "KXHIGHCHI-24DEC27-B50.5",
            "count": 155,
            "created_time": "2024-12-27T23:43:13.901696Z",
            "yes_price": 6,
            "no_price": 94,
            "taker_side": "no"
        },
        {
            "trade_id": "21524b18-5a3d-4a51-8ee7-c9f876feaaad",
            "ticker": "KXHIGHCHI-24DEC27-B50.5",
            "count": 79,
            "created_time": "2024-12-27T23:43:13.901696Z",
            "yes_price": 5,
            "no_price": 95,
            "taker_side": "no"
        },
        {
            "trade_id": "35bb2615-68d1-415a-8461-d41e28e801c2",
            "ticker": "KXHIGHCHI-24DEC27-B50.5",
            "count": 94,
            "created_time": "2024-12-27T23:39:01.233837Z",
            "yes_price": 10,
            "no_price": 90,
            "taker_side": "yes"
        },
        {
            "trade_id": "e11e7374-3d00-45c1-8bed-86382fad573f",
            "ticker": "KXHIGHCHI-24DEC27-B50.5",
            "count": 1,
            "created_time": "2024-12-27T23:36:35.25125Z",
            "yes_price": 10,
            "no_price": 90,
            "taker_side": "yes"
        },
        {
            "trade_id": "e807a9c0-14ee-4a65-bead-bee22727e4a8",
            "ticker": "KXHIGHCHI-24DEC27-B50.5",
            "count": 7,
            "created_time": "2024-12-27T23:33:18.540813Z",
            "yes_price": 4,
            "no_price": 96,
            "taker_side": "no"
        },
        {
            "trade_id": "8f474a63-a6f6-4c9a-b28b-40a36bb6507f",
            "ticker": "KXHIGHCHI-24DEC27-B50.5",
            "count": 7,
            "created_time": "2024-12-27T23:33:18.540813Z",
            "yes_price": 7,
            "no_price": 93,
            "taker_side": "no"
        },
        {
            "trade_id": "631f95b9-a144-4fe3-9c1d-f88383b18d8c",
            "ticker": "KXHIGHCHI-24DEC27-B50.5",
            "count": 1,
            "created_time": "2024-12-27T23:27:06.773387Z",
            "yes_price": 12,
            "no_price": 88,
            "taker_side": "yes"
        },
        {
            "trade_id": "0d19163c-822b-4435-977d-e43d3b8f11e2",
            "ticker": "KXHIGHCHI-24DEC27-B50.5",
            "count": 23,
            "created_time": "2024-12-27T23:24:48.025337Z",
            "yes_price": 12,
            "no_price": 88,
            "taker_side": "yes"
        },
        {
            "trade_id": "eff9b6cb-909c-4b2b-9072-2fd05fd7b035",
            "ticker": "KXHIGHCHI-24DEC27-B50.5",
            "count": 104,
            "created_time": "2024-12-27T23:22:07.887573Z",
            "yes_price": 8,
            "no_price": 92,
            "taker_side": "yes"
        },
        {
            "trade_id": "959e2194-c208-476c-8213-b7000d041695",
            "ticker": "KXHIGHCHI-24DEC27-B50.5",
            "count": 1,
            "created_time": "2024-12-27T23:22:04.938693Z",
            "yes_price": 8,
            "no_price": 92,
            "taker_side": "yes"
        },
        {
            "trade_id": "2bd4be2e-daca-4dd5-b0c1-9acf19fb7bde",
            "ticker": "KXHIGHCHI-24DEC27-B50.5",
            "count": 51,
            "created_time": "2024-12-27T23:22:04.938693Z",
            "yes_price": 10,
            "no_price": 90,
            "taker_side": "yes"
        },
        {
            "trade_id": "01191089-15e6-4130-a17e-34b004a613c4",
            "ticker": "KXHIGHCHI-24DEC27-B50.5",
            "count": 151,
            "created_time": "2024-12-27T23:22:04.938693Z",
            "yes_price": 9,
            "no_price": 91,
            "taker_side": "yes"
        },
        {
            "trade_id": "70cfcf0c-bf7f-483c-b028-855acbb00d9e",
            "ticker": "KXHIGHCHI-24DEC27-B50.5",
            "count": 131,
            "created_time": "2024-12-27T23:21:48.631572Z",
            "yes_price": 5,
            "no_price": 95,
            "taker_side": "no"
        },
        {
            "trade_id": "c82a9549-0cbd-45a4-8dff-939a3054fa93",
            "ticker": "KXHIGHCHI-24DEC27-B50.5",
            "count": 8,
            "created_time": "2024-12-27T23:21:09.278341Z",
            "yes_price": 5,
            "no_price": 95,
            "taker_side": "no"
        },
        {
            "trade_id": "be102f31-2874-4a29-afe0-a0018c712a4e",
            "ticker": "KXHIGHCHI-24DEC27-B50.5",
            "count": 1,
            "created_time": "2024-12-27T23:19:33.455872Z",
            "yes_price": 7,
            "no_price": 93,
            "taker_side": "no"
        },
        {
            "trade_id": "3abe828c-a45c-4190-9faa-dba76cf6cade",
            "ticker": "KXHIGHCHI-24DEC27-B50.5",
            "count": 67,
            "created_time": "2024-12-27T23:15:58.9108Z",
            "yes_price": 7,
            "no_price": 93,
            "taker_side": "yes"
        },
        {
            "trade_id": "e386657e-8522-4353-b435-f0cbf5bb9762",
            "ticker": "KXHIGHCHI-24DEC27-B50.5",
            "count": 18,
            "created_time": "2024-12-27T23:15:55.604169Z",
            "yes_price": 4,
            "no_price": 96,
            "taker_side": "no"
        },
        {
            "trade_id": "6f48a1c8-db85-4ec9-84ed-d781de8208f0",
            "ticker": "KXHIGHCHI-24DEC27-B50.5",
            "count": 100,
            "created_time": "2024-12-27T23:12:54.223045Z",
            "yes_price": 10,
            "no_price": 90,
            "taker_side": "yes"
        },
        {
            "trade_id": "3114ee91-3d80-43c6-b4d7-9278f0e26123",
            "ticker": "KXHIGHCHI-24DEC27-B50.5",
            "count": 42,
            "created_time": "2024-12-27T23:12:15.047931Z",
            "yes_price": 4,
            "no_price": 96,
            "taker_side": "no"
        },
        {
            "trade_id": "ddc7ed87-4344-4a2a-9919-8caf1df17361",
            "ticker": "KXHIGHCHI-24DEC27-B50.5",
            "count": 156,
            "created_time": "2024-12-27T23:12:13.049907Z",
            "yes_price": 4,
            "no_price": 96,
            "taker_side": "no"
        },
        {
            "trade_id": "681905ca-82f5-4fd7-bd7b-3686dc5b1f47",
            "ticker": "KXHIGHCHI-24DEC27-B50.5",
            "count": 2,
            "created_time": "2024-12-27T23:12:13.049907Z",
            "yes_price": 4,
            "no_price": 96,
            "taker_side": "no"
        },
        {
            "trade_id": "a0b60e04-9cc6-4801-bd27-fe1b342c3483",
            "ticker": "KXHIGHCHI-24DEC27-B50.5",
            "count": 1,
            "created_time": "2024-12-27T23:11:25.897861Z",
            "yes_price": 5,
            "no_price": 95,
            "taker_side": "yes"
        },
        {
            "trade_id": "91276d01-d2a1-4e38-938f-da57954827c2",
            "ticker": "KXHIGHCHI-24DEC27-B50.5",
            "count": 1,
            "created_time": "2024-12-27T23:11:11.050559Z",
            "yes_price": 4,
            "no_price": 96,
            "taker_side": "no"
        },
        {
            "trade_id": "a2461034-d0d8-446b-ac03-febaa411e22b",
            "ticker": "KXHIGHCHI-24DEC27-B50.5",
            "count": 1,
            "created_time": "2024-12-27T23:10:59.066175Z",
            "yes_price": 4,
            "no_price": 96,
            "taker_side": "no"
        },
        {
            "trade_id": "3015bc1c-a881-4f4b-8b81-0a253c0b3486",
            "ticker": "KXHIGHCHI-24DEC27-B50.5",
            "count": 1,
            "created_time": "2024-12-27T23:10:59.056698Z",
            "yes_price": 4,
            "no_price": 96,
            "taker_side": "no"
        },
        {
            "trade_id": "ab867e1b-6f02-47b9-b88d-9f7e9419a60a",
            "ticker": "KXHIGHCHI-24DEC27-B50.5",
            "count": 20,
            "created_time": "2024-12-27T23:10:58.090052Z",
            "yes_price": 4,
            "no_price": 96,
            "taker_side": "no"
        },
        {
            "trade_id": "1e0bbb1a-757e-4416-b125-82719c056129",
            "ticker": "KXHIGHCHI-24DEC27-B50.5",
            "count": 8,
            "created_time": "2024-12-27T23:06:59.961325Z",
            "yes_price": 11,
            "no_price": 89,
            "taker_side": "yes"
        },
        {
            "trade_id": "69c8bf22-042c-42cf-92cf-e8964a2955ac",
            "ticker": "KXHIGHCHI-24DEC27-B50.5",
            "count": 39,
            "created_time": "2024-12-27T23:05:40.171777Z",
            "yes_price": 12,
            "no_price": 88,
            "taker_side": "yes"
        },
        {
            "trade_id": "728e92b6-4360-49f6-bcab-ed000accfcc8",
            "ticker": "KXHIGHCHI-24DEC27-B50.5",
            "count": 31,
            "created_time": "2024-12-27T23:05:29.131938Z",
            "yes_price": 12,
            "no_price": 88,
            "taker_side": "yes"
        },
        {
            "trade_id": "f3f01a24-95df-480b-8280-4aadd17f198b",
            "ticker": "KXHIGHCHI-24DEC27-B50.5",
            "count": 6,
            "created_time": "2024-12-27T23:04:48.552923Z",
            "yes_price": 10,
            "no_price": 90,
            "taker_side": "no"
        },
        {
            "trade_id": "b1eec94e-fb68-4c09-a20c-cdf051c6473e",
            "ticker": "KXHIGHCHI-24DEC27-B50.5",
            "count": 158,
            "created_time": "2024-12-27T23:04:48.552923Z",
            "yes_price": 9,
            "no_price": 91,
            "taker_side": "no"
        },
        {
            "trade_id": "a9143788-156f-41bc-8fe6-d1263bc9eb85",
            "ticker": "KXHIGHCHI-24DEC27-B50.5",
            "count": 25,
            "created_time": "2024-12-27T23:04:48.552923Z",
            "yes_price": 9,
            "no_price": 91,
            "taker_side": "no"
        },
        {
            "trade_id": "85fef59f-c827-4871-a9a2-8335fd9a4eef",
            "ticker": "KXHIGHCHI-24DEC27-B50.5",
            "count": 12,
            "created_time": "2024-12-27T23:04:48.552923Z",
            "yes_price": 10,
            "no_price": 90,
            "taker_side": "no"
        },
        {
            "trade_id": "6d5c5060-3207-4d3f-9002-5eed6cc954a8",
            "ticker": "KXHIGHCHI-24DEC27-B50.5",
            "count": 183,
            "created_time": "2024-12-27T23:04:48.552923Z",
            "yes_price": 4,
            "no_price": 96,
            "taker_side": "no"
        },
        {
            "trade_id": "68de900d-dad5-497f-9432-72a77a38e7f7",
            "ticker": "KXHIGHCHI-24DEC27-B50.5",
            "count": 25,
            "created_time": "2024-12-27T23:04:48.552923Z",
            "yes_price": 7,
            "no_price": 93,
            "taker_side": "no"
        },
        {
            "trade_id": "3861634b-95d5-4d13-b60b-4f7844b41d45",
            "ticker": "KXHIGHCHI-24DEC27-B50.5",
            "count": 125,
            "created_time": "2024-12-27T23:04:48.552923Z",
            "yes_price": 8,
            "no_price": 92,
            "taker_side": "no"
        },
        {
            "trade_id": "7a2264c9-ea62-4c96-a251-c08c04f97428",
            "ticker": "KXHIGHCHI-24DEC27-B50.5",
            "count": 12,
            "created_time": "2024-12-27T23:02:47.637792Z",
            "yes_price": 10,
            "no_price": 90,
            "taker_side": "no"
        },
        {
            "trade_id": "3c95411c-d354-434d-9b67-159c897443a0",
            "ticker": "KXHIGHCHI-24DEC27-B50.5",
            "count": 10,
            "created_time": "2024-12-27T23:02:47.637792Z",
            "yes_price": 11,
            "no_price": 89,
            "taker_side": "no"
        },
        {
            "trade_id": "207849b8-7079-4ba8-88e4-979d2455f985",
            "ticker": "KXHIGHCHI-24DEC27-B50.5",
            "count": 6,
            "created_time": "2024-12-27T22:57:34.068256Z",
            "yes_price": 14,
            "no_price": 86,
            "taker_side": "yes"
        },
        {
            "trade_id": "dca97284-f541-4cd5-9eee-3d782305ac6c",
            "ticker": "KXHIGHCHI-24DEC27-B50.5",
            "count": 172,
            "created_time": "2024-12-27T22:54:12.389004Z",
            "yes_price": 10,
            "no_price": 90,
            "taker_side": "no"
        },
        {
            "trade_id": "38137430-a267-4dfa-ba5a-05e1cea0c7dc",
            "ticker": "KXHIGHCHI-24DEC27-B50.5",
            "count": 375,
            "created_time": "2024-12-27T22:54:12.389004Z",
            "yes_price": 9,
            "no_price": 91,
            "taker_side": "no"
        },
        {
            "trade_id": "f67a2cc7-6b04-4774-9a5f-0b5af64ef646",
            "ticker": "KXHIGHCHI-24DEC27-B50.5",
            "count": 92,
            "created_time": "2024-12-27T22:53:51.584559Z",
            "yes_price": 11,
            "no_price": 89,
            "taker_side": "no"
        },
        {
            "trade_id": "e93656a6-28d1-4b35-beea-81b12e65208d",
            "ticker": "KXHIGHCHI-24DEC27-B50.5",
            "count": 20,
            "created_time": "2024-12-27T22:53:51.584559Z",
            "yes_price": 16,
            "no_price": 84,
            "taker_side": "no"
        },
        {
            "trade_id": "4013eaa8-aa8c-402c-8381-a2a60b88fb4c",
            "ticker": "KXHIGHCHI-24DEC27-B50.5",
            "count": 3,
            "created_time": "2024-12-27T22:53:19.182788Z",
            "yes_price": 16,
            "no_price": 84,
            "taker_side": "no"
        },
        {
            "trade_id": "edbd4788-211b-4e12-93ec-d02c146009ce",
            "ticker": "KXHIGHCHI-24DEC27-B50.5",
            "count": 5,
            "created_time": "2024-12-27T22:52:48.180595Z",
            "yes_price": 24,
            "no_price": 76,
            "taker_side": "yes"
        },
        {
            "trade_id": "98b596d6-22e7-49d8-9f04-90f7a29c0c87",
            "ticker": "KXHIGHCHI-24DEC27-B50.5",
            "count": 4,
            "created_time": "2024-12-27T22:51:57.998796Z",
            "yes_price": 25,
            "no_price": 75,
            "taker_side": "no"
        },
        {
            "trade_id": "f840878e-7fea-4b7d-8067-a5b03ffdf194",
            "ticker": "KXHIGHCHI-24DEC27-B50.5",
            "count": 49,
            "created_time": "2024-12-27T22:49:50.078035Z",
            "yes_price": 19,
            "no_price": 81,
            "taker_side": "yes"
        },
        {
            "trade_id": "f2e394d9-8c31-43fb-969d-0adc1652db49",
            "ticker": "KXHIGHCHI-24DEC27-B50.5",
            "count": 91,
            "created_time": "2024-12-27T22:49:50.078035Z",
            "yes_price": 14,
            "no_price": 86,
            "taker_side": "yes"
        },
        {
            "trade_id": "e2cbd873-0068-4e99-b25c-6a2e3433bb8f",
            "ticker": "KXHIGHCHI-24DEC27-B50.5",
            "count": 25,
            "created_time": "2024-12-27T22:49:50.078035Z",
            "yes_price": 22,
            "no_price": 78,
            "taker_side": "yes"
        },
        {
            "trade_id": "d090d681-e2ab-46af-b360-6ccc9c3550fa",
            "ticker": "KXHIGHCHI-24DEC27-B50.5",
            "count": 152,
            "created_time": "2024-12-27T22:49:50.078035Z",
            "yes_price": 14,
            "no_price": 86,
            "taker_side": "yes"
        },
        {
            "trade_id": "c931f924-d778-4d38-9c0e-60f5be330789",
            "ticker": "KXHIGHCHI-24DEC27-B50.5",
            "count": 80,
            "created_time": "2024-12-27T22:49:50.078035Z",
            "yes_price": 12,
            "no_price": 88,
            "taker_side": "yes"
        },
        {
            "trade_id": "c1ee5d9f-5200-413c-ad83-bf63a3458b38",
            "ticker": "KXHIGHCHI-24DEC27-B50.5",
            "count": 16,
            "created_time": "2024-12-27T22:49:50.078035Z",
            "yes_price": 15,
            "no_price": 85,
            "taker_side": "yes"
        },
        {
            "trade_id": "bd4731ca-dc2c-49de-893f-224a6c40f9e9",
            "ticker": "KXHIGHCHI-24DEC27-B50.5",
            "count": 1,
            "created_time": "2024-12-27T22:49:50.078035Z",
            "yes_price": 11,
            "no_price": 89,
            "taker_side": "yes"
        },
        {
            "trade_id": "acfa01b4-4558-472a-b6e9-c77eca5c9804",
            "ticker": "KXHIGHCHI-24DEC27-B50.5",
            "count": 161,
            "created_time": "2024-12-27T22:49:50.078035Z",
            "yes_price": 23,
            "no_price": 77,
            "taker_side": "yes"
        },
        {
            "trade_id": "7736e3e1-c50f-4d52-93fa-bf0e828c0e4e",
            "ticker": "KXHIGHCHI-24DEC27-B50.5",
            "count": 90,
            "created_time": "2024-12-27T22:49:50.078035Z",
            "yes_price": 13,
            "no_price": 87,
            "taker_side": "yes"
        },
        {
            "trade_id": "5ffd46bb-6853-4d9b-848d-dddf65a759fe",
            "ticker": "KXHIGHCHI-24DEC27-B50.5",
            "count": 120,
            "created_time": "2024-12-27T22:49:50.078035Z",
            "yes_price": 15,
            "no_price": 85,
            "taker_side": "yes"
        },
        {
            "trade_id": "4f1d7520-fa33-4687-ac7c-5b13e8880496",
            "ticker": "KXHIGHCHI-24DEC27-B50.5",
            "count": 44,
            "created_time": "2024-12-27T22:49:50.078035Z",
            "yes_price": 19,
            "no_price": 81,
            "taker_side": "yes"
        },
        {
            "trade_id": "466e9de1-ea23-47bf-97a3-de0602c0c073",
            "ticker": "KXHIGHCHI-24DEC27-B50.5",
            "count": 100,
            "created_time": "2024-12-27T22:49:50.078035Z",
            "yes_price": 12,
            "no_price": 88,
            "taker_side": "yes"
        },
        {
            "trade_id": "404fa7fb-6578-46a4-8a37-5b0d9697ec77",
            "ticker": "KXHIGHCHI-24DEC27-B50.5",
            "count": 41,
            "created_time": "2024-12-27T22:49:50.078035Z",
            "yes_price": 21,
            "no_price": 79,
            "taker_side": "yes"
        },
        {
            "trade_id": "055b44aa-b4cb-4eaa-a193-9200c854e15f",
            "ticker": "KXHIGHCHI-24DEC27-B50.5",
            "count": 135,
            "created_time": "2024-12-27T22:49:50.078035Z",
            "yes_price": 24,
            "no_price": 76,
            "taker_side": "yes"
        },
        {
            "trade_id": "9e7918db-d57a-4493-964c-4c30a93c3df8",
            "ticker": "KXHIGHCHI-24DEC27-B50.5",
            "count": 99,
            "created_time": "2024-12-27T22:49:37.526988Z",
            "yes_price": 11,
            "no_price": 89,
            "taker_side": "no"
        },
        {
            "trade_id": "d5ee30a9-934f-4084-939c-3a0613af3bd2",
            "ticker": "KXHIGHCHI-24DEC27-B50.5",
            "count": 1,
            "created_time": "2024-12-27T22:48:37.082328Z",
            "yes_price": 11,
            "no_price": 89,
            "taker_side": "no"
        },
        {
            "trade_id": "35047bb1-e898-4f0a-b2e0-3b19e60f5829",
            "ticker": "KXHIGHCHI-24DEC27-B50.5",
            "count": 9,
            "created_time": "2024-12-27T22:45:56.030609Z",
            "yes_price": 14,
            "no_price": 86,
            "taker_side": "yes"
        },
        {
            "trade_id": "f6a8a832-c841-417f-96e5-0ecceb52d6df",
            "ticker": "KXHIGHCHI-24DEC27-B50.5",
            "count": 60,
            "created_time": "2024-12-27T22:45:40.695647Z",
            "yes_price": 12,
            "no_price": 88,
            "taker_side": "no"
        },
        {
            "trade_id": "c5ae81b8-7238-4e6d-8021-678b4cb93baa",
            "ticker": "KXHIGHCHI-24DEC27-B50.5",
            "count": 51,
            "created_time": "2024-12-27T22:40:44.757568Z",
            "yes_price": 12,
            "no_price": 88,
            "taker_side": "no"
        },
        {
            "trade_id": "4940f3b6-10b8-4a16-928a-cd7f246b0c70",
            "ticker": "KXHIGHCHI-24DEC27-B50.5",
            "count": 10,
            "created_time": "2024-12-27T22:40:15.183997Z",
            "yes_price": 18,
            "no_price": 82,
            "taker_side": "yes"
        },
        {
            "trade_id": "61bbac87-af9a-4f48-a40e-6f7a776ae259",
            "ticker": "KXHIGHCHI-24DEC27-B50.5",
            "count": 5,
            "created_time": "2024-12-27T22:39:59.099346Z",
            "yes_price": 18,
            "no_price": 82,
            "taker_side": "yes"
        },
        {
            "trade_id": "e8052ff4-f7f3-4efd-bf08-e9881c5fca13",
            "ticker": "KXHIGHCHI-24DEC27-B50.5",
            "count": 49,
            "created_time": "2024-12-27T22:37:56.793382Z",
            "yes_price": 18,
            "no_price": 82,
            "taker_side": "yes"
        },
        {
            "trade_id": "414d1880-57cb-4ea2-8da4-126e0a22bc63",
            "ticker": "KXHIGHCHI-24DEC27-B50.5",
            "count": 451,
            "created_time": "2024-12-27T22:37:56.793382Z",
            "yes_price": 19,
            "no_price": 81,
            "taker_side": "yes"
        },
        {
            "trade_id": "4014b7e9-1660-4d55-b9cd-472b684604ee",
            "ticker": "KXHIGHCHI-24DEC27-B50.5",
            "count": 500,
            "created_time": "2024-12-27T22:34:17.305153Z",
            "yes_price": 13,
            "no_price": 87,
            "taker_side": "yes"
        },
        {
            "trade_id": "c3995365-7acd-4bc6-ae30-db8238cffa4b",
            "ticker": "KXHIGHCHI-24DEC27-B50.5",
            "count": 151,
            "created_time": "2024-12-27T22:34:07.54326Z",
            "yes_price": 12,
            "no_price": 88,
            "taker_side": "yes"
        },
        {
            "trade_id": "7f05124d-a695-4490-a730-d52aee923143",
            "ticker": "KXHIGHCHI-24DEC27-B50.5",
            "count": 80,
            "created_time": "2024-12-27T22:34:07.54326Z",
            "yes_price": 12,
            "no_price": 88,
            "taker_side": "yes"
        },
        {
            "trade_id": "3400f2ca-cccf-4510-9458-aec38ae7e04e",
            "ticker": "KXHIGHCHI-24DEC27-B50.5",
            "count": 332,
            "created_time": "2024-12-27T22:30:38.542403Z",
            "yes_price": 9,
            "no_price": 91,
            "taker_side": "yes"
        },
        {
            "trade_id": "946da778-b432-47f8-ae96-50f34ee733d2",
            "ticker": "KXHIGHCHI-24DEC27-B50.5",
            "count": 50,
            "created_time": "2024-12-27T22:28:19.047074Z",
            "yes_price": 9,
            "no_price": 91,
            "taker_side": "yes"
        },
        {
            "trade_id": "793cc409-efa6-4403-a27f-a34de08531c8",
            "ticker": "KXHIGHCHI-24DEC27-B50.5",
            "count": 234,
            "created_time": "2024-12-27T22:28:04.211306Z",
            "yes_price": 8,
            "no_price": 92,
            "taker_side": "yes"
        },
        {
            "trade_id": "1d61c37d-4e95-43d3-ad17-6d6e08e952a0",
            "ticker": "KXHIGHCHI-24DEC27-B50.5",
            "count": 5,
            "created_time": "2024-12-27T22:23:00.836096Z",
            "yes_price": 8,
            "no_price": 92,
            "taker_side": "yes"
        },
        {
            "trade_id": "0bc5758f-2a00-4c50-8d6a-511a793f71eb",
            "ticker": "KXHIGHCHI-24DEC27-B50.5",
            "count": 58,
            "created_time": "2024-12-27T22:22:38.814822Z",
            "yes_price": 8,
            "no_price": 92,
            "taker_side": "yes"
        },
        {
            "trade_id": "da99a042-bd1a-486f-8313-6056ba69672c",
            "ticker": "KXHIGHCHI-24DEC27-B50.5",
            "count": 17,
            "created_time": "2024-12-27T22:21:33.904356Z",
            "yes_price": 3,
            "no_price": 97,
            "taker_side": "no"
        },
        {
            "trade_id": "de2c5d3d-18d6-4439-bd03-01d6f42d8ba6",
            "ticker": "KXHIGHCHI-24DEC27-B50.5",
            "count": 2,
            "created_time": "2024-12-27T22:20:03.343286Z",
            "yes_price": 3,
            "no_price": 97,
            "taker_side": "no"
        },
        {
            "trade_id": "0394abe0-13ff-4ac3-8210-e03077db89b9",
            "ticker": "KXHIGHCHI-24DEC27-B50.5",
            "count": 11,
            "created_time": "2024-12-27T22:18:49.844017Z",
            "yes_price": 8,
            "no_price": 92,
            "taker_side": "yes"
        },
        {
            "trade_id": "e794b998-387f-4f03-abde-35c286ecbc94",
            "ticker": "KXHIGHCHI-24DEC27-B50.5",
            "count": 3,
            "created_time": "2024-12-27T22:15:47.07222Z",
            "yes_price": 8,
            "no_price": 92,
            "taker_side": "yes"
        },
        {
            "trade_id": "b8ac2151-fba1-4cb0-8bf0-9c9eedb1961f",
            "ticker": "KXHIGHCHI-24DEC27-B50.5",
            "count": 100,
            "created_time": "2024-12-27T22:15:12.324874Z",
            "yes_price": 8,
            "no_price": 92,
            "taker_side": "yes"
        },
        {
            "trade_id": "02eae17b-41b2-45c4-9c98-7a5ff7d6c367",
            "ticker": "KXHIGHCHI-24DEC27-B50.5",
            "count": 12,
            "created_time": "2024-12-27T22:12:23.557587Z",
            "yes_price": 4,
            "no_price": 96,
            "taker_side": "no"
        },
        {
            "trade_id": "c256fc01-8f28-49ff-8343-70b22748ff8a",
            "ticker": "KXHIGHCHI-24DEC27-B50.5",
            "count": 70,
            "created_time": "2024-12-27T22:10:46.122843Z",
            "yes_price": 4,
            "no_price": 96,
            "taker_side": "no"
        },
        {
            "trade_id": "72fb4c9e-aaf3-4900-9306-54da50aae984",
            "ticker": "KXHIGHCHI-24DEC27-B50.5",
            "count": 150,
            "created_time": "2024-12-27T22:10:12.776313Z",
            "yes_price": 7,
            "no_price": 93,
            "taker_side": "no"
        },
        {
            "trade_id": "64d6cb72-7ef9-4ad4-8a7d-d5901ebccf06",
            "ticker": "KXHIGHCHI-24DEC27-B50.5",
            "count": 142,
            "created_time": "2024-12-27T22:10:12.776313Z",
            "yes_price": 7,
            "no_price": 93,
            "taker_side": "no"
        },
        {
            "trade_id": "166ccfba-b94e-490c-8e3d-291b512a86e7",
            "ticker": "KXHIGHCHI-24DEC27-B50.5",
            "count": 6,
            "created_time": "2024-12-27T22:10:10.295906Z",
            "yes_price": 14,
            "no_price": 86,
            "taker_side": "yes"
        },
        {
            "trade_id": "cd56354d-4167-49fa-9130-28e4c93bde2c",
            "ticker": "KXHIGHCHI-24DEC27-B50.5",
            "count": 54,
            "created_time": "2024-12-27T22:08:24.205332Z",
            "yes_price": 6,
            "no_price": 94,
            "taker_side": "no"
        },
        {
            "trade_id": "b506c457-7e55-4af0-b9c4-b170cd8d3f15",
            "ticker": "KXHIGHCHI-24DEC27-B50.5",
            "count": 9,
            "created_time": "2024-12-27T22:07:51.919732Z",
            "yes_price": 10,
            "no_price": 90,
            "taker_side": "yes"
        },
        {
            "trade_id": "b0fe2751-aef4-486a-9757-6def6c68ac95",
            "ticker": "KXHIGHCHI-24DEC27-B50.5",
            "count": 151,
            "created_time": "2024-12-27T22:06:07.964947Z",
            "yes_price": 7,
            "no_price": 93,
            "taker_side": "no"
        },
        {
            "trade_id": "713ead97-e567-4f4b-8c29-952b9fa82391",
            "ticker": "KXHIGHCHI-24DEC27-B50.5",
            "count": 751,
            "created_time": "2024-12-27T22:06:07.964947Z",
            "yes_price": 8,
            "no_price": 92,
            "taker_side": "no"
        },
        {
            "trade_id": "6219e3f7-e868-4e9d-8fcd-da91f101d843",
            "ticker": "KXHIGHCHI-24DEC27-B50.5",
            "count": 168,
            "created_time": "2024-12-27T22:06:07.964947Z",
            "yes_price": 3,
            "no_price": 97,
            "taker_side": "no"
        },
        {
            "trade_id": "a1d481e2-0cf1-476a-8ed4-5d3e00aba627",
            "ticker": "KXHIGHCHI-24DEC27-B50.5",
            "count": 20,
            "created_time": "2024-12-27T22:05:05.66728Z",
            "yes_price": 8,
            "no_price": 92,
            "taker_side": "no"
        },
        {
            "trade_id": "f1455243-703d-4be4-a167-8b9565b18f2a",
            "ticker": "KXHIGHCHI-24DEC27-B50.5",
            "count": 1,
            "created_time": "2024-12-27T22:03:14.281766Z",
            "yes_price": 4,
            "no_price": 96,
            "taker_side": "no"
        },
        {
            "trade_id": "fbea0fb5-eb01-46a6-8d31-819c47a13722",
            "ticker": "KXHIGHCHI-24DEC27-B50.5",
            "count": 4,
            "created_time": "2024-12-27T21:58:45.632706Z",
            "yes_price": 20,
            "no_price": 80,
            "taker_side": "yes"
        },
        {
            "trade_id": "85be0e9f-5797-415e-a31e-9a4efb878239",
            "ticker": "KXHIGHCHI-24DEC27-B50.5",
            "count": 2,
            "created_time": "2024-12-27T21:54:13.446404Z",
            "yes_price": 4,
            "no_price": 96,
            "taker_side": "no"
        },
        {
            "trade_id": "bde13431-d506-4959-9157-51bca20b97b7",
            "ticker": "KXHIGHCHI-24DEC27-B50.5",
            "count": 10,
            "created_time": "2024-12-27T21:50:00.173334Z",
            "yes_price": 20,
            "no_price": 80,
            "taker_side": "yes"
        },
        {
            "trade_id": "55a98c36-eafe-4b51-b96b-1e6fe5f51fbe",
            "ticker": "KXHIGHCHI-24DEC27-B50.5",
            "count": 142,
            "created_time": "2024-12-27T21:48:10.158501Z",
            "yes_price": 20,
            "no_price": 80,
            "taker_side": "yes"
        },
        {
            "trade_id": "96dbfa61-9c3a-4086-a25e-aa3550f582db",
            "ticker": "KXHIGHCHI-24DEC27-B50.5",
            "count": 24,
            "created_time": "2024-12-27T21:46:44.452321Z",
            "yes_price": 19,
            "no_price": 81,
            "taker_side": "yes"
        },
        {
            "trade_id": "d2be1afd-e746-40eb-b93f-46f6c54552b5",
            "ticker": "KXHIGHCHI-24DEC27-B50.5",
            "count": 333,
            "created_time": "2024-12-27T21:45:23.238598Z",
            "yes_price": 14,
            "no_price": 86,
            "taker_side": "yes"
        },
        {
            "trade_id": "d17032ff-d43a-40c1-87c7-1ec5ead14fcf",
            "ticker": "KXHIGHCHI-24DEC27-B50.5",
            "count": 36,
            "created_time": "2024-12-27T21:45:23.238598Z",
            "yes_price": 15,
            "no_price": 85,
            "taker_side": "yes"
        },
        {
            "trade_id": "ac2e0290-562d-415a-b34f-98dbb91df369",
            "ticker": "KXHIGHCHI-24DEC27-B50.5",
            "count": 80,
            "created_time": "2024-12-27T21:45:23.238598Z",
            "yes_price": 14,
            "no_price": 86,
            "taker_side": "yes"
        },
        {
            "trade_id": "796f1c9a-3ce3-4030-9cc6-7614633a8d0c",
            "ticker": "KXHIGHCHI-24DEC27-B50.5",
            "count": 134,
            "created_time": "2024-12-27T21:44:14.910254Z",
            "yes_price": 14,
            "no_price": 86,
            "taker_side": "yes"
        },
        {
            "trade_id": "c0de5dea-e176-42ca-8a89-cece8eaf7b5a",
            "ticker": "KXHIGHCHI-24DEC27-B50.5",
            "count": 291,
            "created_time": "2024-12-27T21:43:44.028363Z",
            "yes_price": 13,
            "no_price": 87,
            "taker_side": "yes"
        },
        {
            "trade_id": "6fec1fd3-64c3-4b4b-83d9-6290d0bd163b",
            "ticker": "KXHIGHCHI-24DEC27-B50.5",
            "count": 200,
            "created_time": "2024-12-27T21:43:44.028363Z",
            "yes_price": 13,
            "no_price": 87,
            "taker_side": "yes"
        },
        {
            "trade_id": "108244fe-15cd-4da7-85c4-a3d69886ca46",
            "ticker": "KXHIGHCHI-24DEC27-B50.5",
            "count": 80,
            "created_time": "2024-12-27T21:43:44.028363Z",
            "yes_price": 13,
            "no_price": 87,
            "taker_side": "yes"
        },
        {
            "trade_id": "2f950b7e-0171-41e1-9139-d786ddae2f6c",
            "ticker": "KXHIGHCHI-24DEC27-B50.5",
            "count": 883,
            "created_time": "2024-12-27T21:43:09.639835Z",
            "yes_price": 12,
            "no_price": 88,
            "taker_side": "yes"
        },
        {
            "trade_id": "da13da8f-dbe1-4e72-ab94-9a879aa8c626",
            "ticker": "KXHIGHCHI-24DEC27-B50.5",
            "count": 315,
            "created_time": "2024-12-27T21:42:39.622516Z",
            "yes_price": 5,
            "no_price": 95,
            "taker_side": "yes"
        },
        {
            "trade_id": "4d9fdb89-ba2c-4926-9a56-3d8f0849d429",
            "ticker": "KXHIGHCHI-24DEC27-B50.5",
            "count": 80,
            "created_time": "2024-12-27T21:42:39.622516Z",
            "yes_price": 5,
            "no_price": 95,
            "taker_side": "yes"
        },
        {
            "trade_id": "a6cbfe40-c845-4544-9b81-c04cb5f249ce",
            "ticker": "KXHIGHCHI-24DEC27-B50.5",
            "count": 144,
            "created_time": "2024-12-27T21:42:31.032624Z",
            "yes_price": 5,
            "no_price": 95,
            "taker_side": "no"
        },
        {
            "trade_id": "ca9c4eff-dd2e-4cd9-a8af-a85203713a92",
            "ticker": "KXHIGHCHI-24DEC27-B50.5",
            "count": 9,
            "created_time": "2024-12-27T21:41:22.887744Z",
            "yes_price": 13,
            "no_price": 87,
            "taker_side": "yes"
        },
        {
            "trade_id": "504b9ab1-83a9-4491-b46a-06652aaa66a0",
            "ticker": "KXHIGHCHI-24DEC27-B50.5",
            "count": 39,
            "created_time": "2024-12-27T21:40:19.859988Z",
            "yes_price": 12,
            "no_price": 88,
            "taker_side": "yes"
        },
        {
            "trade_id": "0146162b-a96c-4955-bd32-070a047e9ca8",
            "ticker": "KXHIGHCHI-24DEC27-B50.5",
            "count": 17,
            "created_time": "2024-12-27T21:38:06.713502Z",
            "yes_price": 11,
            "no_price": 89,
            "taker_side": "yes"
        },
        {
            "trade_id": "474a78ff-ac49-4cb9-97d7-f276e656cf00",
            "ticker": "KXHIGHCHI-24DEC27-B50.5",
            "count": 35,
            "created_time": "2024-12-27T21:37:57.871042Z",
            "yes_price": 8,
            "no_price": 92,
            "taker_side": "yes"
        },
        {
            "trade_id": "83a3f4a9-e78e-4bca-a546-4f7544b22cd0",
            "ticker": "KXHIGHCHI-24DEC27-B50.5",
            "count": 649,
            "created_time": "2024-12-27T21:34:09.217808Z",
            "yes_price": 5,
            "no_price": 95,
            "taker_side": "yes"
        },
        {
            "trade_id": "52609020-5452-4993-a966-353c99d7105e",
            "ticker": "KXHIGHCHI-24DEC27-B50.5",
            "count": 1000,
            "created_time": "2024-12-27T21:33:46.179848Z",
            "yes_price": 5,
            "no_price": 95,
            "taker_side": "no"
        },
        {
            "trade_id": "2b8fb615-80ae-4d3b-857f-5c26c610fbfc",
            "ticker": "KXHIGHCHI-24DEC27-B50.5",
            "count": 80,
            "created_time": "2024-12-27T21:33:46.179848Z",
            "yes_price": 5,
            "no_price": 95,
            "taker_side": "no"
        },
        {
            "trade_id": "ff964d66-11b5-4eb4-b220-23336d88964b",
            "ticker": "KXHIGHCHI-24DEC27-B50.5",
            "count": 41,
            "created_time": "2024-12-27T21:31:19.532439Z",
            "yes_price": 2,
            "no_price": 98,
            "taker_side": "no"
        },
        {
            "trade_id": "a154990a-658f-485b-9ce6-9161c1cea951",
            "ticker": "KXHIGHCHI-24DEC27-B50.5",
            "count": 159,
            "created_time": "2024-12-27T21:31:19.532439Z",
            "yes_price": 3,
            "no_price": 97,
            "taker_side": "no"
        },
        {
            "trade_id": "a7e933dd-9fd4-4c88-a9be-8b7ad52c591f",
            "ticker": "KXHIGHCHI-24DEC27-B50.5",
            "count": 459,
            "created_time": "2024-12-27T21:30:58.650212Z",
            "yes_price": 1,
            "no_price": 99,
            "taker_side": "no"
        },
        {
            "trade_id": "8c079a5a-71f7-4e0a-9d2f-b8e7f2f694a7",
            "ticker": "KXHIGHCHI-24DEC27-B50.5",
            "count": 50,
            "created_time": "2024-12-27T21:30:58.650212Z",
            "yes_price": 2,
            "no_price": 98,
            "taker_side": "no"
        },
        {
            "trade_id": "7a9f3306-d03e-452f-9bcb-85f5bf3926f4",
            "ticker": "KXHIGHCHI-24DEC27-B50.5",
            "count": 200,
            "created_time": "2024-12-27T21:30:58.650212Z",
            "yes_price": 7,
            "no_price": 93,
            "taker_side": "no"
        },
        {
            "trade_id": "7a2c3800-ea87-46fc-9c18-e52f977fb230",
            "ticker": "KXHIGHCHI-24DEC27-B50.5",
            "count": 8,
            "created_time": "2024-12-27T21:30:58.650212Z",
            "yes_price": 3,
            "no_price": 97,
            "taker_side": "no"
        },
        {
            "trade_id": "5c059cc5-0e78-49fd-9f5a-caa5cb78dc04",
            "ticker": "KXHIGHCHI-24DEC27-B50.5",
            "count": 265,
            "created_time": "2024-12-27T21:30:58.650212Z",
            "yes_price": 8,
            "no_price": 92,
            "taker_side": "no"
        },
        {
            "trade_id": "42511f94-2d81-4dff-ad54-1504c80bbfc3",
            "ticker": "KXHIGHCHI-24DEC27-B50.5",
            "count": 151,
            "created_time": "2024-12-27T21:30:58.650212Z",
            "yes_price": 8,
            "no_price": 92,
            "taker_side": "no"
        },
        {
            "trade_id": "60eedb92-63c2-4a9f-ac99-b7c6b09326ae",
            "ticker": "KXHIGHCHI-24DEC27-B50.5",
            "count": 328,
            "created_time": "2024-12-27T21:30:52.117185Z",
            "yes_price": 9,
            "no_price": 91,
            "taker_side": "no"
        },
        {
            "trade_id": "e305627c-f789-4d56-9772-acf7148c7699",
            "ticker": "KXHIGHCHI-24DEC27-B50.5",
            "count": 172,
            "created_time": "2024-12-27T21:29:54.486215Z",
            "yes_price": 9,
            "no_price": 91,
            "taker_side": "no"
        },
        {
            "trade_id": "dbd657cb-34e2-428c-b980-bf12162511c9",
            "ticker": "KXHIGHCHI-24DEC27-B50.5",
            "count": 33,
            "created_time": "2024-12-27T21:28:56.91341Z",
            "yes_price": 14,
            "no_price": 86,
            "taker_side": "yes"
        },
        {
            "trade_id": "bdb5ba7b-e8e9-4900-a5e7-28f92a838182",
            "ticker": "KXHIGHCHI-24DEC27-B50.5",
            "count": 500,
            "created_time": "2024-12-27T21:28:09.941139Z",
            "yes_price": 13,
            "no_price": 87,
            "taker_side": "yes"
        },
        {
            "trade_id": "b8eb52a1-34b4-4944-895a-9180217a5f4e",
            "ticker": "KXHIGHCHI-24DEC27-B50.5",
            "count": 35,
            "created_time": "2024-12-27T21:28:08.898887Z",
            "yes_price": 8,
            "no_price": 92,
            "taker_side": "no"
        },
        {
            "trade_id": "a1fbdf79-368e-4467-82c8-df0a2f1095dd",
            "ticker": "KXHIGHCHI-24DEC27-B50.5",
            "count": 80,
            "created_time": "2024-12-27T21:28:08.898887Z",
            "yes_price": 9,
            "no_price": 91,
            "taker_side": "no"
        },
        {
            "trade_id": "8637c6ff-e7ee-48a3-b9c1-f333e144150a",
            "ticker": "KXHIGHCHI-24DEC27-B50.5",
            "count": 358,
            "created_time": "2024-12-27T21:28:08.898887Z",
            "yes_price": 9,
            "no_price": 91,
            "taker_side": "no"
        },
        {
            "trade_id": "0d2f14a5-29c3-475e-866e-05de24ea8ef7",
            "ticker": "KXHIGHCHI-24DEC27-B50.5",
            "count": 358,
            "created_time": "2024-12-27T21:27:03.940565Z",
            "yes_price": 13,
            "no_price": 87,
            "taker_side": "yes"
        },
        {
            "trade_id": "fb89850d-4f6c-43b4-b2e3-bd7dac347738",
            "ticker": "KXHIGHCHI-24DEC27-B50.5",
            "count": 101,
            "created_time": "2024-12-27T21:24:20.980833Z",
            "yes_price": 10,
            "no_price": 90,
            "taker_side": "no"
        },
        {
            "trade_id": "976ee78d-aefd-47f1-a04a-2e6502de4891",
            "ticker": "KXHIGHCHI-24DEC27-B50.5",
            "count": 55,
            "created_time": "2024-12-27T21:23:52.232503Z",
            "yes_price": 17,
            "no_price": 83,
            "taker_side": "yes"
        },
        {
            "trade_id": "b7412647-cfc1-4b51-a946-6657148ed160",
            "ticker": "KXHIGHCHI-24DEC27-B50.5",
            "count": 30,
            "created_time": "2024-12-27T21:23:32.361336Z",
            "yes_price": 16,
            "no_price": 84,
            "taker_side": "yes"
        },
        {
            "trade_id": "e94a2a82-480c-4846-92fa-6f0ff74905e8",
            "ticker": "KXHIGHCHI-24DEC27-B50.5",
            "count": 99,
            "created_time": "2024-12-27T21:22:42.683477Z",
            "yes_price": 10,
            "no_price": 90,
            "taker_side": "no"
        },
        {
            "trade_id": "f24e9994-d959-4191-adfa-a4945dbf37a3",
            "ticker": "KXHIGHCHI-24DEC27-B50.5",
            "count": 80,
            "created_time": "2024-12-27T21:22:27.8111Z",
            "yes_price": 11,
            "no_price": 89,
            "taker_side": "no"
        },
        {
            "trade_id": "0b4ceac9-7efe-4776-9b18-0887d88c1d2c",
            "ticker": "KXHIGHCHI-24DEC27-B50.5",
            "count": 339,
            "created_time": "2024-12-27T21:22:27.8111Z",
            "yes_price": 11,
            "no_price": 89,
            "taker_side": "no"
        },
        {
            "trade_id": "867a180c-146a-4993-bae9-46fce5c7c0f4",
            "ticker": "KXHIGHCHI-24DEC27-B50.5",
            "count": 70,
            "created_time": "2024-12-27T21:19:25.990782Z",
            "yes_price": 17,
            "no_price": 83,
            "taker_side": "yes"
        },
        {
            "trade_id": "375a4199-de83-424d-869e-eb6b56f57f5e",
            "ticker": "KXHIGHCHI-24DEC27-B50.5",
            "count": 96,
            "created_time": "2024-12-27T21:19:25.990782Z",
            "yes_price": 17,
            "no_price": 83,
            "taker_side": "yes"
        },
        {
            "trade_id": "a4dce5d0-e931-4691-9dc6-ccccbbb2d0fa",
            "ticker": "KXHIGHCHI-24DEC27-B50.5",
            "count": 42,
            "created_time": "2024-12-27T21:09:51.065413Z",
            "yes_price": 16,
            "no_price": 84,
            "taker_side": "yes"
        },
        {
            "trade_id": "40d0c232-9a64-4bc5-b9e6-a51ca13e1fc4",
            "ticker": "KXHIGHCHI-24DEC27-B50.5",
            "count": 13,
            "created_time": "2024-12-27T21:09:51.065413Z",
            "yes_price": 16,
            "no_price": 84,
            "taker_side": "yes"
        },
        {
            "trade_id": "a1888295-5c92-4f6a-953d-005f3c3faa59",
            "ticker": "KXHIGHCHI-24DEC27-B50.5",
            "count": 111,
            "created_time": "2024-12-27T21:08:46.100973Z",
            "yes_price": 17,
            "no_price": 83,
            "taker_side": "yes"
        },
        {
            "trade_id": "d62e88b9-a6ad-4c16-aeb1-4a280dd60162",
            "ticker": "KXHIGHCHI-24DEC27-B50.5",
            "count": 29,
            "created_time": "2024-12-27T21:06:37.415906Z",
            "yes_price": 16,
            "no_price": 84,
            "taker_side": "yes"
        },
        {
            "trade_id": "a62587f2-4302-400c-8f02-5ba54dd2820f",
            "ticker": "KXHIGHCHI-24DEC27-B50.5",
            "count": 1,
            "created_time": "2024-12-27T21:04:59.895754Z",
            "yes_price": 15,
            "no_price": 85,
            "taker_side": "yes"
        },
        {
            "trade_id": "631caa32-25a7-4420-8250-22866f1db9a8",
            "ticker": "KXHIGHCHI-24DEC27-B50.5",
            "count": 11,
            "created_time": "2024-12-27T21:04:59.895754Z",
            "yes_price": 15,
            "no_price": 85,
            "taker_side": "yes"
        },
        {
            "trade_id": "c50accfb-f218-4521-9dd3-0d657a19a07e",
            "ticker": "KXHIGHCHI-24DEC27-B50.5",
            "count": 62,
            "created_time": "2024-12-27T20:54:00.780242Z",
            "yes_price": 15,
            "no_price": 85,
            "taker_side": "yes"
        },
        {
            "trade_id": "dc7892c1-0cf0-493f-bf5b-70876a1bee03",
            "ticker": "KXHIGHCHI-24DEC27-B50.5",
            "count": 144,
            "created_time": "2024-12-27T20:51:55.437524Z",
            "yes_price": 14,
            "no_price": 86,
            "taker_side": "yes"
        },
        {
            "trade_id": "bef39018-e100-4c79-8f0b-0f0f229021f9",
            "ticker": "KXHIGHCHI-24DEC27-B50.5",
            "count": 6,
            "created_time": "2024-12-27T20:48:53.267649Z",
            "yes_price": 14,
            "no_price": 86,
            "taker_side": "yes"
        },
        {
            "trade_id": "dd0505fb-7982-4ce4-b0af-65ba35926a7f",
            "ticker": "KXHIGHCHI-24DEC27-B50.5",
            "count": 153,
            "created_time": "2024-12-27T20:45:11.336656Z",
            "yes_price": 14,
            "no_price": 86,
            "taker_side": "yes"
        },
        {
            "trade_id": "c8229050-c49b-49e7-9894-046b19b4ddba",
            "ticker": "KXHIGHCHI-24DEC27-B50.5",
            "count": 152,
            "created_time": "2024-12-27T20:45:11.336656Z",
            "yes_price": 15,
            "no_price": 85,
            "taker_side": "yes"
        },
        {
            "trade_id": "1f21cc35-1698-4aac-a6de-00e06d030c3d",
            "ticker": "KXHIGHCHI-24DEC27-B50.5",
            "count": 175,
            "created_time": "2024-12-27T20:42:46.226293Z",
            "yes_price": 11,
            "no_price": 89,
            "taker_side": "no"
        },
        {
            "trade_id": "4ba3f158-4740-414d-babf-276a516a48d4",
            "ticker": "KXHIGHCHI-24DEC27-B50.5",
            "count": 57,
            "created_time": "2024-12-27T20:34:16.033893Z",
            "yes_price": 9,
            "no_price": 91,
            "taker_side": "yes"
        },
        {
            "trade_id": "9bd4c2e8-60cb-4af3-ae10-5e59e2e65573",
            "ticker": "KXHIGHCHI-24DEC27-B50.5",
            "count": 94,
            "created_time": "2024-12-27T20:34:14.972225Z",
            "yes_price": 9,
            "no_price": 91,
            "taker_side": "yes"
        },
        {
            "trade_id": "63a328e9-978e-4442-a87b-85650479001c",
            "ticker": "KXHIGHCHI-24DEC27-B50.5",
            "count": 1848,
            "created_time": "2024-12-27T20:27:04.420875Z",
            "yes_price": 9,
            "no_price": 91,
            "taker_side": "no"
        },
        {
            "trade_id": "d6381b1d-1cde-462e-b3c0-25fb2f347a6b",
            "ticker": "KXHIGHCHI-24DEC27-B50.5",
            "count": 152,
            "created_time": "2024-12-27T20:26:33.599637Z",
            "yes_price": 9,
            "no_price": 91,
            "taker_side": "yes"
        },
        {
            "trade_id": "f65ec54b-cf15-4490-ae8e-658993f62692",
            "ticker": "KXHIGHCHI-24DEC27-B50.5",
            "count": 20,
            "created_time": "2024-12-27T20:24:53.778836Z",
            "yes_price": 9,
            "no_price": 91,
            "taker_side": "yes"
        },
        {
            "trade_id": "22d55df2-b915-4b74-80c7-6eb329370c7c",
            "ticker": "KXHIGHCHI-24DEC27-B50.5",
            "count": 31,
            "created_time": "2024-12-27T20:23:54.838533Z",
            "yes_price": 9,
            "no_price": 91,
            "taker_side": "yes"
        },
        {
            "trade_id": "6d0be524-4ba2-42fa-8a9b-2d7bc9ec4d25",
            "ticker": "KXHIGHCHI-24DEC27-B50.5",
            "count": 52,
            "created_time": "2024-12-27T20:23:49.413731Z",
            "yes_price": 9,
            "no_price": 91,
            "taker_side": "yes"
        },
        {
            "trade_id": "55aed134-dfab-4561-a08f-221821806267",
            "ticker": "KXHIGHCHI-24DEC27-B50.5",
            "count": 10,
            "created_time": "2024-12-27T20:21:49.931314Z",
            "yes_price": 9,
            "no_price": 91,
            "taker_side": "yes"
        },
        {
            "trade_id": "5013fbb7-fe76-4f99-80b3-cced511431b7",
            "ticker": "KXHIGHCHI-24DEC27-B50.5",
            "count": 208,
            "created_time": "2024-12-27T20:19:10.834809Z",
            "yes_price": 9,
            "no_price": 91,
            "taker_side": "yes"
        },
        {
            "trade_id": "60b3f554-30bc-4fe5-84a0-46ecc18fea8a",
            "ticker": "KXHIGHCHI-24DEC27-B50.5",
            "count": 143,
            "created_time": "2024-12-27T20:15:52.416397Z",
            "yes_price": 9,
            "no_price": 91,
            "taker_side": "yes"
        },
        {
            "trade_id": "38d348cb-9d0a-4699-a36b-2f4ef0c384bd",
            "ticker": "KXHIGHCHI-24DEC27-B50.5",
            "count": 277,
            "created_time": "2024-12-27T20:15:52.416397Z",
            "yes_price": 8,
            "no_price": 92,
            "taker_side": "yes"
        },
        {
            "trade_id": "ac7dd457-d6fb-49ff-8d13-1da3d9b9a247",
            "ticker": "KXHIGHCHI-24DEC27-B50.5",
            "count": 25,
            "created_time": "2024-12-27T20:12:05.213783Z",
            "yes_price": 6,
            "no_price": 94,
            "taker_side": "no"
        },
        {
            "trade_id": "1be05dd4-ea23-4f75-9c3e-973710f596c3",
            "ticker": "KXHIGHCHI-24DEC27-B50.5",
            "count": 36,
            "created_time": "2024-12-27T20:11:28.486982Z",
            "yes_price": 7,
            "no_price": 93,
            "taker_side": "no"
        },
        {
            "trade_id": "7a1a0597-552a-4c7a-b38a-a61878cdffe2",
            "ticker": "KXHIGHCHI-24DEC27-B50.5",
            "count": 522,
            "created_time": "2024-12-27T20:06:48.491075Z",
            "yes_price": 9,
            "no_price": 91,
            "taker_side": "yes"
        },
        {
            "trade_id": "9b11a764-a342-4e23-b3ca-b075943c671f",
            "ticker": "KXHIGHCHI-24DEC27-B50.5",
            "count": 73,
            "created_time": "2024-12-27T20:02:46.85131Z",
            "yes_price": 9,
            "no_price": 91,
            "taker_side": "yes"
        },
        {
            "trade_id": "0c5f572e-cb85-446e-be1c-5d7a9d0fb80d",
            "ticker": "KXHIGHCHI-24DEC27-B50.5",
            "count": 152,
            "created_time": "2024-12-27T20:02:46.85131Z",
            "yes_price": 8,
            "no_price": 92,
            "taker_side": "yes"
        },
        {
            "trade_id": "95b8f0c7-364e-45b9-bb5d-25e2f8365513",
            "ticker": "KXHIGHCHI-24DEC27-B50.5",
            "count": 25,
            "created_time": "2024-12-27T20:02:09.609982Z",
            "yes_price": 8,
            "no_price": 92,
            "taker_side": "yes"
        },
        {
            "trade_id": "eacfb39e-ed56-47c3-8068-c2ca1737eb0f",
            "ticker": "KXHIGHCHI-24DEC27-B50.5",
            "count": 19,
            "created_time": "2024-12-27T19:56:16.323232Z",
            "yes_price": 6,
            "no_price": 94,
            "taker_side": "no"
        },
        {
            "trade_id": "6197c86d-a05f-4bcb-8dc3-6156c7a2276c",
            "ticker": "KXHIGHCHI-24DEC27-B50.5",
            "count": 100,
            "created_time": "2024-12-27T19:56:16.323232Z",
            "yes_price": 6,
            "no_price": 94,
            "taker_side": "no"
        },
        {
            "trade_id": "c119486d-767e-433d-a1fb-027fe290f6a8",
            "ticker": "KXHIGHCHI-24DEC27-B50.5",
            "count": 52,
            "created_time": "2024-12-27T19:51:17.907375Z",
            "yes_price": 9,
            "no_price": 91,
            "taker_side": "yes"
        },
        {
            "trade_id": "283df730-7d15-49d7-a4de-e0f420848d09",
            "ticker": "KXHIGHCHI-24DEC27-B50.5",
            "count": 80,
            "created_time": "2024-12-27T19:43:51.141016Z",
            "yes_price": 8,
            "no_price": 92,
            "taker_side": "no"
        },
        {
