{
    "HIGHCHI-24JUN11-T74": [],
    "HIGHCHI-24JUN11-B74.5": [
        {
            "trade_id": "45651742-cd32-4cc9-a4f1-03d9a77c9408",
            "ticker": "HIGHCHI-24JUN11-B74.5",
            "count": 2,
            "created_time": "2024-06-11T12:14:03.547271Z",
            "yes_price": 99,
            "no_price": 1,
            "taker_side": "yes"
        },
        {
            "trade_id": "53138abc-48ed-4906-bef7-909f20e8a4b5",
            "ticker": "HIGHCHI-24JUN11-B74.5",
            "count": 5,
            "created_time": "2024-06-11T00:03:22.072646Z",
            "yes_price": 18,
            "no_price": 82,
            "taker_side": "yes"
        },
        {
            "trade_id": "e07c91e4-c675-4915-b20a-a51ca1e0822b",
            "ticker": "HIGHCHI-24JUN11-B74.5",
            "count": 7,
            "created_time": "2024-06-10T17:43:14.292434Z",
            "yes_price": 19,
            "no_price": 81,
            "taker_side": "no"
        },
        {
            "trade_id": "46c1b588-5aad-486e-940b-05ebf3762d79",
            "ticker": "HIGHCHI-24JUN11-B74.5",
            "count": 19,
            "created_time": "2024-06-10T17:42:44.870832Z",
            "yes_price": 19,
            "no_price": 81,
            "taker_side": "no"
        },
        {
            "trade_id": "948ea977-a1ef-4104-958a-6a86f897f8ea",
            "ticker": "HIGHCHI-24JUN11-B74.5",
            "count": 24,
            "created_time": "2024-06-10T17:42:41.259625Z",
            "yes_price": 19,
            "no_price": 81,
            "taker_side": "yes"
        },
        {
            "trade_id": "f58ca5fa-e9e5-4718-aa94-aa1e32914da9",
            "ticker": "HIGHCHI-24JUN11-B74.5",
            "count": 75,
            "created_time": "2024-06-10T14:39:22.803135Z",
            "yes_price": 14,
            "no_price": 86,
            "taker_side": "yes"
        }
    ],
    "HIGHCHI-24JUN11-B76.5": [
        {
            "trade_id": "c15118da-0c7a-41c5-9e3d-37b8177d8eef",
            "ticker": "HIGHCHI-24JUN11-B76.5",
            "count": 935,
            "created_time": "2024-06-12T01:48:31.630438Z",
            "yes_price": 1,
            "no_price": 99,
            "taker_side": "yes"
        },
        {
            "trade_id": "ea4a8747-c1af-476b-b2d0-9a6dc4b93bd6",
            "ticker": "HIGHCHI-24JUN11-B76.5",
            "count": 1,
            "created_time": "2024-06-11T19:56:14.67012Z",
            "yes_price": 3,
            "no_price": 97,
            "taker_side": "yes"
        },
        {
            "trade_id": "fa11496e-f3f4-4cfa-a32f-eb00b5be143b",
            "ticker": "HIGHCHI-24JUN11-B76.5",
            "count": 31,
            "created_time": "2024-06-11T14:13:43.508764Z",
            "yes_price": 17,
            "no_price": 83,
            "taker_side": "no"
        },
        {
            "trade_id": "579aad74-51a3-42fa-a8f7-2e0109d70224",
            "ticker": "HIGHCHI-24JUN11-B76.5",
            "count": 7,
            "created_time": "2024-06-11T13:39:32.155742Z",
            "yes_price": 16,
            "no_price": 84,
            "taker_side": "no"
        },
        {
            "trade_id": "de1d89d4-47f0-4ad3-8a6a-bed1a2c9739f",
            "ticker": "HIGHCHI-24JUN11-B76.5",
            "count": 5,
            "created_time": "2024-06-11T13:20:41.785011Z",
            "yes_price": 20,
            "no_price": 80,
            "taker_side": "yes"
        },
        {
            "trade_id": "7fcffda8-63fd-4b4a-9bee-3680c5f7d71d",
            "ticker": "HIGHCHI-24JUN11-B76.5",
            "count": 2,
            "created_time": "2024-06-11T12:14:03.609212Z",
            "yes_price": 14,
            "no_price": 86,
            "taker_side": "no"
        },
        {
            "trade_id": "48e7fa1e-fbb6-4a5a-9fb2-dc7de71fbbbf",
            "ticker": "HIGHCHI-24JUN11-B76.5",
            "count": 2,
            "created_time": "2024-06-11T12:12:52.611476Z",
            "yes_price": 14,
            "no_price": 86,
            "taker_side": "no"
        },
        {
            "trade_id": "aa77ddcf-c278-4ffc-ad95-81fcb2d1f784",
            "ticker": "HIGHCHI-24JUN11-B76.5",
            "count": 85,
            "created_time": "2024-06-11T03:42:42.603972Z",
            "yes_price": 14,
            "no_price": 86,
            "taker_side": "no"
        },
        {
            "trade_id": "8f8578ca-4c46-4c82-af3a-145b19241fc2",
            "ticker": "HIGHCHI-24JUN11-B76.5",
            "count": 150,
            "created_time": "2024-06-11T03:38:33.176197Z",
            "yes_price": 15,
            "no_price": 85,
            "taker_side": "yes"
        },
        {
            "trade_id": "b93f9410-d90d-4cf7-8fe0-9d3f2aced497",
            "ticker": "HIGHCHI-24JUN11-B76.5",
            "count": 15,
            "created_time": "2024-06-11T03:37:56.644331Z",
            "yes_price": 14,
            "no_price": 86,
            "taker_side": "no"
        },
        {
            "trade_id": "158dc10e-703c-4cb4-8410-6c0224a4aa32",
            "ticker": "HIGHCHI-24JUN11-B76.5",
            "count": 75,
            "created_time": "2024-06-11T03:36:39.596149Z",
            "yes_price": 14,
            "no_price": 86,
            "taker_side": "yes"
        },
        {
            "trade_id": "c57f5444-4120-40da-a933-d13b0a849d11",
            "ticker": "HIGHCHI-24JUN11-B76.5",
            "count": 150,
            "created_time": "2024-06-11T03:16:24.939081Z",
            "yes_price": 10,
            "no_price": 90,
            "taker_side": "no"
        },
        {
            "trade_id": "0d2bb5ab-372a-4600-92b8-0698cff8b9b7",
            "ticker": "HIGHCHI-24JUN11-B76.5",
            "count": 150,
            "created_time": "2024-06-11T03:16:24.939081Z",
            "yes_price": 10,
            "no_price": 90,
            "taker_side": "no"
        },
        {
            "trade_id": "85b06d7d-9404-4a2c-8d3a-87b4b395f220",
            "ticker": "HIGHCHI-24JUN11-B76.5",
            "count": 75,
            "created_time": "2024-06-11T02:49:29.355497Z",
            "yes_price": 11,
            "no_price": 89,
            "taker_side": "no"
        },
        {
            "trade_id": "c19d64fd-b158-40a6-8d8b-4f96e844e99d",
            "ticker": "HIGHCHI-24JUN11-B76.5",
            "count": 90,
            "created_time": "2024-06-11T02:40:02.037898Z",
            "yes_price": 11,
            "no_price": 89,
            "taker_side": "no"
        },
        {
            "trade_id": "cf70061a-9219-4375-b303-1536f791a152",
            "ticker": "HIGHCHI-24JUN11-B76.5",
            "count": 5,
            "created_time": "2024-06-11T00:03:27.993068Z",
            "yes_price": 17,
            "no_price": 83,
            "taker_side": "yes"
        },
        {
            "trade_id": "32a8a4da-19e1-428a-8315-2f97f424c194",
            "ticker": "HIGHCHI-24JUN11-B76.5",
            "count": 5,
            "created_time": "2024-06-11T00:03:22.163352Z",
            "yes_price": 12,
            "no_price": 88,
            "taker_side": "no"
        },
        {
            "trade_id": "b47fc011-2336-46e3-bf83-73a9f8943331",
            "ticker": "HIGHCHI-24JUN11-B76.5",
            "count": 70,
            "created_time": "2024-06-10T23:40:28.857433Z",
            "yes_price": 17,
            "no_price": 83,
            "taker_side": "yes"
        },
        {
            "trade_id": "03acddc9-d710-44bf-8718-da3c22adc6a2",
            "ticker": "HIGHCHI-24JUN11-B76.5",
            "count": 50,
            "created_time": "2024-06-10T23:40:07.724663Z",
            "yes_price": 17,
            "no_price": 83,
            "taker_side": "yes"
        },
        {
            "trade_id": "edbb8af6-ae05-4274-9424-a551e9ffdc6f",
            "ticker": "HIGHCHI-24JUN11-B76.5",
            "count": 15,
            "created_time": "2024-06-10T23:39:00.414379Z",
            "yes_price": 16,
            "no_price": 84,
            "taker_side": "yes"
        },
        {
            "trade_id": "610734ff-4703-427b-a554-9d66d706978b",
            "ticker": "HIGHCHI-24JUN11-B76.5",
            "count": 25,
            "created_time": "2024-06-10T23:38:41.12822Z",
            "yes_price": 16,
            "no_price": 84,
            "taker_side": "yes"
        },
        {
            "trade_id": "326f8f92-9ef6-4768-81e1-0de350e1861e",
            "ticker": "HIGHCHI-24JUN11-B76.5",
            "count": 7,
            "created_time": "2024-06-10T23:30:28.805694Z",
            "yes_price": 11,
            "no_price": 89,
            "taker_side": "no"
        },
        {
            "trade_id": "3ee34f79-d83b-4a3a-84e2-368399ebdda9",
            "ticker": "HIGHCHI-24JUN11-B76.5",
            "count": 20,
            "created_time": "2024-06-10T23:29:24.414168Z",
            "yes_price": 16,
            "no_price": 84,
            "taker_side": "yes"
        },
        {
            "trade_id": "819be7fd-907a-4baf-9632-739f0d80c67f",
            "ticker": "HIGHCHI-24JUN11-B76.5",
            "count": 135,
            "created_time": "2024-06-10T23:27:30.854973Z",
            "yes_price": 16,
            "no_price": 84,
            "taker_side": "yes"
        },
        {
            "trade_id": "2cd1e922-0c9e-4b03-88e8-9c7e12a82aaf",
            "ticker": "HIGHCHI-24JUN11-B76.5",
            "count": 15,
            "created_time": "2024-06-10T23:27:11.506022Z",
            "yes_price": 15,
            "no_price": 85,
            "taker_side": "yes"
        },
        {
            "trade_id": "f74e0dab-9206-4974-ac21-69794de259a7",
            "ticker": "HIGHCHI-24JUN11-B76.5",
            "count": 1,
            "created_time": "2024-06-10T18:35:11.396415Z",
            "yes_price": 12,
            "no_price": 88,
            "taker_side": "no"
        },
        {
            "trade_id": "21cd93e9-b02d-48fd-bd65-a36264c04c71",
            "ticker": "HIGHCHI-24JUN11-B76.5",
            "count": 7,
            "created_time": "2024-06-10T17:43:14.376456Z",
            "yes_price": 12,
            "no_price": 88,
            "taker_side": "no"
        },
        {
            "trade_id": "b00bf402-1d8e-49d0-97fb-5b6d47ef54e2",
            "ticker": "HIGHCHI-24JUN11-B76.5",
            "count": 19,
            "created_time": "2024-06-10T17:42:44.932256Z",
            "yes_price": 12,
            "no_price": 88,
            "taker_side": "no"
        },
        {
            "trade_id": "e643ec26-dc7d-4edd-be52-5955580927ff",
            "ticker": "HIGHCHI-24JUN11-B76.5",
            "count": 24,
            "created_time": "2024-06-10T17:42:41.33934Z",
            "yes_price": 12,
            "no_price": 88,
            "taker_side": "no"
        },
        {
            "trade_id": "f423492e-17c6-43b9-99e0-939aaa718b61",
            "ticker": "HIGHCHI-24JUN11-B76.5",
            "count": 45,
            "created_time": "2024-06-10T14:42:08.992788Z",
            "yes_price": 27,
            "no_price": 73,
            "taker_side": "yes"
        },
        {
            "trade_id": "7806afbd-9a57-482a-8ec6-c52df048f4f5",
            "ticker": "HIGHCHI-24JUN11-B76.5",
            "count": 45,
            "created_time": "2024-06-10T14:40:28.938292Z",
            "yes_price": 28,
            "no_price": 72,
            "taker_side": "yes"
        }
    ],
    "HIGHCHI-24JUN11-B78.5": [
        {
            "trade_id": "9d2dc9a5-f070-48d1-b083-364559d15c70",
            "ticker": "HIGHCHI-24JUN11-B78.5",
            "count": 20,
            "created_time": "2024-06-11T20:09:57.466039Z",
            "yes_price": 93,
            "no_price": 7,
            "taker_side": "yes"
        },
        {
            "trade_id": "f5f860a4-37fc-4804-869b-b775d1be0a46",
            "ticker": "HIGHCHI-24JUN11-B78.5",
            "count": 10,
            "created_time": "2024-06-11T19:45:37.610136Z",
            "yes_price": 65,
            "no_price": 35,
            "taker_side": "yes"
        },
        {
            "trade_id": "50ccfad5-8618-4238-8382-25ae2b929f84",
            "ticker": "HIGHCHI-24JUN11-B78.5",
            "count": 10,
            "created_time": "2024-06-11T19:43:12.121415Z",
            "yes_price": 55,
            "no_price": 45,
            "taker_side": "yes"
        },
        {
            "trade_id": "df6d5c0a-7900-4e48-ae91-51f8960812a4",
            "ticker": "HIGHCHI-24JUN11-B78.5",
            "count": 55,
            "created_time": "2024-06-11T18:51:57.765736Z",
            "yes_price": 11,
            "no_price": 89,
            "taker_side": "no"
        },
        {
            "trade_id": "045cd016-de09-42ea-9da9-b083a094a05d",
            "ticker": "HIGHCHI-24JUN11-B78.5",
            "count": 102,
            "created_time": "2024-06-11T18:50:26.727531Z",
            "yes_price": 11,
            "no_price": 89,
            "taker_side": "no"
        },
        {
            "trade_id": "f450012f-be5a-4f7e-8038-7b56bafd7b43",
            "ticker": "HIGHCHI-24JUN11-B78.5",
            "count": 23,
            "created_time": "2024-06-11T18:14:48.920638Z",
            "yes_price": 25,
            "no_price": 75,
            "taker_side": "no"
        },
        {
            "trade_id": "f0450bcf-20b1-4b83-a873-ec7d6d9937fa",
            "ticker": "HIGHCHI-24JUN11-B78.5",
            "count": 187,
            "created_time": "2024-06-11T18:14:48.920638Z",
            "yes_price": 49,
            "no_price": 51,
            "taker_side": "no"
        },
        {
            "trade_id": "5d0847bf-ab2b-4e09-b104-7f8578740051",
            "ticker": "HIGHCHI-24JUN11-B78.5",
            "count": 7,
            "created_time": "2024-06-11T18:14:48.920638Z",
            "yes_price": 49,
            "no_price": 51,
            "taker_side": "no"
        },
        {
            "trade_id": "a69c2d6c-dd10-4d76-9ccd-d22f68d68d08",
            "ticker": "HIGHCHI-24JUN11-B78.5",
            "count": 7,
            "created_time": "2024-06-11T16:08:31.477359Z",
            "yes_price": 49,
            "no_price": 51,
            "taker_side": "yes"
        },
        {
            "trade_id": "70895b69-4b42-44af-8ebb-7a8c5324fccd",
            "ticker": "HIGHCHI-24JUN11-B78.5",
            "count": 7,
            "created_time": "2024-06-11T13:39:32.165791Z",
            "yes_price": 46,
            "no_price": 54,
            "taker_side": "no"
        },
        {
            "trade_id": "6fbe2fda-d8b4-4f92-a891-5df0da621dc6",
            "ticker": "HIGHCHI-24JUN11-B78.5",
            "count": 5,
            "created_time": "2024-06-11T13:20:41.83436Z",
            "yes_price": 46,
            "no_price": 54,
            "taker_side": "no"
        },
        {
            "trade_id": "c355e3e7-555b-4218-8b1d-19392e4e649e",
            "ticker": "HIGHCHI-24JUN11-B78.5",
            "count": 2,
            "created_time": "2024-06-11T12:14:03.598876Z",
            "yes_price": 44,
            "no_price": 56,
            "taker_side": "no"
        },
        {
            "trade_id": "edc08874-6e5b-43ab-b55b-09be26b39934",
            "ticker": "HIGHCHI-24JUN11-B78.5",
            "count": 2,
            "created_time": "2024-06-11T12:13:01.611162Z",
            "yes_price": 44,
            "no_price": 56,
            "taker_side": "no"
        },
        {
            "trade_id": "eaaae2be-ab88-4064-bfa6-3d30726401cc",
            "ticker": "HIGHCHI-24JUN11-B78.5",
            "count": 14,
            "created_time": "2024-06-11T12:05:05.770967Z",
            "yes_price": 45,
            "no_price": 55,
            "taker_side": "no"
        },
        {
            "trade_id": "43f13413-d048-4ff0-8165-8e06ff9d60ec",
            "ticker": "HIGHCHI-24JUN11-B78.5",
            "count": 3,
            "created_time": "2024-06-11T12:05:05.770967Z",
            "yes_price": 43,
            "no_price": 57,
            "taker_side": "no"
        },
        {
            "trade_id": "09cdd4f6-30f1-4c3a-b29e-2f21ca114373",
            "ticker": "HIGHCHI-24JUN11-B78.5",
            "count": 30,
            "created_time": "2024-06-11T03:58:57.983758Z",
            "yes_price": 38,
            "no_price": 62,
            "taker_side": "yes"
        },
        {
            "trade_id": "a314dfd4-3774-4564-8981-230efad54023",
            "ticker": "HIGHCHI-24JUN11-B78.5",
            "count": 30,
            "created_time": "2024-06-11T03:52:11.622428Z",
            "yes_price": 38,
            "no_price": 62,
            "taker_side": "yes"
        },
        {
            "trade_id": "172a4180-d2a5-4122-879e-5e2b7caefe7a",
            "ticker": "HIGHCHI-24JUN11-B78.5",
            "count": 75,
            "created_time": "2024-06-11T03:37:49.084932Z",
            "yes_price": 38,
            "no_price": 62,
            "taker_side": "yes"
        },
        {
            "trade_id": "c66c54db-6bc7-4cbe-a8ee-828a72a156f7",
            "ticker": "HIGHCHI-24JUN11-B78.5",
            "count": 15,
            "created_time": "2024-06-11T03:37:28.452616Z",
            "yes_price": 37,
            "no_price": 63,
            "taker_side": "yes"
        },
        {
            "trade_id": "2bd80831-de78-424e-99f6-871d4689d36a",
            "ticker": "HIGHCHI-24JUN11-B78.5",
            "count": 75,
            "created_time": "2024-06-11T03:35:57.258481Z",
            "yes_price": 37,
            "no_price": 63,
            "taker_side": "yes"
        },
        {
            "trade_id": "8751f028-ef78-4e30-b44f-63da635160f7",
            "ticker": "HIGHCHI-24JUN11-B78.5",
            "count": 90,
            "created_time": "2024-06-11T03:35:43.305482Z",
            "yes_price": 36,
            "no_price": 64,
            "taker_side": "yes"
        },
        {
            "trade_id": "c7280cce-f4bf-42a2-a0ce-75ef5fa7ca3d",
            "ticker": "HIGHCHI-24JUN11-B78.5",
            "count": 3,
            "created_time": "2024-06-11T03:34:56.188922Z",
            "yes_price": 34,
            "no_price": 66,
            "taker_side": "yes"
        },
        {
            "trade_id": "b7e65ff1-42df-4abe-9518-1186d6f2901c",
            "ticker": "HIGHCHI-24JUN11-B78.5",
            "count": 15,
            "created_time": "2024-06-11T03:34:56.188922Z",
            "yes_price": 35,
            "no_price": 65,
            "taker_side": "yes"
        },
        {
            "trade_id": "0fcb9332-e114-4c5b-b125-3e7aa6603ced",
            "ticker": "HIGHCHI-24JUN11-B78.5",
            "count": 5,
            "created_time": "2024-06-11T00:03:22.14868Z",
            "yes_price": 28,
            "no_price": 72,
            "taker_side": "no"
        },
        {
            "trade_id": "e7e9adf6-2cc1-43f4-b66d-029f850d7f74",
            "ticker": "HIGHCHI-24JUN11-B78.5",
            "count": 45,
            "created_time": "2024-06-10T23:40:49.022973Z",
            "yes_price": 33,
            "no_price": 67,
            "taker_side": "yes"
        },
        {
            "trade_id": "bc771870-f67e-4813-b33a-06d335b4b247",
            "ticker": "HIGHCHI-24JUN11-B78.5",
            "count": 75,
            "created_time": "2024-06-10T23:28:29.586193Z",
            "yes_price": 33,
            "no_price": 67,
            "taker_side": "yes"
        },
        {
            "trade_id": "223f4141-58b1-4254-9c4d-70d749a1f0da",
            "ticker": "HIGHCHI-24JUN11-B78.5",
            "count": 75,
            "created_time": "2024-06-10T23:26:50.90154Z",
            "yes_price": 33,
            "no_price": 67,
            "taker_side": "yes"
        },
        {
            "trade_id": "51837a63-5ee4-41e6-b8b3-610828b6a5c1",
            "ticker": "HIGHCHI-24JUN11-B78.5",
            "count": 15,
            "created_time": "2024-06-10T23:26:37.071503Z",
            "yes_price": 32,
            "no_price": 68,
            "taker_side": "yes"
        },
        {
            "trade_id": "d7df9908-24a6-4653-a995-46484741aead",
            "ticker": "HIGHCHI-24JUN11-B78.5",
            "count": 15,
            "created_time": "2024-06-10T23:26:04.608919Z",
            "yes_price": 32,
            "no_price": 68,
            "taker_side": "yes"
        },
        {
            "trade_id": "badef20e-1f14-430c-b4a1-71d4314cdff2",
            "ticker": "HIGHCHI-24JUN11-B78.5",
            "count": 150,
            "created_time": "2024-06-10T21:23:42.01385Z",
            "yes_price": 32,
            "no_price": 68,
            "taker_side": "yes"
        },
        {
            "trade_id": "76335aa2-e086-4cfa-8c32-567bbad8ce14",
            "ticker": "HIGHCHI-24JUN11-B78.5",
            "count": 45,
            "created_time": "2024-06-10T21:23:42.01385Z",
            "yes_price": 30,
            "no_price": 70,
            "taker_side": "yes"
        },
        {
            "trade_id": "c0fb16d1-771a-4917-9bc2-d197a44a241f",
            "ticker": "HIGHCHI-24JUN11-B78.5",
            "count": 30,
            "created_time": "2024-06-10T18:41:21.723262Z",
            "yes_price": 30,
            "no_price": 70,
            "taker_side": "yes"
        },
        {
            "trade_id": "07915a88-5374-4e3b-abd1-2f67bfac6137",
            "ticker": "HIGHCHI-24JUN11-B78.5",
            "count": 30,
            "created_time": "2024-06-10T18:40:09.223243Z",
            "yes_price": 30,
            "no_price": 70,
            "taker_side": "yes"
        },
        {
            "trade_id": "b689ce10-9c45-401c-aa07-e6821520a643",
            "ticker": "HIGHCHI-24JUN11-B78.5",
            "count": 1,
            "created_time": "2024-06-10T18:35:11.840258Z",
            "yes_price": 26,
            "no_price": 74,
            "taker_side": "no"
        },
        {
            "trade_id": "1450d2e9-8dbb-402e-b4ea-c57f67b9892f",
            "ticker": "HIGHCHI-24JUN11-B78.5",
            "count": 7,
            "created_time": "2024-06-10T17:43:14.381844Z",
            "yes_price": 26,
            "no_price": 74,
            "taker_side": "no"
        },
        {
            "trade_id": "ffae247a-2906-4c07-9f7a-3c250c356854",
            "ticker": "HIGHCHI-24JUN11-B78.5",
            "count": 19,
            "created_time": "2024-06-10T17:42:44.939777Z",
            "yes_price": 26,
            "no_price": 74,
            "taker_side": "no"
        },
        {
            "trade_id": "ed2bb3e3-3c7b-4db0-8faf-1a0e15969622",
            "ticker": "HIGHCHI-24JUN11-B78.5",
            "count": 24,
            "created_time": "2024-06-10T17:42:41.314759Z",
            "yes_price": 26,
            "no_price": 74,
            "taker_side": "no"
        },
        {
            "trade_id": "88f315fa-5303-404f-ae41-bcf8de8efb90",
            "ticker": "HIGHCHI-24JUN11-B78.5",
            "count": 75,
            "created_time": "2024-06-10T14:39:46.777424Z",
            "yes_price": 34,
            "no_price": 66,
            "taker_side": "yes"
        }
    ],
    "HIGHCHI-24JUN11-B80.5": [
        {
            "trade_id": "789fe3ae-e3fa-4857-ab4f-ae2c38e64983",
            "ticker": "HIGHCHI-24JUN11-B80.5",
            "count": 150,
            "created_time": "2024-06-11T21:31:38.666785Z",
            "yes_price": 3,
            "no_price": 97,
            "taker_side": "no"
        },
        {
            "trade_id": "ae5fbb21-03c9-40f4-8920-0f0a7a4d3360",
            "ticker": "HIGHCHI-24JUN11-B80.5",
            "count": 20,
            "created_time": "2024-06-11T20:09:57.515099Z",
            "yes_price": 6,
            "no_price": 94,
            "taker_side": "no"
        },
        {
            "trade_id": "67e7e5fe-a15a-44b4-919f-d9eb471b4730",
            "ticker": "HIGHCHI-24JUN11-B80.5",
            "count": 128,
            "created_time": "2024-06-11T18:35:34.544162Z",
            "yes_price": 7,
            "no_price": 93,
            "taker_side": "no"
        },
        {
            "trade_id": "40e3c63f-c0f0-4c01-90b0-f11a0b810305",
            "ticker": "HIGHCHI-24JUN11-B80.5",
            "count": 141,
            "created_time": "2024-06-11T18:18:31.19534Z",
            "yes_price": 16,
            "no_price": 84,
            "taker_side": "no"
        },
        {
            "trade_id": "819af30b-991b-4147-b8ee-5ed29ee34f53",
            "ticker": "HIGHCHI-24JUN11-B80.5",
            "count": 100,
            "created_time": "2024-06-11T17:29:50.677489Z",
            "yes_price": 20,
            "no_price": 80,
            "taker_side": "no"
        },
        {
            "trade_id": "5e542943-a1f7-4fdc-a83c-457abbeca040",
            "ticker": "HIGHCHI-24JUN11-B80.5",
            "count": 113,
            "created_time": "2024-06-11T17:29:50.677489Z",
            "yes_price": 16,
            "no_price": 84,
            "taker_side": "no"
        },
        {
            "trade_id": "38ba7396-dc8a-4aeb-8b64-654c5da809ad",
            "ticker": "HIGHCHI-24JUN11-B80.5",
            "count": 94,
            "created_time": "2024-06-11T17:29:50.677489Z",
            "yes_price": 24,
            "no_price": 76,
            "taker_side": "no"
        },
        {
            "trade_id": "0425c496-9073-485c-a79d-8eeba1fef68f",
            "ticker": "HIGHCHI-24JUN11-B80.5",
            "count": 6,
            "created_time": "2024-06-11T17:13:33.092802Z",
            "yes_price": 24,
            "no_price": 76,
            "taker_side": "no"
        },
        {
            "trade_id": "e9c1d72b-20d0-40bd-8377-2f6057e8d657",
            "ticker": "HIGHCHI-24JUN11-B80.5",
            "count": 17,
            "created_time": "2024-06-11T16:07:01.757842Z",
            "yes_price": 28,
            "no_price": 72,
            "taker_side": "yes"
        },
        {
            "trade_id": "b9070baf-f104-457b-bfa5-5757f884edb8",
            "ticker": "HIGHCHI-24JUN11-B80.5",
            "count": 12,
            "created_time": "2024-06-11T15:58:30.906387Z",
            "yes_price": 30,
            "no_price": 70,
            "taker_side": "no"
        },
        {
            "trade_id": "6ed922b0-a613-483d-97f1-ca05951f1c9c",
            "ticker": "HIGHCHI-24JUN11-B80.5",
            "count": 50,
            "created_time": "2024-06-11T15:58:30.906387Z",
            "yes_price": 26,
            "no_price": 74,
            "taker_side": "no"
        },
        {
            "trade_id": "6e9689c4-f9cb-4905-9ff8-3278faf9aa9b",
            "ticker": "HIGHCHI-24JUN11-B80.5",
            "count": 20,
            "created_time": "2024-06-11T15:58:30.906387Z",
            "yes_price": 28,
            "no_price": 72,
            "taker_side": "no"
        },
        {
            "trade_id": "6072cffd-9296-4da5-aebc-6acabb966612",
            "ticker": "HIGHCHI-24JUN11-B80.5",
            "count": 48,
            "created_time": "2024-06-11T15:58:30.906387Z",
            "yes_price": 27,
            "no_price": 73,
            "taker_side": "no"
        },
        {
            "trade_id": "00d8c9b4-c92e-4225-bd2c-821182c0fbe9",
            "ticker": "HIGHCHI-24JUN11-B80.5",
            "count": 20,
            "created_time": "2024-06-11T15:58:30.906387Z",
            "yes_price": 26,
            "no_price": 74,
            "taker_side": "no"
        },
        {
            "trade_id": "b7e722b5-1e7c-41a6-b8a1-efa59c8d55be",
            "ticker": "HIGHCHI-24JUN11-B80.5",
            "count": 60,
            "created_time": "2024-06-11T15:57:42.992964Z",
            "yes_price": 33,
            "no_price": 67,
            "taker_side": "no"
        },
        {
            "trade_id": "888ef076-fd0e-40d7-8176-3c54f1cf8485",
            "ticker": "HIGHCHI-24JUN11-B80.5",
            "count": 60,
            "created_time": "2024-06-11T15:57:42.992964Z",
            "yes_price": 31,
            "no_price": 69,
            "taker_side": "no"
        },
        {
            "trade_id": "64e537e9-ccd2-4729-a759-fa2a117aedec",
            "ticker": "HIGHCHI-24JUN11-B80.5",
            "count": 24,
            "created_time": "2024-06-11T15:57:42.992964Z",
            "yes_price": 35,
            "no_price": 65,
            "taker_side": "no"
        },
        {
            "trade_id": "6236d8fb-57b9-405e-ad11-2fe0c888ae06",
            "ticker": "HIGHCHI-24JUN11-B80.5",
            "count": 12,
            "created_time": "2024-06-11T15:57:04.258715Z",
            "yes_price": 36,
            "no_price": 64,
            "taker_side": "no"
        },
        {
            "trade_id": "4b57c63d-52be-425b-9757-73e8e0f528b4",
            "ticker": "HIGHCHI-24JUN11-B80.5",
            "count": 9,
            "created_time": "2024-06-11T15:57:04.258715Z",
            "yes_price": 34,
            "no_price": 66,
            "taker_side": "no"
        },
        {
            "trade_id": "0a52470a-0e12-49c7-919d-3b505a9c2c05",
            "ticker": "HIGHCHI-24JUN11-B80.5",
            "count": 24,
            "created_time": "2024-06-11T14:08:30.008459Z",
            "yes_price": 27,
            "no_price": 73,
            "taker_side": "no"
        },
        {
            "trade_id": "7aaf458d-30cf-4cce-af93-d2e55041cc43",
            "ticker": "HIGHCHI-24JUN11-B80.5",
            "count": 11,
            "created_time": "2024-06-11T14:00:37.016927Z",
            "yes_price": 27,
            "no_price": 73,
            "taker_side": "no"
        },
        {
            "trade_id": "6cb367fa-39ad-4a2a-bd6f-338f6cc9026d",
            "ticker": "HIGHCHI-24JUN11-B80.5",
            "count": 11,
            "created_time": "2024-06-11T13:58:36.70579Z",
            "yes_price": 27,
            "no_price": 73,
            "taker_side": "no"
        },
        {
            "trade_id": "bfe2a2b3-808d-4ab5-b5d8-25b72ff5c939",
            "ticker": "HIGHCHI-24JUN11-B80.5",
            "count": 4,
            "created_time": "2024-06-11T13:49:51.290537Z",
            "yes_price": 27,
            "no_price": 73,
            "taker_side": "no"
        },
        {
            "trade_id": "c6e74f0f-fc9a-4e0e-8a64-8de08b0cde1a",
            "ticker": "HIGHCHI-24JUN11-B80.5",
            "count": 7,
            "created_time": "2024-06-11T13:39:32.152039Z",
            "yes_price": 28,
            "no_price": 72,
            "taker_side": "no"
        },
        {
            "trade_id": "3d8fb4ff-0e3e-462f-a0b3-331f30e09c91",
            "ticker": "HIGHCHI-24JUN11-B80.5",
            "count": 38,
            "created_time": "2024-06-11T13:32:28.016148Z",
            "yes_price": 28,
            "no_price": 72,
            "taker_side": "no"
        },
        {
            "trade_id": "9cf08efd-399a-45e1-8f07-8c85dc220667",
            "ticker": "HIGHCHI-24JUN11-B80.5",
            "count": 5,
            "created_time": "2024-06-11T13:20:41.833587Z",
            "yes_price": 28,
            "no_price": 72,
            "taker_side": "no"
        },
        {
            "trade_id": "26369ead-d298-4723-b7c5-7ac380f3efb7",
            "ticker": "HIGHCHI-24JUN11-B80.5",
            "count": 16,
            "created_time": "2024-06-11T13:08:35.391748Z",
            "yes_price": 29,
            "no_price": 71,
            "taker_side": "no"
        },
        {
            "trade_id": "69ce3965-0372-4630-82fe-66ad6df45ede",
            "ticker": "HIGHCHI-24JUN11-B80.5",
            "count": 14,
            "created_time": "2024-06-11T13:00:26.821286Z",
            "yes_price": 29,
            "no_price": 71,
            "taker_side": "no"
        },
        {
            "trade_id": "9d6b8bcb-6e3a-4be2-94ba-14290fbf8eb9",
            "ticker": "HIGHCHI-24JUN11-B80.5",
            "count": 14,
            "created_time": "2024-06-11T12:56:29.032264Z",
            "yes_price": 29,
            "no_price": 71,
            "taker_side": "no"
        },
        {
            "trade_id": "9ed2d9a7-4511-4d0f-b5aa-24eccebbfbb7",
            "ticker": "HIGHCHI-24JUN11-B80.5",
            "count": 29,
            "created_time": "2024-06-11T12:24:38.955434Z",
            "yes_price": 30,
            "no_price": 70,
            "taker_side": "yes"
        },
        {
            "trade_id": "5b3c9871-0dcc-4c76-afdd-7a27853a2536",
            "ticker": "HIGHCHI-24JUN11-B80.5",
            "count": 2,
            "created_time": "2024-06-11T12:14:03.616606Z",
            "yes_price": 29,
            "no_price": 71,
            "taker_side": "no"
        },
        {
            "trade_id": "6edb0858-3cb2-4cbb-b620-cc86cac47359",
            "ticker": "HIGHCHI-24JUN11-B80.5",
            "count": 2,
            "created_time": "2024-06-11T12:13:12.805655Z",
            "yes_price": 29,
            "no_price": 71,
            "taker_side": "no"
        },
        {
            "trade_id": "02e36290-0ad1-4fb2-ad02-8a982411efb0",
            "ticker": "HIGHCHI-24JUN11-B80.5",
            "count": 73,
            "created_time": "2024-06-11T12:09:02.336181Z",
            "yes_price": 30,
            "no_price": 70,
            "taker_side": "yes"
        },
        {
            "trade_id": "ce80c005-fae8-4f16-a921-00a9558fc683",
            "ticker": "HIGHCHI-24JUN11-B80.5",
            "count": 5,
            "created_time": "2024-06-11T00:03:22.156875Z",
            "yes_price": 26,
            "no_price": 74,
            "taker_side": "no"
        },
        {
            "trade_id": "62796a60-903d-4f0a-a8cf-62222258930c",
            "ticker": "HIGHCHI-24JUN11-B80.5",
            "count": 10,
            "created_time": "2024-06-10T23:41:09.832118Z",
            "yes_price": 31,
            "no_price": 69,
            "taker_side": "yes"
        },
        {
            "trade_id": "1bed8a8a-9956-456c-9271-dabb374d9b6f",
            "ticker": "HIGHCHI-24JUN11-B80.5",
            "count": 35,
            "created_time": "2024-06-10T23:41:02.184351Z",
            "yes_price": 31,
            "no_price": 69,
            "taker_side": "yes"
        },
        {
            "trade_id": "fd7277cf-2042-43a6-918d-2abdf17ec215",
            "ticker": "HIGHCHI-24JUN11-B80.5",
            "count": 75,
            "created_time": "2024-06-10T23:28:24.635401Z",
            "yes_price": 32,
            "no_price": 68,
            "taker_side": "yes"
        },
        {
            "trade_id": "57ce40a0-0460-4c5f-a0ae-9a76f136d09c",
            "ticker": "HIGHCHI-24JUN11-B80.5",
            "count": 90,
            "created_time": "2024-06-10T23:26:43.821587Z",
            "yes_price": 32,
            "no_price": 68,
            "taker_side": "yes"
        },
        {
            "trade_id": "2fcf6946-b6be-4b36-a3b4-046208c06dc1",
            "ticker": "HIGHCHI-24JUN11-B80.5",
            "count": 15,
            "created_time": "2024-06-10T23:26:12.387533Z",
            "yes_price": 31,
            "no_price": 69,
            "taker_side": "yes"
        },
        {
            "trade_id": "2926afd4-3486-4e84-b5b2-f0b90d8bbeae",
            "ticker": "HIGHCHI-24JUN11-B80.5",
            "count": 75,
            "created_time": "2024-06-10T18:41:38.563157Z",
            "yes_price": 31,
            "no_price": 69,
            "taker_side": "yes"
        },
        {
            "trade_id": "a733ab10-8145-4712-9ba2-b8aaac3c9a7a",
            "ticker": "HIGHCHI-24JUN11-B80.5",
            "count": 60,
            "created_time": "2024-06-10T18:41:31.125888Z",
            "yes_price": 31,
            "no_price": 69,
            "taker_side": "yes"
        },
        {
            "trade_id": "ad58f6cb-5fc4-4933-9a7b-30d0363bf8ee",
            "ticker": "HIGHCHI-24JUN11-B80.5",
            "count": 7,
            "created_time": "2024-06-10T17:43:14.368916Z",
            "yes_price": 26,
            "no_price": 74,
            "taker_side": "no"
        },
        {
            "trade_id": "d16a6c16-90f8-457a-973d-6fbb59248297",
            "ticker": "HIGHCHI-24JUN11-B80.5",
            "count": 19,
            "created_time": "2024-06-10T17:42:44.921611Z",
            "yes_price": 25,
            "no_price": 75,
            "taker_side": "no"
        },
        {
            "trade_id": "1f1c1bca-6cc6-4fc3-986c-e76b5abff38c",
            "ticker": "HIGHCHI-24JUN11-B80.5",
            "count": 24,
            "created_time": "2024-06-10T17:42:41.325286Z",
            "yes_price": 27,
            "no_price": 73,
            "taker_side": "no"
        },
        {
            "trade_id": "bbd2f73d-bea5-4cc2-bdb9-fe1e537e260d",
            "ticker": "HIGHCHI-24JUN11-B80.5",
            "count": 1,
            "created_time": "2024-06-10T17:30:24.818916Z",
            "yes_price": 27,
            "no_price": 73,
            "taker_side": "no"
        },
        {
            "trade_id": "2efa1cad-ec82-4fe0-b12b-a370cf47c468",
            "ticker": "HIGHCHI-24JUN11-B80.5",
            "count": 5,
            "created_time": "2024-06-10T16:29:14.997653Z",
            "yes_price": 27,
            "no_price": 73,
            "taker_side": "no"
        }
    ],
    "HIGHCHI-24JUN11-T81": [
        {
            "trade_id": "b0f7a892-c2e2-4fe8-8971-bc7e084fc9bf",
            "ticker": "HIGHCHI-24JUN11-T81",
            "count": 130,
            "created_time": "2024-06-11T20:13:08.11839Z",
            "yes_price": 1,
            "no_price": 99,
            "taker_side": "no"
        },
        {
            "trade_id": "f4c0dcfb-b492-4618-b279-e16f3d932bb5",
            "ticker": "HIGHCHI-24JUN11-T81",
            "count": 20,
            "created_time": "2024-06-11T20:09:57.50947Z",
            "yes_price": 1,
            "no_price": 99,
            "taker_side": "no"
        },
        {
            "trade_id": "aa0a05df-2de8-47d8-95b2-49d80f1d2840",
            "ticker": "HIGHCHI-24JUN11-T81",
            "count": 2,
            "created_time": "2024-06-11T20:07:37.689257Z",
            "yes_price": 2,
            "no_price": 98,
            "taker_side": "no"
        },
        {
            "trade_id": "2c4b68bd-0f1d-431a-a388-2427336bc8be",
            "ticker": "HIGHCHI-24JUN11-T81",
            "count": 125,
            "created_time": "2024-06-11T15:58:38.934811Z",
            "yes_price": 6,
            "no_price": 94,
            "taker_side": "no"
        },
        {
            "trade_id": "8c578ba8-b4e2-4d13-9a60-c96e68ea2d97",
            "ticker": "HIGHCHI-24JUN11-T81",
            "count": 240,
            "created_time": "2024-06-11T13:58:29.832935Z",
            "yes_price": 9,
            "no_price": 91,
            "taker_side": "no"
        },
        {
            "trade_id": "cfa6610b-2597-4a80-ac23-cab3e869d70f",
            "ticker": "HIGHCHI-24JUN11-T81",
            "count": 7,
            "created_time": "2024-06-11T13:39:32.087025Z",
            "yes_price": 22,
            "no_price": 78,
            "taker_side": "yes"
        },
        {
            "trade_id": "fcbaf075-fb12-4a01-bd50-5c4cf3b67b08",
            "ticker": "HIGHCHI-24JUN11-T81",
            "count": 5,
            "created_time": "2024-06-11T13:20:41.844715Z",
            "yes_price": 9,
            "no_price": 91,
            "taker_side": "no"
        },
        {
            "trade_id": "dce2241b-70bf-468b-8fce-7483c9244a28",
            "ticker": "HIGHCHI-24JUN11-T81",
            "count": 2,
            "created_time": "2024-06-11T12:14:03.595154Z",
            "yes_price": 9,
            "no_price": 91,
            "taker_side": "no"
        },
        {
            "trade_id": "32f77a69-b0ab-4fef-bae3-e6425b68df44",
            "ticker": "HIGHCHI-24JUN11-T81",
            "count": 3,
            "created_time": "2024-06-11T12:13:25.298503Z",
            "yes_price": 9,
            "no_price": 91,
            "taker_side": "no"
        },
        {
            "trade_id": "797550e0-91f6-46b3-a263-299ef4c96b39",
            "ticker": "HIGHCHI-24JUN11-T81",
            "count": 5,
            "created_time": "2024-06-11T00:03:22.137546Z",
            "yes_price": 18,
            "no_price": 82,
            "taker_side": "no"
        },
        {
            "trade_id": "fdd3a1cd-cad6-4253-a8d0-72c96e63d664",
            "ticker": "HIGHCHI-24JUN11-T81",
            "count": 75,
            "created_time": "2024-06-10T23:28:55.605132Z",
            "yes_price": 24,
            "no_price": 76,
            "taker_side": "yes"
        },
        {
            "trade_id": "1d62eb1f-a552-44f5-82cb-9ba8a5c46e3d",
            "ticker": "HIGHCHI-24JUN11-T81",
            "count": 45,
            "created_time": "2024-06-10T23:27:58.175168Z",
            "yes_price": 24,
            "no_price": 76,
            "taker_side": "yes"
        },
        {
            "trade_id": "aa92df99-eb9c-4ef4-a600-70e4f88cb96a",
            "ticker": "HIGHCHI-24JUN11-T81",
            "count": 90,
            "created_time": "2024-06-10T18:39:28.557376Z",
            "yes_price": 26,
            "no_price": 74,
            "taker_side": "yes"
        },
        {
            "trade_id": "87bf02c1-c14b-4346-900e-723e6db79b40",
            "ticker": "HIGHCHI-24JUN11-T81",
            "count": 75,
            "created_time": "2024-06-10T18:39:13.447362Z",
            "yes_price": 25,
            "no_price": 75,
            "taker_side": "yes"
        },
        {
            "trade_id": "fbb6d4fc-f430-408c-a8e5-3196c07b3c69",
            "ticker": "HIGHCHI-24JUN11-T81",
            "count": 1,
            "created_time": "2024-06-10T18:35:12.446099Z",
            "yes_price": 20,
            "no_price": 80,
            "taker_side": "no"
        },
        {
            "trade_id": "63389866-5f12-44ed-a122-dec0d62d7055",
            "ticker": "HIGHCHI-24JUN11-T81",
            "count": 7,
            "created_time": "2024-06-10T17:43:14.358168Z",
            "yes_price": 19,
            "no_price": 81,
            "taker_side": "no"
        },
        {
            "trade_id": "0028d674-53c9-4ff9-b522-0533176b87b0",
            "ticker": "HIGHCHI-24JUN11-T81",
            "count": 19,
            "created_time": "2024-06-10T17:42:44.945421Z",
            "yes_price": 20,
            "no_price": 80,
            "taker_side": "no"
        },
        {
            "trade_id": "b812abc7-f7fd-43cf-9d57-544a8979bdc1",
            "ticker": "HIGHCHI-24JUN11-T81",
            "count": 24,
            "created_time": "2024-06-10T17:42:41.332939Z",
            "yes_price": 20,
            "no_price": 80,
            "taker_side": "no"
        },
        {
            "trade_id": "46a5db91-a675-481a-8639-ce304c68ed62",
            "ticker": "HIGHCHI-24JUN11-T81",
            "count": 2,
            "created_time": "2024-06-10T15:40:28.266034Z",
            "yes_price": 19,
            "no_price": 81,
            "taker_side": "yes"
        },
        {
            "trade_id": "5a9d1092-b922-4137-aba3-1ead67948ff6",
            "ticker": "HIGHCHI-24JUN11-T81",
            "count": 3,
            "created_time": "2024-06-10T15:36:33.014748Z",
            "yes_price": 17,
            "no_price": 83,
            "taker_side": "yes"
        }
    ]
}