{
    "KXHIGHCHI-24NOV20-T44": [
        {
            "trade_id": "c7a099a6-ba44-493a-9a94-e40e967254d7",
            "ticker": "KXHIGHCHI-24NOV20-T44",
            "count": 93,
            "created_time": "2024-11-21T04:53:49.211033Z",
            "yes_price": 1,
            "no_price": 99,
            "taker_side": "yes"
        },
        {
            "trade_id": "a4be8542-8551-4db1-8001-d6982902ba75",
            "ticker": "KXHIGHCHI-24NOV20-T44",
            "count": 467,
            "created_time": "2024-11-20T23:16:52.816776Z",
            "yes_price": 1,
            "no_price": 99,
            "taker_side": "yes"
        },
        {
            "trade_id": "c33f6fc6-1a00-4f32-b59f-fefb9d340386",
            "ticker": "KXHIGHCHI-24NOV20-T44",
            "count": 647,
            "created_time": "2024-11-20T04:57:24.4571Z",
            "yes_price": 1,
            "no_price": 99,
            "taker_side": "no"
        },
        {
            "trade_id": "533fa810-e95d-45a3-bc3e-7dbf6d0027b6",
            "ticker": "KXHIGHCHI-24NOV20-T44",
            "count": 500,
            "created_time": "2024-11-20T03:31:27.895723Z",
            "yes_price": 1,
            "no_price": 99,
            "taker_side": "no"
        },
        {
            "trade_id": "03a3ac36-d7ff-4feb-b87a-65b009135e96",
            "ticker": "KXHIGHCHI-24NOV20-T44",
            "count": 3,
            "created_time": "2024-11-20T03:07:15.083897Z",
            "yes_price": 1,
            "no_price": 99,
            "taker_side": "no"
        },
        {
            "trade_id": "d8f5311f-ff4d-4858-9c4d-c9111f0d34b9",
            "ticker": "KXHIGHCHI-24NOV20-T44",
            "count": 3,
            "created_time": "2024-11-20T03:06:30.382757Z",
            "yes_price": 1,
            "no_price": 99,
            "taker_side": "no"
        },
        {
            "trade_id": "3ddc1091-8d00-44f1-a94d-c3efb79ef2cc",
            "ticker": "KXHIGHCHI-24NOV20-T44",
            "count": 3,
            "created_time": "2024-11-20T03:05:34.104802Z",
            "yes_price": 1,
            "no_price": 99,
            "taker_side": "no"
        },
        {
            "trade_id": "362a1ee5-b7ce-4901-9306-d2f97916092b",
            "ticker": "KXHIGHCHI-24NOV20-T44",
            "count": 3,
            "created_time": "2024-11-20T03:05:24.997462Z",
            "yes_price": 1,
            "no_price": 99,
            "taker_side": "no"
        },
        {
            "trade_id": "5cb81794-8858-4f8c-9886-a71e6570da4e",
            "ticker": "KXHIGHCHI-24NOV20-T44",
            "count": 12,
            "created_time": "2024-11-20T03:03:52.609283Z",
            "yes_price": 1,
            "no_price": 99,
            "taker_side": "no"
        },
        {
            "trade_id": "abb9e6b5-88f7-44cd-94d5-650dfaa3859e",
            "ticker": "KXHIGHCHI-24NOV20-T44",
            "count": 3,
            "created_time": "2024-11-20T03:03:26.179669Z",
            "yes_price": 1,
            "no_price": 99,
            "taker_side": "no"
        },
        {
            "trade_id": "147d4566-84ea-4234-a40b-c4764c769547",
            "ticker": "KXHIGHCHI-24NOV20-T44",
            "count": 36,
            "created_time": "2024-11-20T03:02:07.011335Z",
            "yes_price": 1,
            "no_price": 99,
            "taker_side": "no"
        },
        {
            "trade_id": "0bf4bb3d-ca97-4569-bed2-3a855584e04c",
            "ticker": "KXHIGHCHI-24NOV20-T44",
            "count": 12,
            "created_time": "2024-11-20T03:01:54.91523Z",
            "yes_price": 1,
            "no_price": 99,
            "taker_side": "no"
        },
        {
            "trade_id": "3acfdb35-9682-4822-a0f9-a1e3f7e8ddaa",
            "ticker": "KXHIGHCHI-24NOV20-T44",
            "count": 12,
            "created_time": "2024-11-20T03:01:49.450083Z",
            "yes_price": 1,
            "no_price": 99,
            "taker_side": "no"
        },
        {
            "trade_id": "a8396efa-f396-4a65-be2d-e02d2a83b390",
            "ticker": "KXHIGHCHI-24NOV20-T44",
            "count": 3,
            "created_time": "2024-11-20T03:01:06.701796Z",
            "yes_price": 1,
            "no_price": 99,
            "taker_side": "no"
        },
        {
            "trade_id": "9f6e8fc9-3fb1-4c8e-a20c-892615bc17ef",
            "ticker": "KXHIGHCHI-24NOV20-T44",
            "count": 36,
            "created_time": "2024-11-20T02:59:49.374798Z",
            "yes_price": 1,
            "no_price": 99,
            "taker_side": "no"
        },
        {
            "trade_id": "ea362eeb-180d-425d-b357-074b41cb3496",
            "ticker": "KXHIGHCHI-24NOV20-T44",
            "count": 12,
            "created_time": "2024-11-20T02:59:40.707652Z",
            "yes_price": 1,
            "no_price": 99,
            "taker_side": "no"
        },
        {
            "trade_id": "c00b52ac-781c-4e16-90ba-7594f575389d",
            "ticker": "KXHIGHCHI-24NOV20-T44",
            "count": 10,
            "created_time": "2024-11-20T02:58:46.49157Z",
            "yes_price": 1,
            "no_price": 99,
            "taker_side": "no"
        },
        {
            "trade_id": "b748083c-3ecb-4d30-bd2e-b5c542274f4e",
            "ticker": "KXHIGHCHI-24NOV20-T44",
            "count": 36,
            "created_time": "2024-11-20T02:58:40.928914Z",
            "yes_price": 1,
            "no_price": 99,
            "taker_side": "no"
        },
        {
            "trade_id": "58f6b90e-904b-461b-bcad-ef72afa32f4e",
            "ticker": "KXHIGHCHI-24NOV20-T44",
            "count": 36,
            "created_time": "2024-11-20T02:58:27.265718Z",
            "yes_price": 1,
            "no_price": 99,
            "taker_side": "no"
        },
        {
            "trade_id": "be80afe0-67cb-45eb-80e8-d37d0bdddc95",
            "ticker": "KXHIGHCHI-24NOV20-T44",
            "count": 36,
            "created_time": "2024-11-20T02:57:59.169444Z",
            "yes_price": 1,
            "no_price": 99,
            "taker_side": "no"
        },
        {
            "trade_id": "97e3999a-a45d-43f2-b086-96ca2f6dd434",
            "ticker": "KXHIGHCHI-24NOV20-T44",
            "count": 47,
            "created_time": "2024-11-20T02:57:53.144671Z",
            "yes_price": 1,
            "no_price": 99,
            "taker_side": "yes"
        },
        {
            "trade_id": "9691b656-2ec7-4ebb-ac22-d391ff13a79d",
            "ticker": "KXHIGHCHI-24NOV20-T44",
            "count": 500,
            "created_time": "2024-11-20T02:57:53.144671Z",
            "yes_price": 1,
            "no_price": 99,
            "taker_side": "yes"
        },
        {
            "trade_id": "2de6b699-d81d-401e-8024-446bc1fdc4a0",
            "ticker": "KXHIGHCHI-24NOV20-T44",
            "count": 50,
            "created_time": "2024-11-20T02:57:53.144671Z",
            "yes_price": 1,
            "no_price": 99,
            "taker_side": "yes"
        },
        {
            "trade_id": "d9983ba4-5a30-4aeb-b70f-4cc39cb6a75c",
            "ticker": "KXHIGHCHI-24NOV20-T44",
            "count": 187,
            "created_time": "2024-11-20T00:49:49.709945Z",
            "yes_price": 1,
            "no_price": 99,
            "taker_side": "yes"
        },
        {
            "trade_id": "70222e95-de4e-4aa1-8d19-20c9472f465f",
            "ticker": "KXHIGHCHI-24NOV20-T44",
            "count": 500,
            "created_time": "2024-11-19T22:32:23.669369Z",
            "yes_price": 1,
            "no_price": 99,
            "taker_side": "yes"
        },
        {
            "trade_id": "14ead88f-d9b1-4344-881a-b73f6c7ab659",
            "ticker": "KXHIGHCHI-24NOV20-T44",
            "count": 100,
            "created_time": "2024-11-19T19:38:56.787966Z",
            "yes_price": 1,
            "no_price": 99,
            "taker_side": "yes"
        },
        {
            "trade_id": "e1207c0d-0295-42f5-8262-73ba3ddb4adc",
            "ticker": "KXHIGHCHI-24NOV20-T44",
            "count": 100,
            "created_time": "2024-11-19T18:12:08.709404Z",
            "yes_price": 1,
            "no_price": 99,
            "taker_side": "yes"
        },
        {
            "trade_id": "ec4c2445-4796-4bd5-bb37-45df0ed1dfcc",
            "ticker": "KXHIGHCHI-24NOV20-T44",
            "count": 66,
            "created_time": "2024-11-19T15:11:07.993283Z",
            "yes_price": 1,
            "no_price": 99,
            "taker_side": "no"
        },
        {
            "trade_id": "99fbed5a-4449-4ce8-871f-23315b6e6dd6",
            "ticker": "KXHIGHCHI-24NOV20-T44",
            "count": 40,
            "created_time": "2024-11-19T15:09:03.538644Z",
            "yes_price": 2,
            "no_price": 98,
            "taker_side": "no"
        },
        {
            "trade_id": "78d2a39b-0388-4aa5-9e41-5aad47c39291",
            "ticker": "KXHIGHCHI-24NOV20-T44",
            "count": 50,
            "created_time": "2024-11-19T15:06:48.784615Z",
            "yes_price": 1,
            "no_price": 99,
            "taker_side": "yes"
        },
        {
            "trade_id": "3b7118e2-e160-4812-b620-4ccc19a56f69",
            "ticker": "KXHIGHCHI-24NOV20-T44",
            "count": 1000,
            "created_time": "2024-11-19T15:00:24.010128Z",
            "yes_price": 80,
            "no_price": 20,
            "taker_side": "yes"
        }
    ],
    "KXHIGHCHI-24NOV20-B44.5": [
        {
            "trade_id": "886bcb0f-3011-4d75-87ac-f5412164ab34",
            "ticker": "KXHIGHCHI-24NOV20-B44.5",
            "count": 935,
            "created_time": "2024-11-21T04:53:28.979155Z",
            "yes_price": 1,
            "no_price": 99,
            "taker_side": "yes"
        },
        {
            "trade_id": "e47240bd-c1ee-4777-8669-598c3012aa6a",
            "ticker": "KXHIGHCHI-24NOV20-B44.5",
            "count": 4,
            "created_time": "2024-11-21T04:09:50.666165Z",
            "yes_price": 1,
            "no_price": 99,
            "taker_side": "yes"
        },
        {
            "trade_id": "7069eca2-5bd5-429e-800e-2f065c22528e",
            "ticker": "KXHIGHCHI-24NOV20-B44.5",
            "count": 467,
            "created_time": "2024-11-20T21:28:32.386722Z",
            "yes_price": 1,
            "no_price": 99,
            "taker_side": "yes"
        },
        {
            "trade_id": "166e974a-39ea-4cf7-938a-a01d81aeadda",
            "ticker": "KXHIGHCHI-24NOV20-B44.5",
            "count": 700,
            "created_time": "2024-11-20T13:38:06.724807Z",
            "yes_price": 1,
            "no_price": 99,
            "taker_side": "yes"
        },
        {
            "trade_id": "112bd45d-2dc3-4371-a9fe-283960e8d1b5",
            "ticker": "KXHIGHCHI-24NOV20-B44.5",
            "count": 467,
            "created_time": "2024-11-20T06:11:41.439607Z",
            "yes_price": 1,
            "no_price": 99,
            "taker_side": "yes"
        },
        {
            "trade_id": "cfd4993e-7f95-4eed-9fc6-62560bf1f63e",
            "ticker": "KXHIGHCHI-24NOV20-B44.5",
            "count": 1000,
            "created_time": "2024-11-20T05:52:00.207319Z",
            "yes_price": 1,
            "no_price": 99,
            "taker_side": "no"
        },
        {
            "trade_id": "cfab8566-497b-421a-855c-49793198d2a2",
            "ticker": "KXHIGHCHI-24NOV20-B44.5",
            "count": 774,
            "created_time": "2024-11-20T05:52:00.207319Z",
            "yes_price": 1,
            "no_price": 99,
            "taker_side": "no"
        },
        {
            "trade_id": "d49e425d-7337-4a9f-b051-05504e1b202d",
            "ticker": "KXHIGHCHI-24NOV20-B44.5",
            "count": 1,
            "created_time": "2024-11-20T05:23:49.254714Z",
            "yes_price": 5,
            "no_price": 95,
            "taker_side": "yes"
        },
        {
            "trade_id": "2b8ba594-d7a5-4a25-a8d7-837c6264768b",
            "ticker": "KXHIGHCHI-24NOV20-B44.5",
            "count": 1,
            "created_time": "2024-11-20T05:23:40.891384Z",
            "yes_price": 4,
            "no_price": 96,
            "taker_side": "yes"
        },
        {
            "trade_id": "ed7f7545-dd4b-4c52-8397-3e6ec0205aed",
            "ticker": "KXHIGHCHI-24NOV20-B44.5",
            "count": 1,
            "created_time": "2024-11-20T05:23:32.755582Z",
            "yes_price": 3,
            "no_price": 97,
            "taker_side": "yes"
        },
        {
            "trade_id": "9e310e59-738d-4ff0-afc4-18a439a58041",
            "ticker": "KXHIGHCHI-24NOV20-B44.5",
            "count": 136,
            "created_time": "2024-11-20T05:17:41.412238Z",
            "yes_price": 2,
            "no_price": 98,
            "taker_side": "yes"
        },
        {
            "trade_id": "6d140498-c398-4e4f-b690-f24b0610b6f9",
            "ticker": "KXHIGHCHI-24NOV20-B44.5",
            "count": 1,
            "created_time": "2024-11-20T05:17:41.412238Z",
            "yes_price": 2,
            "no_price": 98,
            "taker_side": "yes"
        },
        {
            "trade_id": "1c2febd1-b2bd-46e3-8cbe-786b69fe7337",
            "ticker": "KXHIGHCHI-24NOV20-B44.5",
            "count": 100,
            "created_time": "2024-11-20T05:17:41.412238Z",
            "yes_price": 2,
            "no_price": 98,
            "taker_side": "yes"
        },
        {
            "trade_id": "fa372ad7-45fd-4052-b62d-48001aeb289c",
            "ticker": "KXHIGHCHI-24NOV20-B44.5",
            "count": 264,
            "created_time": "2024-11-20T04:37:09.578721Z",
            "yes_price": 2,
            "no_price": 98,
            "taker_side": "yes"
        },
        {
            "trade_id": "96cdc69e-e0f8-44ce-b66e-e5dd34fb10c2",
            "ticker": "KXHIGHCHI-24NOV20-B44.5",
            "count": 3,
            "created_time": "2024-11-20T03:07:15.039923Z",
            "yes_price": 1,
            "no_price": 99,
            "taker_side": "no"
        },
        {
            "trade_id": "65d917bb-3ce7-4b45-ac84-2e4d6f27298c",
            "ticker": "KXHIGHCHI-24NOV20-B44.5",
            "count": 3,
            "created_time": "2024-11-20T03:06:30.386373Z",
            "yes_price": 1,
            "no_price": 99,
            "taker_side": "no"
        },
        {
            "trade_id": "234ea02c-050d-43b4-a46a-d0e001d336f1",
            "ticker": "KXHIGHCHI-24NOV20-B44.5",
            "count": 3,
            "created_time": "2024-11-20T03:05:34.108046Z",
            "yes_price": 1,
            "no_price": 99,
            "taker_side": "no"
        },
        {
            "trade_id": "f535f09a-dfba-4c77-9497-73fdbc112f9f",
            "ticker": "KXHIGHCHI-24NOV20-B44.5",
            "count": 3,
            "created_time": "2024-11-20T03:05:25.00013Z",
            "yes_price": 1,
            "no_price": 99,
            "taker_side": "no"
        },
        {
            "trade_id": "63876ea9-7ffe-4cfb-904d-25661adcf07d",
            "ticker": "KXHIGHCHI-24NOV20-B44.5",
            "count": 12,
            "created_time": "2024-11-20T03:03:52.612254Z",
            "yes_price": 1,
            "no_price": 99,
            "taker_side": "no"
        },
        {
            "trade_id": "cfb3cfa4-8df1-40e7-a34d-e8c1a63eafc4",
            "ticker": "KXHIGHCHI-24NOV20-B44.5",
            "count": 3,
            "created_time": "2024-11-20T03:03:26.18306Z",
            "yes_price": 1,
            "no_price": 99,
            "taker_side": "no"
        },
        {
            "trade_id": "080cff37-0ef1-4d2b-a601-18fbd3350271",
            "ticker": "KXHIGHCHI-24NOV20-B44.5",
            "count": 36,
            "created_time": "2024-11-20T03:02:06.997177Z",
            "yes_price": 1,
            "no_price": 99,
            "taker_side": "no"
        },
        {
            "trade_id": "b3676182-60b1-4a6e-b502-0993a376cc7b",
            "ticker": "KXHIGHCHI-24NOV20-B44.5",
            "count": 12,
            "created_time": "2024-11-20T03:01:54.919684Z",
            "yes_price": 1,
            "no_price": 99,
            "taker_side": "no"
        },
        {
            "trade_id": "4063238f-2393-4607-8268-d227452a286d",
            "ticker": "KXHIGHCHI-24NOV20-B44.5",
            "count": 12,
            "created_time": "2024-11-20T03:01:49.439827Z",
            "yes_price": 1,
            "no_price": 99,
            "taker_side": "no"
        },
        {
            "trade_id": "b68cbff3-6aa2-48fb-955f-5d2bfbdd6967",
            "ticker": "KXHIGHCHI-24NOV20-B44.5",
            "count": 3,
            "created_time": "2024-11-20T03:01:06.690034Z",
            "yes_price": 1,
            "no_price": 99,
            "taker_side": "no"
        },
        {
            "trade_id": "2a2a57b0-2fd0-4392-9d1b-1f797a84d29f",
            "ticker": "KXHIGHCHI-24NOV20-B44.5",
            "count": 36,
            "created_time": "2024-11-20T02:59:49.378924Z",
            "yes_price": 1,
            "no_price": 99,
            "taker_side": "no"
        },
        {
            "trade_id": "fa4e84a7-a559-4be2-8392-645953710bab",
            "ticker": "KXHIGHCHI-24NOV20-B44.5",
            "count": 12,
            "created_time": "2024-11-20T02:59:40.710478Z",
            "yes_price": 1,
            "no_price": 99,
            "taker_side": "no"
        },
        {
            "trade_id": "7c4dc7f5-f68e-4c1b-b80e-7c82c7be9773",
            "ticker": "KXHIGHCHI-24NOV20-B44.5",
            "count": 10,
            "created_time": "2024-11-20T02:58:46.481429Z",
            "yes_price": 1,
            "no_price": 99,
            "taker_side": "no"
        },
        {
            "trade_id": "074c9035-3274-4cdc-b1c3-66907513c6b9",
            "ticker": "KXHIGHCHI-24NOV20-B44.5",
            "count": 36,
            "created_time": "2024-11-20T02:58:40.931878Z",
            "yes_price": 1,
            "no_price": 99,
            "taker_side": "no"
        },
        {
            "trade_id": "2b98e7bc-de8c-41fd-beed-f839c8266684",
            "ticker": "KXHIGHCHI-24NOV20-B44.5",
            "count": 36,
            "created_time": "2024-11-20T02:58:27.249465Z",
            "yes_price": 1,
            "no_price": 99,
            "taker_side": "no"
        },
        {
            "trade_id": "481ed2dd-82db-412a-b22f-fb028992ccfd",
            "ticker": "KXHIGHCHI-24NOV20-B44.5",
            "count": 6,
            "created_time": "2024-11-20T02:58:13.54707Z",
            "yes_price": 1,
            "no_price": 99,
            "taker_side": "yes"
        },
        {
            "trade_id": "dfe1602e-2b15-4ec1-b76b-2189204fdeb8",
            "ticker": "KXHIGHCHI-24NOV20-B44.5",
            "count": 30,
            "created_time": "2024-11-20T02:57:59.172331Z",
            "yes_price": 1,
            "no_price": 99,
            "taker_side": "no"
        },
        {
            "trade_id": "41c9e7af-1481-4e5d-a834-87d25f73afa2",
            "ticker": "KXHIGHCHI-24NOV20-B44.5",
            "count": 31,
            "created_time": "2024-11-20T02:57:00.066316Z",
            "yes_price": 1,
            "no_price": 99,
            "taker_side": "no"
        },
        {
            "trade_id": "3c2f4873-5082-4068-976d-d22c2b79055e",
            "ticker": "KXHIGHCHI-24NOV20-B44.5",
            "count": 39,
            "created_time": "2024-11-20T02:46:52.654211Z",
            "yes_price": 1,
            "no_price": 99,
            "taker_side": "no"
        },
        {
            "trade_id": "1023175f-25a4-416c-b1a8-19fa7881cd87",
            "ticker": "KXHIGHCHI-24NOV20-B44.5",
            "count": 65,
            "created_time": "2024-11-20T02:46:52.654211Z",
            "yes_price": 1,
            "no_price": 99,
            "taker_side": "no"
        },
        {
            "trade_id": "67471cc3-cf77-4f1f-ab80-2c338fedb29d",
            "ticker": "KXHIGHCHI-24NOV20-B44.5",
            "count": 104,
            "created_time": "2024-11-20T02:46:52.639488Z",
            "yes_price": 1,
            "no_price": 99,
            "taker_side": "no"
        },
        {
            "trade_id": "bb83032b-d69b-404c-ac8e-cf67574c6265",
            "ticker": "KXHIGHCHI-24NOV20-B44.5",
            "count": 104,
            "created_time": "2024-11-20T02:46:52.610334Z",
            "yes_price": 1,
            "no_price": 99,
            "taker_side": "no"
        },
        {
            "trade_id": "dabf24bb-4641-4bdd-b6e9-672255317084",
            "ticker": "KXHIGHCHI-24NOV20-B44.5",
            "count": 104,
            "created_time": "2024-11-20T02:46:52.594807Z",
            "yes_price": 1,
            "no_price": 99,
            "taker_side": "no"
        },
        {
            "trade_id": "ec02b5e7-315c-45ea-815e-a0cb6ce8680c",
            "ticker": "KXHIGHCHI-24NOV20-B44.5",
            "count": 3,
            "created_time": "2024-11-20T02:08:23.761856Z",
            "yes_price": 2,
            "no_price": 98,
            "taker_side": "no"
        },
        {
            "trade_id": "3e166df3-c607-40c8-8650-a1f47ceec8e4",
            "ticker": "KXHIGHCHI-24NOV20-B44.5",
            "count": 5,
            "created_time": "2024-11-20T01:54:36.796594Z",
            "yes_price": 1,
            "no_price": 99,
            "taker_side": "no"
        },
        {
            "trade_id": "e57595ee-a075-4895-a0d4-2fe049197158",
            "ticker": "KXHIGHCHI-24NOV20-B44.5",
            "count": 12,
            "created_time": "2024-11-20T01:53:15.81635Z",
            "yes_price": 1,
            "no_price": 99,
            "taker_side": "no"
        },
        {
            "trade_id": "82b20b96-ad5a-432c-83eb-c49c70b8b51f",
            "ticker": "KXHIGHCHI-24NOV20-B44.5",
            "count": 30,
            "created_time": "2024-11-20T01:50:42.000891Z",
            "yes_price": 1,
            "no_price": 99,
            "taker_side": "no"
        },
        {
            "trade_id": "2409573c-85b3-4bb3-b674-a482e82db25b",
            "ticker": "KXHIGHCHI-24NOV20-B44.5",
            "count": 6,
            "created_time": "2024-11-20T01:50:42.000891Z",
            "yes_price": 1,
            "no_price": 99,
            "taker_side": "no"
        },
        {
            "trade_id": "c14dd593-6670-48ae-9f03-41071b904d25",
            "ticker": "KXHIGHCHI-24NOV20-B44.5",
            "count": 36,
            "created_time": "2024-11-20T01:50:34.286855Z",
            "yes_price": 1,
            "no_price": 99,
            "taker_side": "no"
        },
        {
            "trade_id": "eada54d3-e7b3-4746-b15a-052e48b86be2",
            "ticker": "KXHIGHCHI-24NOV20-B44.5",
            "count": 36,
            "created_time": "2024-11-20T01:50:28.945392Z",
            "yes_price": 1,
            "no_price": 99,
            "taker_side": "no"
        },
        {
            "trade_id": "05b8ca4b-3d8e-4a73-8895-348171ca49c5",
            "ticker": "KXHIGHCHI-24NOV20-B44.5",
            "count": 1,
            "created_time": "2024-11-20T01:40:22.874911Z",
            "yes_price": 1,
            "no_price": 99,
            "taker_side": "no"
        },
        {
            "trade_id": "c4bb0f95-c357-4684-a593-291106e6a13b",
            "ticker": "KXHIGHCHI-24NOV20-B44.5",
            "count": 3,
            "created_time": "2024-11-20T01:32:44.614951Z",
            "yes_price": 1,
            "no_price": 99,
            "taker_side": "no"
        },
        {
            "trade_id": "f70ed253-94be-492f-ab05-bf47a0f8f195",
            "ticker": "KXHIGHCHI-24NOV20-B44.5",
            "count": 250,
            "created_time": "2024-11-19T23:06:51.7886Z",
            "yes_price": 2,
            "no_price": 98,
            "taker_side": "no"
        },
        {
            "trade_id": "b5a7b4e3-45ca-446c-8618-d50eb6a14bdc",
            "ticker": "KXHIGHCHI-24NOV20-B44.5",
            "count": 14,
            "created_time": "2024-11-19T23:06:51.7886Z",
            "yes_price": 1,
            "no_price": 99,
            "taker_side": "no"
        },
        {
            "trade_id": "2fd2d9bf-3c6e-43e4-af51-aa331d855148",
            "ticker": "KXHIGHCHI-24NOV20-B44.5",
            "count": 100,
            "created_time": "2024-11-19T22:29:59.331444Z",
            "yes_price": 5,
            "no_price": 95,
            "taker_side": "no"
        },
        {
            "trade_id": "8138d8e9-4632-460c-8de5-30a812110533",
            "ticker": "KXHIGHCHI-24NOV20-B44.5",
            "count": 100,
            "created_time": "2024-11-19T22:27:34.280376Z",
            "yes_price": 5,
            "no_price": 95,
            "taker_side": "yes"
        },
        {
            "trade_id": "064248e1-297c-423a-8e77-2d3e865a18f8",
            "ticker": "KXHIGHCHI-24NOV20-B44.5",
            "count": 3,
            "created_time": "2024-11-19T18:45:54.3149Z",
            "yes_price": 2,
            "no_price": 98,
            "taker_side": "no"
        }
    ],
    "KXHIGHCHI-24NOV20-B46.5": [
        {
            "trade_id": "6538db16-d466-4e8f-9df0-27292a83d744",
            "ticker": "KXHIGHCHI-24NOV20-B46.5",
            "count": 50,
            "created_time": "2024-11-21T04:33:09.402847Z",
            "yes_price": 1,
            "no_price": 99,
            "taker_side": "yes"
        },
        {
            "trade_id": "f12fd583-7b54-4f5d-8691-f31abac028cb",
            "ticker": "KXHIGHCHI-24NOV20-B46.5",
            "count": 2,
            "created_time": "2024-11-21T04:10:05.660754Z",
            "yes_price": 1,
            "no_price": 99,
            "taker_side": "yes"
        },
        {
            "trade_id": "1775aa4d-34de-4a2b-aef9-c6afcb96ce94",
            "ticker": "KXHIGHCHI-24NOV20-B46.5",
            "count": 5000,
            "created_time": "2024-11-20T21:27:38.759218Z",
            "yes_price": 1,
            "no_price": 99,
            "taker_side": "yes"
        },
        {
            "trade_id": "8842087e-6702-4ea6-bbed-e792efb2086e",
            "ticker": "KXHIGHCHI-24NOV20-B46.5",
            "count": 280,
            "created_time": "2024-11-20T18:27:09.578637Z",
            "yes_price": 1,
            "no_price": 99,
            "taker_side": "yes"
        },
        {
            "trade_id": "28ac7d82-6416-4827-9350-b558524cdfb1",
            "ticker": "KXHIGHCHI-24NOV20-B46.5",
            "count": 93,
            "created_time": "2024-11-20T18:25:00.312383Z",
            "yes_price": 1,
            "no_price": 99,
            "taker_side": "yes"
        },
        {
            "trade_id": "4e8ed3a6-c027-4f28-8411-d188c0fb11d5",
            "ticker": "KXHIGHCHI-24NOV20-B46.5",
            "count": 935,
            "created_time": "2024-11-20T18:04:35.533976Z",
            "yes_price": 1,
            "no_price": 99,
            "taker_side": "yes"
        },
        {
            "trade_id": "f0768d33-d60d-4c1e-982a-37730a39d7b5",
            "ticker": "KXHIGHCHI-24NOV20-B46.5",
            "count": 280,
            "created_time": "2024-11-20T17:58:44.939885Z",
            "yes_price": 1,
            "no_price": 99,
            "taker_side": "yes"
        },
        {
            "trade_id": "74d990ea-5823-4a43-b1dc-d430f3b6d38e",
            "ticker": "KXHIGHCHI-24NOV20-B46.5",
            "count": 49,
            "created_time": "2024-11-20T17:57:29.816299Z",
            "yes_price": 1,
            "no_price": 99,
            "taker_side": "yes"
        },
        {
            "trade_id": "6dce0701-c5bc-4dc9-9bde-a67aaf92ffda",
            "ticker": "KXHIGHCHI-24NOV20-B46.5",
            "count": 93,
            "created_time": "2024-11-20T17:53:16.27906Z",
            "yes_price": 1,
            "no_price": 99,
            "taker_side": "yes"
        },
        {
            "trade_id": "90a3627f-69b7-4f1f-8c10-8dd5ce0b4675",
            "ticker": "KXHIGHCHI-24NOV20-B46.5",
            "count": 320,
            "created_time": "2024-11-20T17:32:51.163713Z",
            "yes_price": 1,
            "no_price": 99,
            "taker_side": "yes"
        },
        {
            "trade_id": "1630defe-212b-4f81-855b-605e76ad5be0",
            "ticker": "KXHIGHCHI-24NOV20-B46.5",
            "count": 614,
            "created_time": "2024-11-20T17:32:51.163713Z",
            "yes_price": 1,
            "no_price": 99,
            "taker_side": "yes"
        },
        {
            "trade_id": "03e767c2-12d6-42f8-972b-dfe8ed1af526",
            "ticker": "KXHIGHCHI-24NOV20-B46.5",
            "count": 935,
            "created_time": "2024-11-20T16:40:47.310058Z",
            "yes_price": 1,
            "no_price": 99,
            "taker_side": "yes"
        },
        {
            "trade_id": "81e59390-fdb8-4771-86ba-bbbf71bf57d2",
            "ticker": "KXHIGHCHI-24NOV20-B46.5",
            "count": 1689,
            "created_time": "2024-11-20T16:36:45.0444Z",
            "yes_price": 1,
            "no_price": 99,
            "taker_side": "yes"
        },
        {
            "trade_id": "63f9e6b4-f435-479f-800b-f408cd026c79",
            "ticker": "KXHIGHCHI-24NOV20-B46.5",
            "count": 3451,
            "created_time": "2024-11-20T16:36:45.0444Z",
            "yes_price": 1,
            "no_price": 99,
            "taker_side": "yes"
        },
        {
            "trade_id": "feeb0e61-549c-49d7-8310-d9c80fbab6a3",
            "ticker": "KXHIGHCHI-24NOV20-B46.5",
            "count": 935,
            "created_time": "2024-11-20T16:31:11.33164Z",
            "yes_price": 1,
            "no_price": 99,
            "taker_side": "yes"
        },
        {
            "trade_id": "f34b3915-5211-4a48-9b18-5d382b239584",
            "ticker": "KXHIGHCHI-24NOV20-B46.5",
            "count": 93,
            "created_time": "2024-11-20T16:11:21.921007Z",
            "yes_price": 1,
            "no_price": 99,
            "taker_side": "yes"
        },
        {
            "trade_id": "5e84da17-3586-4653-800b-b70ce977d236",
            "ticker": "KXHIGHCHI-24NOV20-B46.5",
            "count": 91,
            "created_time": "2024-11-20T16:06:06.238846Z",
            "yes_price": 1,
            "no_price": 99,
            "taker_side": "yes"
        },
        {
            "trade_id": "830b0874-c520-4e3f-98c7-98c891d01cae",
            "ticker": "KXHIGHCHI-24NOV20-B46.5",
            "count": 467,
            "created_time": "2024-11-20T16:02:14.106621Z",
            "yes_price": 1,
            "no_price": 99,
            "taker_side": "yes"
        },
        {
            "trade_id": "e5511769-a622-4d1b-be14-5bcac3a9e6fa",
            "ticker": "KXHIGHCHI-24NOV20-B46.5",
            "count": 209,
            "created_time": "2024-11-20T16:00:50.347468Z",
            "yes_price": 1,
            "no_price": 99,
            "taker_side": "yes"
        },
        {
            "trade_id": "0867cd5d-a87e-4d4b-a9f5-01d9154bd6fc",
            "ticker": "KXHIGHCHI-24NOV20-B46.5",
            "count": 725,
            "created_time": "2024-11-20T16:00:50.347468Z",
            "yes_price": 1,
            "no_price": 99,
            "taker_side": "yes"
        },
        {
            "trade_id": "561ec563-3bb2-4bc4-8ba9-15fcb8cec8b2",
            "ticker": "KXHIGHCHI-24NOV20-B46.5",
            "count": 1732,
            "created_time": "2024-11-20T16:00:25.287154Z",
            "yes_price": 1,
            "no_price": 99,
            "taker_side": "yes"
        },
        {
            "trade_id": "263c9d56-f7fa-4dbd-9207-b8fa56ec0b8a",
            "ticker": "KXHIGHCHI-24NOV20-B46.5",
            "count": 605,
            "created_time": "2024-11-20T16:00:25.287154Z",
            "yes_price": 1,
            "no_price": 99,
            "taker_side": "yes"
        },
        {
            "trade_id": "ecd61755-5503-440c-bb56-a933212b75f6",
            "ticker": "KXHIGHCHI-24NOV20-B46.5",
            "count": 142,
            "created_time": "2024-11-20T15:59:04.935039Z",
            "yes_price": 1,
            "no_price": 99,
            "taker_side": "yes"
        },
        {
            "trade_id": "cf9cfcae-541f-4cdd-bd27-73839c80a4e6",
            "ticker": "KXHIGHCHI-24NOV20-B46.5",
            "count": 621,
            "created_time": "2024-11-20T15:59:04.935039Z",
            "yes_price": 1,
            "no_price": 99,
            "taker_side": "yes"
        },
        {
            "trade_id": "958ee0a3-3cd8-4694-81f5-7b195dad8ab0",
            "ticker": "KXHIGHCHI-24NOV20-B46.5",
            "count": 5,
            "created_time": "2024-11-20T15:59:04.935039Z",
            "yes_price": 1,
            "no_price": 99,
            "taker_side": "yes"
        },
        {
            "trade_id": "62023f8b-5905-4fab-ae61-cece2bc6aeed",
            "ticker": "KXHIGHCHI-24NOV20-B46.5",
            "count": 1500,
            "created_time": "2024-11-20T15:59:04.935039Z",
            "yes_price": 1,
            "no_price": 99,
            "taker_side": "yes"
        },
        {
            "trade_id": "35115166-e6ce-44fb-9f8a-ff2ac2ec14d5",
            "ticker": "KXHIGHCHI-24NOV20-B46.5",
            "count": 68,
            "created_time": "2024-11-20T15:59:04.935039Z",
            "yes_price": 1,
            "no_price": 99,
            "taker_side": "yes"
        },
        {
            "trade_id": "6a342ea1-0a2b-4d5a-a2f1-68ef1bedd00a",
            "ticker": "KXHIGHCHI-24NOV20-B46.5",
            "count": 46,
            "created_time": "2024-11-20T15:54:31.289291Z",
            "yes_price": 1,
            "no_price": 99,
            "taker_side": "yes"
        },
        {
            "trade_id": "579face8-a7ae-4d1f-80b8-832679f52aab",
            "ticker": "KXHIGHCHI-24NOV20-B46.5",
            "count": 107,
            "created_time": "2024-11-20T15:44:52.718751Z",
            "yes_price": 1,
            "no_price": 99,
            "taker_side": "yes"
        },
        {
            "trade_id": "fb7697c2-7afb-4f11-8e51-4dc0372dd771",
            "ticker": "KXHIGHCHI-24NOV20-B46.5",
            "count": 705,
            "created_time": "2024-11-20T15:38:27.414649Z",
            "yes_price": 1,
            "no_price": 99,
            "taker_side": "yes"
        },
        {
            "trade_id": "e629eddb-bbc1-4c58-acf0-b6846bee3427",
            "ticker": "KXHIGHCHI-24NOV20-B46.5",
            "count": 2,
            "created_time": "2024-11-20T15:38:27.414649Z",
            "yes_price": 1,
            "no_price": 99,
            "taker_side": "yes"
        },
        {
            "trade_id": "cfcd2a8e-2647-491e-bc90-88d5bbf5b3b9",
            "ticker": "KXHIGHCHI-24NOV20-B46.5",
            "count": 2,
            "created_time": "2024-11-20T15:38:27.414649Z",
            "yes_price": 1,
            "no_price": 99,
            "taker_side": "yes"
        },
        {
            "trade_id": "a35057a3-e0f0-4b1e-944a-f23f32162480",
            "ticker": "KXHIGHCHI-24NOV20-B46.5",
            "count": 217,
            "created_time": "2024-11-20T15:38:27.414649Z",
            "yes_price": 1,
            "no_price": 99,
            "taker_side": "yes"
        },
        {
            "trade_id": "9e44756e-a408-413c-bd12-8dd2fbb9920f",
            "ticker": "KXHIGHCHI-24NOV20-B46.5",
            "count": 2,
            "created_time": "2024-11-20T15:38:27.414649Z",
            "yes_price": 1,
            "no_price": 99,
            "taker_side": "yes"
        },
        {
            "trade_id": "9d09c789-dca1-4ec6-8eb8-5792f7e6381e",
            "ticker": "KXHIGHCHI-24NOV20-B46.5",
            "count": 5,
            "created_time": "2024-11-20T15:38:27.414649Z",
            "yes_price": 1,
            "no_price": 99,
            "taker_side": "yes"
        },
        {
            "trade_id": "907eafa9-5cab-46df-960e-4daa02c80720",
            "ticker": "KXHIGHCHI-24NOV20-B46.5",
            "count": 50,
            "created_time": "2024-11-20T15:38:27.414649Z",
            "yes_price": 1,
            "no_price": 99,
            "taker_side": "yes"
        },
        {
            "trade_id": "3ce1000d-b57c-40f5-b0f2-015d4959d333",
            "ticker": "KXHIGHCHI-24NOV20-B46.5",
            "count": 15,
            "created_time": "2024-11-20T15:38:27.414649Z",
            "yes_price": 1,
            "no_price": 99,
            "taker_side": "yes"
        },
        {
            "trade_id": "30301149-b111-4739-9949-7d094402ec06",
            "ticker": "KXHIGHCHI-24NOV20-B46.5",
            "count": 2,
            "created_time": "2024-11-20T15:38:27.414649Z",
            "yes_price": 1,
            "no_price": 99,
            "taker_side": "yes"
        },
        {
            "trade_id": "a8a08b99-af31-4e33-8717-347da0dceba2",
            "ticker": "KXHIGHCHI-24NOV20-B46.5",
            "count": 467,
            "created_time": "2024-11-20T15:31:41.712095Z",
            "yes_price": 1,
            "no_price": 99,
            "taker_side": "yes"
        },
        {
            "trade_id": "87dea7dd-a398-4f9a-90ca-a0b5f9d09fa5",
            "ticker": "KXHIGHCHI-24NOV20-B46.5",
            "count": 324,
            "created_time": "2024-11-20T15:31:41.712095Z",
            "yes_price": 1,
            "no_price": 99,
            "taker_side": "yes"
        },
        {
            "trade_id": "6f3099cc-be96-40c6-a614-2fde246da9ad",
            "ticker": "KXHIGHCHI-24NOV20-B46.5",
            "count": 2,
            "created_time": "2024-11-20T15:31:41.712095Z",
            "yes_price": 1,
            "no_price": 99,
            "taker_side": "yes"
        },
        {
            "trade_id": "15f37baa-bd29-4d7d-bf77-8dde47f03363",
            "ticker": "KXHIGHCHI-24NOV20-B46.5",
            "count": 2,
            "created_time": "2024-11-20T15:31:41.712095Z",
            "yes_price": 1,
            "no_price": 99,
            "taker_side": "yes"
        },
        {
            "trade_id": "07953610-1ab3-4ab5-b6a7-fe1d9dea471c",
            "ticker": "KXHIGHCHI-24NOV20-B46.5",
            "count": 137,
            "created_time": "2024-11-20T15:31:41.712095Z",
            "yes_price": 1,
            "no_price": 99,
            "taker_side": "yes"
        },
        {
            "trade_id": "080a88cb-7223-4873-a72e-b44d78632f73",
            "ticker": "KXHIGHCHI-24NOV20-B46.5",
            "count": 467,
            "created_time": "2024-11-20T15:28:59.817125Z",
            "yes_price": 1,
            "no_price": 99,
            "taker_side": "yes"
        },
        {
            "trade_id": "bb8f3260-7206-4e7f-9753-8197218ed85e",
            "ticker": "KXHIGHCHI-24NOV20-B46.5",
            "count": 200,
            "created_time": "2024-11-20T15:14:35.3259Z",
            "yes_price": 1,
            "no_price": 99,
            "taker_side": "yes"
        },
        {
            "trade_id": "873f9196-09e9-41bc-853f-b3e7f533b11e",
            "ticker": "KXHIGHCHI-24NOV20-B46.5",
            "count": 400,
            "created_time": "2024-11-20T15:12:43.386488Z",
            "yes_price": 1,
            "no_price": 99,
            "taker_side": "yes"
        },
        {
            "trade_id": "12c235c7-7f27-4e62-a767-b0812a61a43f",
            "ticker": "KXHIGHCHI-24NOV20-B46.5",
            "count": 187,
            "created_time": "2024-11-20T15:02:31.01751Z",
            "yes_price": 1,
            "no_price": 99,
            "taker_side": "yes"
        },
        {
            "trade_id": "7d8edeb5-e0e8-4593-b9de-772dfc665de5",
            "ticker": "KXHIGHCHI-24NOV20-B46.5",
            "count": 500,
            "created_time": "2024-11-20T14:57:44.233247Z",
            "yes_price": 1,
            "no_price": 99,
            "taker_side": "yes"
        },
        {
            "trade_id": "3e65a652-d22f-42f4-a0cd-5c4c6d597d7d",
            "ticker": "KXHIGHCHI-24NOV20-B46.5",
            "count": 100,
            "created_time": "2024-11-20T14:55:34.952135Z",
            "yes_price": 1,
            "no_price": 99,
            "taker_side": "yes"
        },
        {
            "trade_id": "41014c71-8082-48c4-bb81-211378702752",
            "ticker": "KXHIGHCHI-24NOV20-B46.5",
            "count": 93,
            "created_time": "2024-11-20T14:33:57.768666Z",
            "yes_price": 1,
            "no_price": 99,
            "taker_side": "yes"
        },
        {
            "trade_id": "1930c1f8-6efd-43ce-b614-0316f2d9d3c0",
            "ticker": "KXHIGHCHI-24NOV20-B46.5",
            "count": 280,
            "created_time": "2024-11-20T14:33:24.176162Z",
            "yes_price": 1,
            "no_price": 99,
            "taker_side": "yes"
        },
        {
            "trade_id": "4d6c2100-daad-4c74-a62e-22c3e1f6fb60",
            "ticker": "KXHIGHCHI-24NOV20-B46.5",
            "count": 93,
            "created_time": "2024-11-20T14:28:37.708789Z",
            "yes_price": 1,
            "no_price": 99,
            "taker_side": "yes"
        },
        {
            "trade_id": "276a1981-d267-4267-a99b-7232d0c89fbc",
            "ticker": "KXHIGHCHI-24NOV20-B46.5",
            "count": 500,
            "created_time": "2024-11-20T14:25:11.197756Z",
            "yes_price": 1,
            "no_price": 99,
            "taker_side": "yes"
        },
        {
            "trade_id": "d2500ae3-7dc4-48f8-8218-c0a32f3c9a7d",
            "ticker": "KXHIGHCHI-24NOV20-B46.5",
            "count": 187,
            "created_time": "2024-11-20T14:19:51.317945Z",
            "yes_price": 1,
            "no_price": 99,
            "taker_side": "yes"
        },
        {
            "trade_id": "dee1a430-d69d-445a-be15-0e397a503f84",
            "ticker": "KXHIGHCHI-24NOV20-B46.5",
            "count": 327,
            "created_time": "2024-11-20T14:19:30.795371Z",
            "yes_price": 1,
            "no_price": 99,
            "taker_side": "yes"
        },
        {
            "trade_id": "4279b037-2fea-4529-b17c-6db4fa3bea42",
            "ticker": "KXHIGHCHI-24NOV20-B46.5",
            "count": 374,
            "created_time": "2024-11-20T14:16:28.177478Z",
            "yes_price": 1,
            "no_price": 99,
            "taker_side": "yes"
        },
        {
            "trade_id": "76eeef82-f1de-4514-b8f3-9a66696d80bf",
            "ticker": "KXHIGHCHI-24NOV20-B46.5",
            "count": 280,
            "created_time": "2024-11-20T14:05:03.315093Z",
            "yes_price": 1,
            "no_price": 99,
            "taker_side": "yes"
        },
        {
            "trade_id": "61ab6071-826d-478a-98b9-2ce6362c8c11",
            "ticker": "KXHIGHCHI-24NOV20-B46.5",
            "count": 467,
            "created_time": "2024-11-20T13:50:33.047293Z",
            "yes_price": 1,
            "no_price": 99,
            "taker_side": "yes"
        },
        {
            "trade_id": "909ad89b-79bb-4859-9757-952a9a2125e6",
            "ticker": "KXHIGHCHI-24NOV20-B46.5",
            "count": 467,
            "created_time": "2024-11-20T13:48:52.807101Z",
            "yes_price": 1,
            "no_price": 99,
            "taker_side": "yes"
        },
        {
            "trade_id": "a867897e-a31c-4d9f-a403-6c9276bfb5a3",
            "ticker": "KXHIGHCHI-24NOV20-B46.5",
            "count": 93,
            "created_time": "2024-11-20T13:43:41.055989Z",
            "yes_price": 1,
            "no_price": 99,
            "taker_side": "yes"
        },
        {
            "trade_id": "472f6a4b-7588-4f32-9df6-141478d7a3c4",
            "ticker": "KXHIGHCHI-24NOV20-B46.5",
            "count": 467,
            "created_time": "2024-11-20T13:42:48.904648Z",
            "yes_price": 1,
            "no_price": 99,
            "taker_side": "yes"
        },
        {
            "trade_id": "0bbe5da8-88e7-4c7d-b706-57bee8f52de4",
            "ticker": "KXHIGHCHI-24NOV20-B46.5",
            "count": 300,
            "created_time": "2024-11-20T13:41:08.375271Z",
            "yes_price": 1,
            "no_price": 99,
            "taker_side": "yes"
        },
        {
            "trade_id": "8f711f97-e7d2-4d61-b7ba-e10a83b37a18",
            "ticker": "KXHIGHCHI-24NOV20-B46.5",
            "count": 93,
            "created_time": "2024-11-20T13:39:32.147752Z",
            "yes_price": 1,
            "no_price": 99,
            "taker_side": "yes"
        },
        {
            "trade_id": "c0467e08-af49-4afc-891d-0390afaa2968",
            "ticker": "KXHIGHCHI-24NOV20-B46.5",
            "count": 935,
            "created_time": "2024-11-20T13:38:46.78582Z",
            "yes_price": 1,
            "no_price": 99,
            "taker_side": "yes"
        },
        {
            "trade_id": "449e722a-c8ef-400a-80e3-83c1849547c0",
            "ticker": "KXHIGHCHI-24NOV20-B46.5",
            "count": 93,
            "created_time": "2024-11-20T13:32:52.93534Z",
            "yes_price": 1,
            "no_price": 99,
            "taker_side": "yes"
        },
        {
            "trade_id": "f02ce8f0-ee80-4a53-b781-11d56b74a1ae",
            "ticker": "KXHIGHCHI-24NOV20-B46.5",
            "count": 1870,
            "created_time": "2024-11-20T13:25:49.24924Z",
            "yes_price": 1,
            "no_price": 99,
            "taker_side": "yes"
        },
        {
            "trade_id": "f7d83aa6-c859-4183-bc31-6b75c78827c6",
            "ticker": "KXHIGHCHI-24NOV20-B46.5",
            "count": 93,
            "created_time": "2024-11-20T13:20:10.485257Z",
            "yes_price": 1,
            "no_price": 99,
            "taker_side": "yes"
        },
        {
            "trade_id": "dec82674-2644-4ff3-a98c-cf075e2f7ab5",
            "ticker": "KXHIGHCHI-24NOV20-B46.5",
            "count": 400,
            "created_time": "2024-11-20T13:16:57.577248Z",
            "yes_price": 1,
            "no_price": 99,
            "taker_side": "yes"
        },
        {
            "trade_id": "7ca2094f-9105-4d81-9cfd-f9254c2da0e9",
            "ticker": "KXHIGHCHI-24NOV20-B46.5",
            "count": 46,
            "created_time": "2024-11-20T13:11:30.533589Z",
            "yes_price": 1,
            "no_price": 99,
            "taker_side": "yes"
        },
        {
            "trade_id": "2be3a871-c6d8-4b0d-97ac-20d43e01c7ce",
            "ticker": "KXHIGHCHI-24NOV20-B46.5",
            "count": 9351,
            "created_time": "2024-11-20T13:09:48.834274Z",
            "yes_price": 1,
            "no_price": 99,
            "taker_side": "yes"
        },
        {
            "trade_id": "8e1e0076-b621-4777-ac94-a9d5509f2092",
            "ticker": "KXHIGHCHI-24NOV20-B46.5",
            "count": 140,
            "created_time": "2024-11-20T13:01:18.842018Z",
            "yes_price": 1,
            "no_price": 99,
            "taker_side": "yes"
        },
        {
            "trade_id": "8e7af1c4-aad1-4144-a3bb-efcfb394dc6c",
            "ticker": "KXHIGHCHI-24NOV20-B46.5",
            "count": 4675,
            "created_time": "2024-11-20T07:03:45.454179Z",
            "yes_price": 1,
            "no_price": 99,
            "taker_side": "yes"
        },
        {
            "trade_id": "32864382-3e14-4b93-9531-0d29d6bb2faa",
            "ticker": "KXHIGHCHI-24NOV20-B46.5",
            "count": 467,
            "created_time": "2024-11-20T06:57:47.73126Z",
            "yes_price": 1,
            "no_price": 99,
            "taker_side": "yes"
        },
        {
            "trade_id": "eb9eeece-e31a-4e46-9b68-7c78ca1b9c03",
            "ticker": "KXHIGHCHI-24NOV20-B46.5",
            "count": 100,
            "created_time": "2024-11-20T06:41:14.70759Z",
            "yes_price": 2,
            "no_price": 98,
            "taker_side": "yes"
        },
        {
            "trade_id": "c9ae2c6a-f6e7-4942-8001-61046d404a8c",
            "ticker": "KXHIGHCHI-24NOV20-B46.5",
            "count": 374,
            "created_time": "2024-11-20T06:41:14.70759Z",
            "yes_price": 2,
            "no_price": 98,
            "taker_side": "yes"
        },
        {
            "trade_id": "5b87bab5-7e38-4cc4-ab27-dc2e947f729b",
            "ticker": "KXHIGHCHI-24NOV20-B46.5",
            "count": 935,
            "created_time": "2024-11-20T06:41:14.70759Z",
            "yes_price": 2,
            "no_price": 98,
            "taker_side": "yes"
        },
        {
            "trade_id": "25a98159-e468-4c52-a576-a63992b23a9a",
            "ticker": "KXHIGHCHI-24NOV20-B46.5",
            "count": 620,
            "created_time": "2024-11-20T06:41:14.70759Z",
            "yes_price": 3,
            "no_price": 97,
            "taker_side": "yes"
        },
        {
            "trade_id": "d351ce6c-77cb-40cc-af7e-9ef08bd83b02",
            "ticker": "KXHIGHCHI-24NOV20-B46.5",
            "count": 46,
            "created_time": "2024-11-20T06:38:41.341402Z",
            "yes_price": 2,
            "no_price": 98,
            "taker_side": "yes"
        },
        {
            "trade_id": "ac0972e1-5cf8-45d0-b757-28e94d063cef",
            "ticker": "KXHIGHCHI-24NOV20-B46.5",
            "count": 372,
            "created_time": "2024-11-20T06:29:07.488681Z",
            "yes_price": 2,
            "no_price": 98,
            "taker_side": "yes"
        },
        {
            "trade_id": "9199f19c-899c-4524-b64f-3de908c0aa29",
            "ticker": "KXHIGHCHI-24NOV20-B46.5",
            "count": 28,
            "created_time": "2024-11-20T06:29:07.488681Z",
            "yes_price": 1,
            "no_price": 99,
            "taker_side": "yes"
        },
        {
            "trade_id": "7918f533-94ec-41b0-bdbf-37083c04631e",
            "ticker": "KXHIGHCHI-24NOV20-B46.5",
            "count": 162,
            "created_time": "2024-11-20T06:29:07.488681Z",
            "yes_price": 1,
            "no_price": 99,
            "taker_side": "yes"
        },
        {
            "trade_id": "6faff2fe-4e18-44e2-a77a-c640b3d3afc3",
            "ticker": "KXHIGHCHI-24NOV20-B46.5",
            "count": 134,
            "created_time": "2024-11-20T06:29:05.871211Z",
            "yes_price": 1,
            "no_price": 99,
            "taker_side": "yes"
        },
        {
            "trade_id": "d4517511-9674-4f53-aece-98155a79db10",
            "ticker": "KXHIGHCHI-24NOV20-B46.5",
            "count": 665,
            "created_time": "2024-11-20T06:16:40.611825Z",
            "yes_price": 1,
            "no_price": 99,
            "taker_side": "yes"
        },
        {
            "trade_id": "d40f6e44-cb76-4061-a510-a549e4b7f74e",
            "ticker": "KXHIGHCHI-24NOV20-B46.5",
            "count": 180,
            "created_time": "2024-11-20T06:16:40.611825Z",
            "yes_price": 1,
            "no_price": 99,
            "taker_side": "yes"
        },
        {
            "trade_id": "87cd5c42-61b3-4be8-b0a5-a19bdfec8983",
            "ticker": "KXHIGHCHI-24NOV20-B46.5",
            "count": 88,
            "created_time": "2024-11-20T06:16:40.611825Z",
            "yes_price": 1,
            "no_price": 99,
            "taker_side": "yes"
        },
        {
            "trade_id": "598a3787-af92-414c-aec7-9fbccf7e73a7",
            "ticker": "KXHIGHCHI-24NOV20-B46.5",
            "count": 300,
            "created_time": "2024-11-20T06:15:43.325384Z",
            "yes_price": 1,
            "no_price": 99,
            "taker_side": "yes"
        },
        {
            "trade_id": "74c2e177-129d-48bc-a8b8-b9294bbe1bb6",
            "ticker": "KXHIGHCHI-24NOV20-B46.5",
            "count": 300,
            "created_time": "2024-11-20T06:15:33.959229Z",
            "yes_price": 1,
            "no_price": 99,
            "taker_side": "yes"
        },
        {
            "trade_id": "21e41da1-a1b2-4b4f-8b7f-e93835a6490d",
            "ticker": "KXHIGHCHI-24NOV20-B46.5",
            "count": 200,
            "created_time": "2024-11-20T06:15:26.820879Z",
            "yes_price": 1,
            "no_price": 99,
            "taker_side": "yes"
        },
        {
            "trade_id": "28bd3846-39ad-4021-8d7f-504e2b1e7229",
            "ticker": "KXHIGHCHI-24NOV20-B46.5",
            "count": 300,
            "created_time": "2024-11-20T06:15:26.761023Z",
            "yes_price": 1,
            "no_price": 99,
            "taker_side": "yes"
        },
        {
            "trade_id": "95c243d5-b194-4c81-9b83-a1f6d2951b20",
            "ticker": "KXHIGHCHI-24NOV20-B46.5",
            "count": 300,
            "created_time": "2024-11-20T06:15:26.6791Z",
            "yes_price": 1,
            "no_price": 99,
            "taker_side": "yes"
        },
        {
            "trade_id": "7a44f969-9968-43ca-be13-6dc40bdfdf27",
            "ticker": "KXHIGHCHI-24NOV20-B46.5",
            "count": 935,
            "created_time": "2024-11-20T06:11:19.22601Z",
            "yes_price": 1,
            "no_price": 99,
            "taker_side": "yes"
        },
        {
            "trade_id": "e441d439-5c72-4c76-8974-6aa10647fab8",
            "ticker": "KXHIGHCHI-24NOV20-B46.5",
            "count": 900,
            "created_time": "2024-11-20T06:02:21.900023Z",
            "yes_price": 1,
            "no_price": 99,
            "taker_side": "no"
        },
        {
            "trade_id": "af68b216-f762-41f2-b620-1f87437762f2",
            "ticker": "KXHIGHCHI-24NOV20-B46.5",
            "count": 80,
            "created_time": "2024-11-20T06:02:21.900023Z",
            "yes_price": 1,
            "no_price": 99,
            "taker_side": "no"
        },
        {
            "trade_id": "6fe58680-1c00-4a6f-8360-833c94186d5e",
            "ticker": "KXHIGHCHI-24NOV20-B46.5",
            "count": 600,
            "created_time": "2024-11-20T06:02:21.900023Z",
            "yes_price": 1,
            "no_price": 99,
            "taker_side": "no"
        },
        {
            "trade_id": "fb2c934d-3c57-46ef-ae26-f23997737371",
            "ticker": "KXHIGHCHI-24NOV20-B46.5",
            "count": 58,
            "created_time": "2024-11-20T06:00:21.098893Z",
            "yes_price": 2,
            "no_price": 98,
            "taker_side": "no"
        },
        {
            "trade_id": "c7ae010a-df6d-4263-84e3-a03adf6265f5",
            "ticker": "KXHIGHCHI-24NOV20-B46.5",
            "count": 162,
            "created_time": "2024-11-20T06:00:21.098893Z",
            "yes_price": 1,
            "no_price": 99,
            "taker_side": "no"
        },
        {
            "trade_id": "c404879b-0967-422d-9b1f-77dbb0f900cb",
            "ticker": "KXHIGHCHI-24NOV20-B46.5",
            "count": 86,
            "created_time": "2024-11-20T06:00:21.098893Z",
            "yes_price": 2,
            "no_price": 98,
            "taker_side": "no"
        },
        {
            "trade_id": "a7acb2aa-2032-44de-9e99-6007c030b22b",
            "ticker": "KXHIGHCHI-24NOV20-B46.5",
            "count": 48,
            "created_time": "2024-11-20T06:00:21.098893Z",
            "yes_price": 1,
            "no_price": 99,
            "taker_side": "no"
        },
        {
            "trade_id": "565feb40-134e-48c3-8322-2008108076c6",
            "ticker": "KXHIGHCHI-24NOV20-B46.5",
            "count": 100,
            "created_time": "2024-11-20T06:00:21.098893Z",
            "yes_price": 2,
            "no_price": 98,
            "taker_side": "no"
        },
        {
            "trade_id": "0f7d19d8-ccf5-4d60-aec7-9cca746952c3",
            "ticker": "KXHIGHCHI-24NOV20-B46.5",
            "count": 1000,
            "created_time": "2024-11-20T06:00:21.098893Z",
            "yes_price": 1,
            "no_price": 99,
            "taker_side": "no"
        },
        {
            "trade_id": "034d1ac6-e13a-437c-8a95-7a8e617b0f20",
            "ticker": "KXHIGHCHI-24NOV20-B46.5",
            "count": 120,
            "created_time": "2024-11-20T06:00:21.098893Z",
            "yes_price": 1,
            "no_price": 99,
            "taker_side": "no"
        },
        {
            "trade_id": "5a7b675b-4601-4405-9d36-e3c8ce9434ac",
            "ticker": "KXHIGHCHI-24NOV20-B46.5",
            "count": 24,
            "created_time": "2024-11-20T05:59:59.287738Z",
            "yes_price": 3,
            "no_price": 97,
            "taker_side": "no"
        },
        {
            "trade_id": "4aedd7ce-56a4-40f2-b985-4c7aaeca4915",
            "ticker": "KXHIGHCHI-24NOV20-B46.5",
            "count": 214,
            "created_time": "2024-11-20T05:59:59.287738Z",
            "yes_price": 2,
            "no_price": 98,
            "taker_side": "no"
        },
        {
            "trade_id": "0334bede-558d-476a-9129-378565f37a70",
            "ticker": "KXHIGHCHI-24NOV20-B46.5",
            "count": 92,
            "created_time": "2024-11-20T05:59:59.287738Z",
            "yes_price": 3,
            "no_price": 97,
            "taker_side": "no"
        },
        {
            "trade_id": "8f5b4fc8-7d3e-483a-96c7-e0a8c15acc18",
            "ticker": "KXHIGHCHI-24NOV20-B46.5",
            "count": 41,
            "created_time": "2024-11-20T05:57:32.516573Z",
            "yes_price": 5,
            "no_price": 95,
            "taker_side": "no"
        },
        {
            "trade_id": "de8bb6ad-ec8e-4ae3-83c8-6f61f07302a5",
            "ticker": "KXHIGHCHI-24NOV20-B46.5",
            "count": 100,
            "created_time": "2024-11-20T05:57:30.289826Z",
            "yes_price": 6,
            "no_price": 94,
            "taker_side": "no"
        },
        {
            "trade_id": "7ac2c529-cff6-48f8-953b-c9de87f2147c",
            "ticker": "KXHIGHCHI-24NOV20-B46.5",
            "count": 59,
            "created_time": "2024-11-20T05:57:23.679501Z",
            "yes_price": 4,
            "no_price": 96,
            "taker_side": "yes"
        },
        {
            "trade_id": "56aef6ad-ca97-4ab7-9b5e-81018339fd96",
            "ticker": "KXHIGHCHI-24NOV20-B46.5",
            "count": 100,
            "created_time": "2024-11-20T05:57:23.627365Z",
            "yes_price": 4,
            "no_price": 96,
            "taker_side": "yes"
        },
        {
            "trade_id": "ffdc31e8-f761-47d2-a9bd-848c85d0f24b",
            "ticker": "KXHIGHCHI-24NOV20-B46.5",
            "count": 100,
            "created_time": "2024-11-20T05:57:20.507339Z",
            "yes_price": 5,
            "no_price": 95,
            "taker_side": "no"
        },
        {
            "trade_id": "fd8d6a11-d2f1-432e-b41c-e1cd2d5bcedf",
            "ticker": "KXHIGHCHI-24NOV20-B46.5",
            "count": 1000,
            "created_time": "2024-11-20T05:57:20.507339Z",
            "yes_price": 5,
            "no_price": 95,
            "taker_side": "no"
        },
        {
            "trade_id": "e611dabf-75f2-45d7-8c87-3643c2ea1c48",
            "ticker": "KXHIGHCHI-24NOV20-B46.5",
            "count": 141,
            "created_time": "2024-11-20T05:57:20.507339Z",
            "yes_price": 4,
            "no_price": 96,
            "taker_side": "no"
        },
        {
            "trade_id": "d024674c-f4d3-4793-8474-99a7b4dd8264",
            "ticker": "KXHIGHCHI-24NOV20-B46.5",
            "count": 100,
            "created_time": "2024-11-20T05:57:20.507339Z",
            "yes_price": 4,
            "no_price": 96,
            "taker_side": "no"
        },
        {
            "trade_id": "08cb395c-f608-4971-ae14-f3f0938e4e2f",
            "ticker": "KXHIGHCHI-24NOV20-B46.5",
            "count": 100,
            "created_time": "2024-11-20T05:57:19.226053Z",
            "yes_price": 6,
            "no_price": 94,
            "taker_side": "no"
        },
        {
            "trade_id": "1a1b2ec5-ef29-490e-b2c0-78c39a8718e3",
            "ticker": "KXHIGHCHI-24NOV20-B46.5",
            "count": 100,
            "created_time": "2024-11-20T05:57:06.931182Z",
            "yes_price": 7,
            "no_price": 93,
            "taker_side": "no"
        },
        {
            "trade_id": "8ebe7f62-f0cd-44e6-9415-a0bd56e09798",
            "ticker": "KXHIGHCHI-24NOV20-B46.5",
            "count": 300,
            "created_time": "2024-11-20T05:56:37.410526Z",
            "yes_price": 8,
            "no_price": 92,
            "taker_side": "no"
        },
        {
            "trade_id": "8a81a7f5-ec46-466f-9e18-dfc01c36b774",
            "ticker": "KXHIGHCHI-24NOV20-B46.5",
            "count": 300,
            "created_time": "2024-11-20T05:55:06.042502Z",
            "yes_price": 9,
            "no_price": 91,
            "taker_side": "no"
        },
        {
            "trade_id": "59248059-a2d8-4336-a017-f1cec9a25209",
            "ticker": "KXHIGHCHI-24NOV20-B46.5",
            "count": 300,
            "created_time": "2024-11-20T05:55:06.042502Z",
            "yes_price": 10,
            "no_price": 90,
            "taker_side": "no"
        },
        {
            "trade_id": "1717fd8c-8fdc-4531-a306-a8bd51655e63",
            "ticker": "KXHIGHCHI-24NOV20-B46.5",
            "count": 300,
            "created_time": "2024-11-20T05:55:06.042502Z",
            "yes_price": 11,
            "no_price": 89,
            "taker_side": "no"
        },
        {
            "trade_id": "db110aee-1ebb-4e6f-94e0-a1279354cba7",
            "ticker": "KXHIGHCHI-24NOV20-B46.5",
            "count": 200,
            "created_time": "2024-11-20T05:53:26.91675Z",
            "yes_price": 13,
            "no_price": 87,
            "taker_side": "no"
        },
        {
            "trade_id": "618aa3a5-6993-4b07-97da-acb1eddec8a0",
            "ticker": "KXHIGHCHI-24NOV20-B46.5",
            "count": 30,
            "created_time": "2024-11-20T05:53:26.91675Z",
            "yes_price": 14,
            "no_price": 86,
            "taker_side": "no"
        },
        {
            "trade_id": "54a27ed2-633c-4d5e-89be-d1bd604fb5db",
            "ticker": "KXHIGHCHI-24NOV20-B46.5",
            "count": 300,
            "created_time": "2024-11-20T05:53:26.91675Z",
            "yes_price": 14,
            "no_price": 86,
            "taker_side": "no"
        },
        {
            "trade_id": "452605d3-91c4-4ff8-a4f7-a52ac7712490",
            "ticker": "KXHIGHCHI-24NOV20-B46.5",
            "count": 300,
            "created_time": "2024-11-20T05:53:26.91675Z",
            "yes_price": 12,
            "no_price": 88,
            "taker_side": "no"
        },
        {
            "trade_id": "dd8db173-dc8a-48c1-8558-d87424c6f887",
            "ticker": "KXHIGHCHI-24NOV20-B46.5",
            "count": 180,
            "created_time": "2024-11-20T05:51:31.510261Z",
            "yes_price": 17,
            "no_price": 83,
            "taker_side": "no"
        },
        {
            "trade_id": "97371fa4-226b-4c97-94dc-a3b689c0c2b9",
            "ticker": "KXHIGHCHI-24NOV20-B46.5",
            "count": 100,
            "created_time": "2024-11-20T05:51:31.510261Z",
            "yes_price": 17,
            "no_price": 83,
            "taker_side": "no"
        },
        {
            "trade_id": "6bb9b517-df4a-4ebd-b718-8adbc82b58b1",
            "ticker": "KXHIGHCHI-24NOV20-B46.5",
            "count": 100,
            "created_time": "2024-11-20T05:51:31.510261Z",
            "yes_price": 16,
            "no_price": 84,
            "taker_side": "no"
        },
        {
            "trade_id": "5c119949-d48a-42aa-a85b-31a08660bd66",
            "ticker": "KXHIGHCHI-24NOV20-B46.5",
            "count": 200,
            "created_time": "2024-11-20T05:51:31.510261Z",
            "yes_price": 15,
            "no_price": 85,
            "taker_side": "no"
        },
        {
            "trade_id": "018c0d96-662d-4878-8ff4-da2106b0f5f8",
            "ticker": "KXHIGHCHI-24NOV20-B46.5",
            "count": 200,
            "created_time": "2024-11-20T05:51:31.510261Z",
            "yes_price": 16,
            "no_price": 84,
            "taker_side": "no"
        },
        {
            "trade_id": "a52f6b76-5c3b-49d0-8fb7-3e79e88bc4aa",
            "ticker": "KXHIGHCHI-24NOV20-B46.5",
            "count": 438,
            "created_time": "2024-11-20T05:50:19.613258Z",
            "yes_price": 18,
            "no_price": 82,
            "taker_side": "no"
        },
        {
            "trade_id": "6b53e8a3-4c03-48e8-a523-ad8de085ad3b",
            "ticker": "KXHIGHCHI-24NOV20-B46.5",
            "count": 80,
            "created_time": "2024-11-20T05:50:12.300576Z",
            "yes_price": 18,
            "no_price": 82,
            "taker_side": "no"
        },
        {
            "trade_id": "308fdc9c-3f0f-445e-9c6d-b5a10f20511c",
            "ticker": "KXHIGHCHI-24NOV20-B46.5",
            "count": 120,
            "created_time": "2024-11-20T05:27:50.055765Z",
            "yes_price": 18,
            "no_price": 82,
            "taker_side": "no"
        },
        {
            "trade_id": "de3369ab-9280-4f5d-a6e6-9e333f3384e3",
            "ticker": "KXHIGHCHI-24NOV20-B46.5",
            "count": 162,
            "created_time": "2024-11-20T05:26:37.761398Z",
            "yes_price": 18,
            "no_price": 82,
            "taker_side": "no"
        },
        {
            "trade_id": "c591258d-3f8b-4790-9795-41187ba614b6",
            "ticker": "KXHIGHCHI-24NOV20-B46.5",
            "count": 90,
            "created_time": "2024-11-20T05:26:37.761398Z",
            "yes_price": 22,
            "no_price": 78,
            "taker_side": "no"
        },
        {
            "trade_id": "a7de7dd7-4dda-4672-a203-e8408546a27f",
            "ticker": "KXHIGHCHI-24NOV20-B46.5",
            "count": 200,
            "created_time": "2024-11-20T05:22:59.640507Z",
            "yes_price": 21,
            "no_price": 79,
            "taker_side": "yes"
        },
        {
            "trade_id": "a482c956-b114-4177-ab96-9a7ae40a5d37",
            "ticker": "KXHIGHCHI-24NOV20-B46.5",
            "count": 200,
            "created_time": "2024-11-20T05:22:59.640507Z",
            "yes_price": 22,
            "no_price": 78,
            "taker_side": "yes"
        },
        {
            "trade_id": "2dbcb53a-a42f-481d-a76d-5f23f1b921ae",
            "ticker": "KXHIGHCHI-24NOV20-B46.5",
            "count": 10,
            "created_time": "2024-11-20T05:22:59.640507Z",
            "yes_price": 20,
            "no_price": 80,
            "taker_side": "yes"
        },
        {
            "trade_id": "e0823611-367a-4e91-8608-c424bcfb2453",
            "ticker": "KXHIGHCHI-24NOV20-B46.5",
            "count": 100,
            "created_time": "2024-11-20T05:19:55.053017Z",
            "yes_price": 19,
            "no_price": 81,
            "taker_side": "yes"
        },
        {
            "trade_id": "52a37d66-cb54-41b8-9e1b-e4a1e0c5ef4b",
            "ticker": "KXHIGHCHI-24NOV20-B46.5",
            "count": 200,
            "created_time": "2024-11-20T05:19:55.053017Z",
            "yes_price": 20,
            "no_price": 80,
            "taker_side": "yes"
        },
        {
            "trade_id": "b7d1b304-1225-448f-a72d-783841ceb552",
            "ticker": "KXHIGHCHI-24NOV20-B46.5",
            "count": 77,
            "created_time": "2024-11-20T05:18:00.557797Z",
            "yes_price": 15,
            "no_price": 85,
            "taker_side": "yes"
        },
        {
            "trade_id": "7a5793a9-5837-4a90-83b9-41e510908298",
            "ticker": "KXHIGHCHI-24NOV20-B46.5",
            "count": 287,
            "created_time": "2024-11-20T05:02:52.315804Z",
            "yes_price": 14,
            "no_price": 86,
            "taker_side": "no"
        },
        {
            "trade_id": "f12291bd-345b-4c12-bd7e-8fa04787435f",
            "ticker": "KXHIGHCHI-24NOV20-B46.5",
            "count": 1,
            "created_time": "2024-11-20T05:01:46.208655Z",
            "yes_price": 14,
            "no_price": 86,
            "taker_side": "yes"
        },
        {
            "trade_id": "aca278c6-df3b-4019-b24f-55dfe4c22ef1",
            "ticker": "KXHIGHCHI-24NOV20-B46.5",
            "count": 1,
            "created_time": "2024-11-20T05:00:53.27892Z",
            "yes_price": 13,
            "no_price": 87,
            "taker_side": "no"
        },
        {
            "trade_id": "36bfb1ea-b013-4d1f-856e-1a0570b531fc",
            "ticker": "KXHIGHCHI-24NOV20-B46.5",
            "count": 57,
            "created_time": "2024-11-20T05:00:07.1071Z",
            "yes_price": 18,
            "no_price": 82,
            "taker_side": "yes"
        },
        {
            "trade_id": "23960d4e-7c95-442d-adca-6f3c692550ad",
            "ticker": "KXHIGHCHI-24NOV20-B46.5",
            "count": 49,
            "created_time": "2024-11-20T04:59:37.51666Z",
            "yes_price": 19,
            "no_price": 81,
            "taker_side": "yes"
        },
        {
            "trade_id": "3cb26042-eedb-44ff-b3a3-29ccd0fe0245",
            "ticker": "KXHIGHCHI-24NOV20-B46.5",
            "count": 142,
            "created_time": "2024-11-20T04:57:38.745058Z",
            "yes_price": 19,
            "no_price": 81,
            "taker_side": "yes"
        },
        {
            "trade_id": "0624b5a2-17ef-49b9-9692-5684f6d37548",
            "ticker": "KXHIGHCHI-24NOV20-B46.5",
            "count": 58,
            "created_time": "2024-11-20T04:57:38.745058Z",
            "yes_price": 19,
            "no_price": 81,
            "taker_side": "yes"
        },
        {
            "trade_id": "be2e89b8-7d30-47e0-9cfe-df20d652e829",
            "ticker": "KXHIGHCHI-24NOV20-B46.5",
            "count": 100,
            "created_time": "2024-11-20T04:52:51.82443Z",
            "yes_price": 18,
            "no_price": 82,
            "taker_side": "yes"
        },
        {
            "trade_id": "91866066-f20b-4ef5-bc96-d4c6a377ebf1",
            "ticker": "KXHIGHCHI-24NOV20-B46.5",
            "count": 200,
            "created_time": "2024-11-20T04:52:51.82443Z",
            "yes_price": 17,
            "no_price": 83,
            "taker_side": "yes"
        },
        {
            "trade_id": "d2725d79-7b9b-44c0-bbe7-cf0695405b6b",
            "ticker": "KXHIGHCHI-24NOV20-B46.5",
            "count": 284,
            "created_time": "2024-11-20T04:49:05.6078Z",
            "yes_price": 19,
            "no_price": 81,
            "taker_side": "yes"
        },
        {
            "trade_id": "b1c03090-129d-40a1-9943-ffb42718ea03",
            "ticker": "KXHIGHCHI-24NOV20-B46.5",
            "count": 42,
            "created_time": "2024-11-20T04:49:05.6078Z",
            "yes_price": 19,
            "no_price": 81,
            "taker_side": "yes"
        },
        {
            "trade_id": "fd7ee613-0b36-4864-ab79-4c4b1dcbdfaa",
            "ticker": "KXHIGHCHI-24NOV20-B46.5",
            "count": 76,
            "created_time": "2024-11-20T04:48:41.136425Z",
            "yes_price": 15,
            "no_price": 85,
            "taker_side": "yes"
        },
        {
            "trade_id": "f57fa62b-774e-4cbd-b16c-68d665155af8",
            "ticker": "KXHIGHCHI-24NOV20-B46.5",
            "count": 250,
            "created_time": "2024-11-20T04:48:37.743336Z",
            "yes_price": 15,
            "no_price": 85,
            "taker_side": "yes"
        },
        {
            "trade_id": "ca76cb9e-cc19-414d-8970-72d812ce78a9",
            "ticker": "KXHIGHCHI-24NOV20-B46.5",
            "count": 126,
            "created_time": "2024-11-20T04:48:35.315934Z",
            "yes_price": 14,
            "no_price": 86,
            "taker_side": "no"
        },
        {
            "trade_id": "bcbf1f35-fa94-48b7-aee3-ac769351da4c",
            "ticker": "KXHIGHCHI-24NOV20-B46.5",
            "count": 200,
            "created_time": "2024-11-20T04:48:35.315934Z",
            "yes_price": 14,
            "no_price": 86,
            "taker_side": "no"
        },
        {
            "trade_id": "e79bba66-1f8c-4a33-a452-7834a8a099d7",
            "ticker": "KXHIGHCHI-24NOV20-B46.5",
            "count": 300,
            "created_time": "2024-11-20T04:48:25.823554Z",
            "yes_price": 15,
            "no_price": 85,
            "taker_side": "no"
        },
        {
            "trade_id": "b99be504-1ee1-40ae-ac2d-05f35aeca249",
            "ticker": "KXHIGHCHI-24NOV20-B46.5",
            "count": 5,
            "created_time": "2024-11-20T04:47:22.82458Z",
            "yes_price": 17,
            "no_price": 83,
            "taker_side": "no"
        },
        {
            "trade_id": "4fae3b51-91ff-46ee-8e26-ac741f0fd680",
            "ticker": "KXHIGHCHI-24NOV20-B46.5",
            "count": 100,
            "created_time": "2024-11-20T04:39:55.258133Z",
            "yes_price": 16,
            "no_price": 84,
            "taker_side": "no"
        },
        {
            "trade_id": "c26e75bf-7bf7-42e3-aa5c-822010e9f6e7",
            "ticker": "KXHIGHCHI-24NOV20-B46.5",
            "count": 48,
            "created_time": "2024-11-20T04:39:25.083679Z",
            "yes_price": 17,
            "no_price": 83,
            "taker_side": "yes"
        },
        {
            "trade_id": "ad0b4437-0d6d-464d-bb43-92aabc26128b",
            "ticker": "KXHIGHCHI-24NOV20-B46.5",
            "count": 16,
            "created_time": "2024-11-20T04:39:25.083679Z",
            "yes_price": 19,
            "no_price": 81,
            "taker_side": "yes"
        },
        {
            "trade_id": "7cb60a2e-2246-445e-9c65-a33ca8ef7cdf",
            "ticker": "KXHIGHCHI-24NOV20-B46.5",
            "count": 100,
            "created_time": "2024-11-20T04:39:25.083679Z",
            "yes_price": 18,
            "no_price": 82,
            "taker_side": "yes"
        },
        {
            "trade_id": "6f2d7b2a-05c0-4c16-bb0f-3a9a790288e6",
            "ticker": "KXHIGHCHI-24NOV20-B46.5",
            "count": 100,
            "created_time": "2024-11-20T04:39:25.083679Z",
            "yes_price": 18,
            "no_price": 82,
            "taker_side": "yes"
        },
        {
            "trade_id": "7f2e4c1b-4aab-4c8c-8654-5c6cf32f57b8",
            "ticker": "KXHIGHCHI-24NOV20-B46.5",
            "count": 47,
            "created_time": "2024-11-20T04:38:21.052087Z",
            "yes_price": 15,
            "no_price": 85,
            "taker_side": "yes"
        },
        {
            "trade_id": "4520a08f-f714-4599-81bf-a68fae34e2a4",
            "ticker": "KXHIGHCHI-24NOV20-B46.5",
            "count": 120,
            "created_time": "2024-11-20T04:38:21.052087Z",
            "yes_price": 17,
            "no_price": 83,
            "taker_side": "yes"
        },
        {
            "trade_id": "31e4e014-72d1-48d9-884c-7cf94a8841c2",
            "ticker": "KXHIGHCHI-24NOV20-B46.5",
            "count": 200,
            "created_time": "2024-11-20T04:38:21.052087Z",
            "yes_price": 16,
            "no_price": 84,
            "taker_side": "yes"
        },
        {
            "trade_id": "d4a5c0bb-2120-43e8-b06a-c2c92bd1f374",
            "ticker": "KXHIGHCHI-24NOV20-B46.5",
            "count": 300,
            "created_time": "2024-11-20T04:37:41.797847Z",
            "yes_price": 14,
            "no_price": 86,
            "taker_side": "yes"
        },
        {
            "trade_id": "97a0e04b-b142-4936-9a9e-2d479d9ce8a8",
            "ticker": "KXHIGHCHI-24NOV20-B46.5",
            "count": 256,
            "created_time": "2024-11-20T04:37:41.797847Z",
            "yes_price": 14,
            "no_price": 86,
            "taker_side": "yes"
        },
        {
            "trade_id": "3eaacc95-91ea-4c6b-8716-b2bc40ef33b7",
            "ticker": "KXHIGHCHI-24NOV20-B46.5",
            "count": 300,
            "created_time": "2024-11-20T04:37:41.797847Z",
            "yes_price": 15,
            "no_price": 85,
            "taker_side": "yes"
        },
        {
            "trade_id": "7140d7f3-187d-4b7e-8793-bd682a86d357",
            "ticker": "KXHIGHCHI-24NOV20-B46.5",
            "count": 69,
            "created_time": "2024-11-20T04:37:02.406519Z",
            "yes_price": 14,
            "no_price": 86,
            "taker_side": "yes"
        },
        {
            "trade_id": "5d4ed54e-0bea-4f36-859b-c96362bcbccf",
            "ticker": "KXHIGHCHI-24NOV20-B46.5",
            "count": 100,
            "created_time": "2024-11-20T04:37:02.406519Z",
            "yes_price": 11,
            "no_price": 89,
            "taker_side": "yes"
        },
        {
            "trade_id": "59415339-b586-42dc-bbad-dde8bbcedd25",
            "ticker": "KXHIGHCHI-24NOV20-B46.5",
            "count": 300,
            "created_time": "2024-11-20T04:37:02.406519Z",
            "yes_price": 12,
            "no_price": 88,
            "taker_side": "yes"
        },
        {
            "trade_id": "2a90000d-acec-4ac1-bfdf-1f685ca16341",
            "ticker": "KXHIGHCHI-24NOV20-B46.5",
            "count": 300,
            "created_time": "2024-11-20T04:37:02.406519Z",
            "yes_price": 13,
            "no_price": 87,
            "taker_side": "yes"
        },
        {
            "trade_id": "66d3305f-7140-4b62-ba85-930e4fe0d7ad",
            "ticker": "KXHIGHCHI-24NOV20-B46.5",
            "count": 175,
            "created_time": "2024-11-20T04:31:05.891824Z",
            "yes_price": 14,
            "no_price": 86,
            "taker_side": "yes"
        },
        {
            "trade_id": "f445a50b-e337-4f8e-b6a9-09b8ce1b0958",
            "ticker": "KXHIGHCHI-24NOV20-B46.5",
            "count": 100,
            "created_time": "2024-11-20T04:28:54.682507Z",
            "yes_price": 9,
            "no_price": 91,
            "taker_side": "yes"
        },
        {
            "trade_id": "ecfad2f1-dfdb-4800-8dcd-8b0780fa567b",
            "ticker": "KXHIGHCHI-24NOV20-B46.5",
            "count": 100,
            "created_time": "2024-11-20T04:16:10.439214Z",
            "yes_price": 9,
            "no_price": 91,
            "taker_side": "yes"
        },
        {
            "trade_id": "9ea8d0d3-e84e-4f39-a9bd-4bab742cb21f",
            "ticker": "KXHIGHCHI-24NOV20-B46.5",
            "count": 100,
            "created_time": "2024-11-20T04:16:10.439214Z",
            "yes_price": 9,
            "no_price": 91,
            "taker_side": "yes"
        },
        {
            "trade_id": "7a2e1164-8128-4467-92cd-00f9f3674b13",
            "ticker": "KXHIGHCHI-24NOV20-B46.5",
            "count": 300,
            "created_time": "2024-11-20T04:16:10.439214Z",
            "yes_price": 10,
            "no_price": 90,
            "taker_side": "yes"
        },
        {
            "trade_id": "55eb171e-bee0-49c3-8349-02b002cc2f92",
            "ticker": "KXHIGHCHI-24NOV20-B46.5",
            "count": 100,
            "created_time": "2024-11-20T04:16:10.439214Z",
            "yes_price": 9,
            "no_price": 91,
            "taker_side": "yes"
        },
        {
            "trade_id": "6fa72ce2-7ebb-4d3b-aa85-4e3ea2c07cd5",
            "ticker": "KXHIGHCHI-24NOV20-B46.5",
            "count": 100,
            "created_time": "2024-11-20T04:14:20.428791Z",
            "yes_price": 8,
            "no_price": 92,
            "taker_side": "yes"
        },
        {
            "trade_id": "c7c5c962-01c4-4eb7-9969-301a910cd2cc",
            "ticker": "KXHIGHCHI-24NOV20-B46.5",
            "count": 100,
            "created_time": "2024-11-20T04:05:06.978032Z",
            "yes_price": 5,
            "no_price": 95,
            "taker_side": "yes"
        },
        {
            "trade_id": "3ea78972-5a89-44b5-935c-e69f0300ae31",
            "ticker": "KXHIGHCHI-24NOV20-B46.5",
            "count": 104,
            "created_time": "2024-11-20T03:36:26.292114Z",
            "yes_price": 4,
            "no_price": 96,
            "taker_side": "no"
        },
        {
            "trade_id": "e3b0b375-6dc8-416f-a0e3-3b582ab45af0",
            "ticker": "KXHIGHCHI-24NOV20-B46.5",
            "count": 100,
            "created_time": "2024-11-20T03:33:15.053941Z",
            "yes_price": 4,
            "no_price": 96,
            "taker_side": "no"
        },
        {
            "trade_id": "7a56dc8d-fd9d-4d3e-93a2-f85512398c24",
            "ticker": "KXHIGHCHI-24NOV20-B46.5",
            "count": 3,
            "created_time": "2024-11-20T03:07:15.08069Z",
            "yes_price": 4,
            "no_price": 96,
            "taker_side": "no"
        },
        {
            "trade_id": "f18673fa-b546-443b-8363-00a80b7f8d5b",
            "ticker": "KXHIGHCHI-24NOV20-B46.5",
            "count": 3,
            "created_time": "2024-11-20T03:06:30.341865Z",
            "yes_price": 4,
            "no_price": 96,
            "taker_side": "no"
        },
        {
            "trade_id": "69940c8b-8a19-43ba-b6b6-7c6dee95aa87",
            "ticker": "KXHIGHCHI-24NOV20-B46.5",
            "count": 3,
            "created_time": "2024-11-20T03:05:34.147932Z",
            "yes_price": 4,
            "no_price": 96,
            "taker_side": "no"
        },
        {
            "trade_id": "0fad8ebf-9845-4b12-a5e0-91ad8f96eb91",
            "ticker": "KXHIGHCHI-24NOV20-B46.5",
            "count": 3,
            "created_time": "2024-11-20T03:05:25.003097Z",
            "yes_price": 4,
            "no_price": 96,
            "taker_side": "no"
        },
        {
            "trade_id": "5bc14281-531d-4380-9a92-90b23c8f21c7",
            "ticker": "KXHIGHCHI-24NOV20-B46.5",
            "count": 12,
            "created_time": "2024-11-20T03:03:52.606049Z",
            "yes_price": 4,
            "no_price": 96,
            "taker_side": "no"
        },
        {
            "trade_id": "c0b8ce38-6be3-4745-9495-4fc6eefbb384",
            "ticker": "KXHIGHCHI-24NOV20-B46.5",
            "count": 3,
            "created_time": "2024-11-20T03:03:26.175172Z",
            "yes_price": 4,
            "no_price": 96,
            "taker_side": "no"
        },
        {
            "trade_id": "f712ee88-38f0-453d-8987-af6a21e8a6a2",
            "ticker": "KXHIGHCHI-24NOV20-B46.5",
            "count": 36,
            "created_time": "2024-11-20T03:02:07.001601Z",
            "yes_price": 4,
            "no_price": 96,
            "taker_side": "no"
        },
        {
            "trade_id": "63309e06-3d89-4f27-9b5f-fbe49287227b",
            "ticker": "KXHIGHCHI-24NOV20-B46.5",
            "count": 12,
            "created_time": "2024-11-20T03:01:54.932813Z",
            "yes_price": 4,
            "no_price": 96,
            "taker_side": "no"
        },
        {
            "trade_id": "01f94b9a-e83e-4cf2-8eaf-09979bdf46a0",
            "ticker": "KXHIGHCHI-24NOV20-B46.5",
            "count": 12,
            "created_time": "2024-11-20T03:01:49.419252Z",
            "yes_price": 4,
            "no_price": 96,
            "taker_side": "no"
        },
        {
            "trade_id": "13e36639-beb9-4660-8efb-397c6689b7b1",
            "ticker": "KXHIGHCHI-24NOV20-B46.5",
            "count": 3,
            "created_time": "2024-11-20T03:01:06.692915Z",
            "yes_price": 4,
            "no_price": 96,
            "taker_side": "no"
        },
        {
            "trade_id": "a1ebae1e-073d-4c41-bdc3-16b8edd9c32e",
            "ticker": "KXHIGHCHI-24NOV20-B46.5",
            "count": 36,
            "created_time": "2024-11-20T02:59:49.38767Z",
            "yes_price": 4,
            "no_price": 96,
            "taker_side": "no"
        },
        {
            "trade_id": "181e0a6d-1153-4774-81c6-e2779107b95b",
            "ticker": "KXHIGHCHI-24NOV20-B46.5",
            "count": 12,
            "created_time": "2024-11-20T02:59:40.70163Z",
            "yes_price": 4,
            "no_price": 96,
            "taker_side": "no"
        },
        {
            "trade_id": "9e89342d-e885-49bc-9339-d9df2f96d7d7",
            "ticker": "KXHIGHCHI-24NOV20-B46.5",
            "count": 10,
            "created_time": "2024-11-20T02:58:46.51556Z",
            "yes_price": 4,
            "no_price": 96,
            "taker_side": "no"
        },
        {
            "trade_id": "d1e421b9-b31b-4ddf-b9ca-9f1eafa4a554",
            "ticker": "KXHIGHCHI-24NOV20-B46.5",
            "count": 26,
            "created_time": "2024-11-20T02:58:40.925704Z",
            "yes_price": 4,
            "no_price": 96,
            "taker_side": "no"
        },
        {
            "trade_id": "90083fa7-99c8-4b64-a98c-058101b54fae",
            "ticker": "KXHIGHCHI-24NOV20-B46.5",
            "count": 10,
            "created_time": "2024-11-20T02:58:40.925704Z",
            "yes_price": 5,
            "no_price": 95,
            "taker_side": "no"
        },
        {
            "trade_id": "783bec19-c304-4682-9299-44612ca1f809",
            "ticker": "KXHIGHCHI-24NOV20-B46.5",
            "count": 36,
            "created_time": "2024-11-20T02:58:27.260517Z",
            "yes_price": 4,
            "no_price": 96,
            "taker_side": "no"
        },
        {
            "trade_id": "2d653fbd-9f3d-4e0a-ac09-527d14458fbd",
            "ticker": "KXHIGHCHI-24NOV20-B46.5",
            "count": 36,
            "created_time": "2024-11-20T02:57:59.16181Z",
            "yes_price": 4,
            "no_price": 96,
            "taker_side": "no"
        },
        {
            "trade_id": "c131e28e-3266-49d6-a1e4-4ca802c9a399",
            "ticker": "KXHIGHCHI-24NOV20-B46.5",
            "count": 69,
            "created_time": "2024-11-20T02:56:59.952438Z",
            "yes_price": 7,
            "no_price": 93,
            "taker_side": "yes"
        },
        {
            "trade_id": "30f312aa-d047-4b46-a33f-acf6df90904d",
            "ticker": "KXHIGHCHI-24NOV20-B46.5",
            "count": 31,
            "created_time": "2024-11-20T02:56:59.952438Z",
            "yes_price": 6,
            "no_price": 94,
            "taker_side": "yes"
        },
        {
            "trade_id": "3179ef03-4b28-4256-b0b9-e0c8fb1fc1a9",
            "ticker": "KXHIGHCHI-24NOV20-B46.5",
            "count": 9,
            "created_time": "2024-11-20T02:50:21.093003Z",
            "yes_price": 4,
            "no_price": 96,
            "taker_side": "no"
        },
        {
            "trade_id": "40e5a97a-8a3a-4c26-92c6-17dde5a4dd17",
            "ticker": "KXHIGHCHI-24NOV20-B46.5",
            "count": 104,
            "created_time": "2024-11-20T02:46:52.681084Z",
            "yes_price": 5,
            "no_price": 95,
            "taker_side": "no"
        },
        {
            "trade_id": "e0b3a4e2-7b93-4a33-a9b4-521be42e41d8",
            "ticker": "KXHIGHCHI-24NOV20-B46.5",
            "count": 104,
            "created_time": "2024-11-20T02:46:52.673295Z",
            "yes_price": 5,
            "no_price": 95,
            "taker_side": "no"
        },
        {
            "trade_id": "f232c169-996f-4ba5-b764-77afbdda794d",
            "ticker": "KXHIGHCHI-24NOV20-B46.5",
            "count": 104,
            "created_time": "2024-11-20T02:46:52.644049Z",
            "yes_price": 5,
            "no_price": 95,
            "taker_side": "no"
        },
        {
            "trade_id": "b50a5847-7a1a-4e33-b960-da2226821a6d",
            "ticker": "KXHIGHCHI-24NOV20-B46.5",
            "count": 104,
            "created_time": "2024-11-20T02:46:52.595522Z",
            "yes_price": 5,
            "no_price": 95,
            "taker_side": "no"
        },
        {
            "trade_id": "9e0f011c-23f0-46b0-acbb-d8f69e417765",
            "ticker": "KXHIGHCHI-24NOV20-B46.5",
            "count": 23,
            "created_time": "2024-11-20T02:43:26.055083Z",
            "yes_price": 8,
            "no_price": 92,
            "taker_side": "yes"
        },
        {
            "trade_id": "5d155634-ce08-442b-8cec-264e1e890c2e",
            "ticker": "KXHIGHCHI-24NOV20-B46.5",
            "count": 1,
            "created_time": "2024-11-20T02:09:45.765354Z",
            "yes_price": 5,
            "no_price": 95,
            "taker_side": "no"
        },
        {
            "trade_id": "8ef10269-56fc-49ec-9e79-99d7983a16ae",
            "ticker": "KXHIGHCHI-24NOV20-B46.5",
            "count": 1,
            "created_time": "2024-11-20T02:03:30.185572Z",
            "yes_price": 8,
            "no_price": 92,
            "taker_side": "yes"
        },
        {
            "trade_id": "8dc410a0-c09d-4c0a-887c-d624837ffbf5",
            "ticker": "KXHIGHCHI-24NOV20-B46.5",
            "count": 8,
            "created_time": "2024-11-20T01:59:39.031781Z",
            "yes_price": 8,
            "no_price": 92,
            "taker_side": "yes"
        },
        {
            "trade_id": "0f0dfa38-092b-4c4f-a653-b0c99e4524dd",
            "ticker": "KXHIGHCHI-24NOV20-B46.5",
            "count": 5,
            "created_time": "2024-11-20T01:54:36.804151Z",
            "yes_price": 5,
            "no_price": 95,
            "taker_side": "no"
        },
        {
            "trade_id": "5f58a8ef-0c3e-45dd-9aa8-3fa233531bf0",
            "ticker": "KXHIGHCHI-24NOV20-B46.5",
            "count": 12,
            "created_time": "2024-11-20T01:53:15.819386Z",
            "yes_price": 5,
            "no_price": 95,
            "taker_side": "no"
        },
        {
            "trade_id": "d4dfc408-be2e-4694-a9f2-68501e87556c",
            "ticker": "KXHIGHCHI-24NOV20-B46.5",
            "count": 36,
            "created_time": "2024-11-20T01:50:42.050229Z",
            "yes_price": 5,
            "no_price": 95,
            "taker_side": "no"
        },
        {
            "trade_id": "f8534c7b-fbd2-4492-ba2e-25f3b4777848",
            "ticker": "KXHIGHCHI-24NOV20-B46.5",
            "count": 36,
            "created_time": "2024-11-20T01:50:34.27533Z",
            "yes_price": 5,
            "no_price": 95,
            "taker_side": "no"
        },
        {
            "trade_id": "d07180c3-ae6b-4282-aacd-fccfe7bc8281",
            "ticker": "KXHIGHCHI-24NOV20-B46.5",
            "count": 10,
            "created_time": "2024-11-20T01:50:28.940571Z",
            "yes_price": 5,
            "no_price": 95,
            "taker_side": "no"
        },
        {
            "trade_id": "97dd3da7-fbda-49a6-9b86-66f156c9a1cd",
            "ticker": "KXHIGHCHI-24NOV20-B46.5",
            "count": 26,
            "created_time": "2024-11-20T01:50:28.940571Z",
            "yes_price": 5,
            "no_price": 95,
            "taker_side": "no"
        },
        {
            "trade_id": "ee13b53d-55d4-4976-b40e-57d0491a2b61",
            "ticker": "KXHIGHCHI-24NOV20-B46.5",
            "count": 1,
            "created_time": "2024-11-20T01:47:37.599426Z",
            "yes_price": 5,
            "no_price": 95,
            "taker_side": "no"
        },
        {
            "trade_id": "8df88b84-9cc3-43f2-ba21-db84d5804198",
            "ticker": "KXHIGHCHI-24NOV20-B46.5",
            "count": 1,
            "created_time": "2024-11-20T01:40:22.870824Z",
            "yes_price": 5,
            "no_price": 95,
            "taker_side": "no"
        },
        {
            "trade_id": "dfa5914a-2272-4348-af5a-7cd1391d9191",
            "ticker": "KXHIGHCHI-24NOV20-B46.5",
            "count": 1,
            "created_time": "2024-11-20T01:33:47.647968Z",
            "yes_price": 6,
            "no_price": 94,
            "taker_side": "no"
        },
        {
            "trade_id": "136102ad-107e-46ab-990f-ae8adf7b2cd4",
            "ticker": "KXHIGHCHI-24NOV20-B46.5",
            "count": 99,
            "created_time": "2024-11-20T01:33:47.647968Z",
            "yes_price": 5,
            "no_price": 95,
            "taker_side": "no"
        },
        {
            "trade_id": "b4eac6b4-df58-4e69-8f05-8ffe1bcdaaf9",
            "ticker": "KXHIGHCHI-24NOV20-B46.5",
            "count": 3,
            "created_time": "2024-11-20T01:32:44.657233Z",
            "yes_price": 6,
            "no_price": 94,
            "taker_side": "no"
        },
        {
            "trade_id": "de523ef4-d573-4033-b8c6-21b8c0782eb9",
            "ticker": "KXHIGHCHI-24NOV20-B46.5",
            "count": 100,
            "created_time": "2024-11-20T00:51:00.307813Z",
            "yes_price": 8,
            "no_price": 92,
            "taker_side": "no"
        },
        {
            "trade_id": "17e9b112-cb2b-4207-8bf2-6d69911a104a",
            "ticker": "KXHIGHCHI-24NOV20-B46.5",
            "count": 104,
            "created_time": "2024-11-20T00:36:59.505973Z",
            "yes_price": 9,
            "no_price": 91,
            "taker_side": "yes"
        },
        {
            "trade_id": "06e0511a-79f5-41af-a846-669b303f6ea5",
            "ticker": "KXHIGHCHI-24NOV20-B46.5",
            "count": 276,
            "created_time": "2024-11-20T00:12:32.719246Z",
            "yes_price": 5,
            "no_price": 95,
            "taker_side": "no"
        },
        {
            "trade_id": "f57da9b8-739c-4995-97e7-ccffe4993aa7",
            "ticker": "KXHIGHCHI-24NOV20-B46.5",
            "count": 300,
            "created_time": "2024-11-20T00:12:12.64661Z",
            "yes_price": 9,
            "no_price": 91,
            "taker_side": "no"
        },
        {
            "trade_id": "62185b0b-d21b-4dfb-a8c5-27b2adb13973",
            "ticker": "KXHIGHCHI-24NOV20-B46.5",
            "count": 193,
            "created_time": "2024-11-20T00:12:12.64661Z",
            "yes_price": 5,
            "no_price": 95,
            "taker_side": "no"
        },
        {
            "trade_id": "c15ce5a7-d873-460d-9152-65c297b208d8",
            "ticker": "KXHIGHCHI-24NOV20-B46.5",
            "count": 31,
            "created_time": "2024-11-20T00:09:45.842086Z",
            "yes_price": 9,
            "no_price": 91,
            "taker_side": "yes"
        },
        {
            "trade_id": "1573b4c7-5669-4084-95cf-19b64be3e744",
            "ticker": "KXHIGHCHI-24NOV20-B46.5",
            "count": 169,
            "created_time": "2024-11-20T00:09:45.842086Z",
            "yes_price": 9,
            "no_price": 91,
            "taker_side": "yes"
        },
        {
            "trade_id": "38d01a40-7ac6-4815-ba92-ef6863c4a0ab",
            "ticker": "KXHIGHCHI-24NOV20-B46.5",
            "count": 72,
            "created_time": "2024-11-20T00:01:18.662857Z",
            "yes_price": 7,
            "no_price": 93,
            "taker_side": "no"
        },
        {
            "trade_id": "1056e3d0-d279-4891-bc57-49c5b7886022",
            "ticker": "KXHIGHCHI-24NOV20-B46.5",
            "count": 34,
            "created_time": "2024-11-20T00:01:18.662857Z",
            "yes_price": 5,
            "no_price": 95,
            "taker_side": "no"
        },
        {
            "trade_id": "b415c179-d270-416c-8412-381a80228214",
            "ticker": "KXHIGHCHI-24NOV20-B46.5",
            "count": 31,
            "created_time": "2024-11-19T23:31:48.835337Z",
            "yes_price": 9,
            "no_price": 91,
            "taker_side": "yes"
        },
        {
            "trade_id": "e8054730-0745-4a77-be88-99d13f6f3a67",
            "ticker": "KXHIGHCHI-24NOV20-B46.5",
            "count": 100,
            "created_time": "2024-11-19T23:30:51.549198Z",
            "yes_price": 9,
            "no_price": 91,
            "taker_side": "no"
        },
        {
            "trade_id": "5936f787-a986-4f8d-9508-a550a0bc2688",
            "ticker": "KXHIGHCHI-24NOV20-B46.5",
            "count": 67,
            "created_time": "2024-11-19T23:30:51.549198Z",
            "yes_price": 11,
            "no_price": 89,
            "taker_side": "no"
        },
        {
            "trade_id": "a46fd469-3e95-478d-837b-f8af2d8c1178",
            "ticker": "KXHIGHCHI-24NOV20-B46.5",
            "count": 1,
            "created_time": "2024-11-19T22:59:12.623428Z",
            "yes_price": 14,
            "no_price": 86,
            "taker_side": "yes"
        },
        {
            "trade_id": "497a9d05-89c2-455f-9eef-faebd33f572e",
            "ticker": "KXHIGHCHI-24NOV20-B46.5",
            "count": 90,
            "created_time": "2024-11-19T22:51:56.209318Z",
            "yes_price": 14,
            "no_price": 86,
            "taker_side": "yes"
        },
        {
            "trade_id": "36ed2bc7-37e6-4d6f-bf0f-6d86d06dfbc1",
            "ticker": "KXHIGHCHI-24NOV20-B46.5",
            "count": 100,
            "created_time": "2024-11-19T22:27:22.847187Z",
            "yes_price": 14,
            "no_price": 86,
            "taker_side": "yes"
        },
        {
            "trade_id": "b2574164-964b-4d4c-968f-8de10a07911d",
            "ticker": "KXHIGHCHI-24NOV20-B46.5",
            "count": 33,
            "created_time": "2024-11-19T22:22:16.180058Z",
            "yes_price": 11,
            "no_price": 89,
            "taker_side": "no"
        },
        {
            "trade_id": "6c1c9ebd-1852-41c0-96e2-37bf89b878bd",
            "ticker": "KXHIGHCHI-24NOV20-B46.5",
            "count": 59,
            "created_time": "2024-11-19T22:22:16.180058Z",
            "yes_price": 12,
            "no_price": 88,
            "taker_side": "no"
        },
        {
            "trade_id": "2ba9c169-8a85-43c2-92f9-df3b63c1158e",
            "ticker": "KXHIGHCHI-24NOV20-B46.5",
            "count": 5,
            "created_time": "2024-11-19T22:21:35.45218Z",
            "yes_price": 14,
            "no_price": 86,
            "taker_side": "yes"
        },
        {
            "trade_id": "ccfefdd4-d2d1-40f2-887f-f8cf797b7613",
            "ticker": "KXHIGHCHI-24NOV20-B46.5",
            "count": 21,
            "created_time": "2024-11-19T21:59:11.058672Z",
            "yes_price": 16,
            "no_price": 84,
            "taker_side": "yes"
        },
        {
            "trade_id": "68340ab0-9f9e-47a7-946e-0446a6dbe166",
            "ticker": "KXHIGHCHI-24NOV20-B46.5",
            "count": 100,
            "created_time": "2024-11-19T21:59:11.058672Z",
            "yes_price": 15,
            "no_price": 85,
            "taker_side": "yes"
        },
        {
            "trade_id": "302ee9a3-1acb-4496-99c3-72108e1e7dd3",
            "ticker": "KXHIGHCHI-24NOV20-B46.5",
            "count": 100,
            "created_time": "2024-11-19T21:59:11.058672Z",
            "yes_price": 15,
            "no_price": 85,
            "taker_side": "yes"
        },
        {
            "trade_id": "2451eb78-f69c-4a14-954c-67da372fb42b",
            "ticker": "KXHIGHCHI-24NOV20-B46.5",
            "count": 100,
            "created_time": "2024-11-19T21:59:11.058672Z",
            "yes_price": 14,
            "no_price": 86,
            "taker_side": "yes"
        },
        {
            "trade_id": "0dfb08f0-46e6-4fac-82f9-d931198e7a85",
            "ticker": "KXHIGHCHI-24NOV20-B46.5",
            "count": 200,
            "created_time": "2024-11-19T21:59:11.058672Z",
            "yes_price": 16,
            "no_price": 84,
            "taker_side": "yes"
        },
        {
            "trade_id": "001a58be-6c4b-4ee3-8112-c64297a1624c",
            "ticker": "KXHIGHCHI-24NOV20-B46.5",
            "count": 100,
            "created_time": "2024-11-19T21:59:11.058672Z",
            "yes_price": 15,
            "no_price": 85,
            "taker_side": "yes"
        },
        {
            "trade_id": "9879286d-6fcb-4c91-b412-d02c54387ee5",
            "ticker": "KXHIGHCHI-24NOV20-B46.5",
            "count": 1,
            "created_time": "2024-11-19T20:02:53.77436Z",
            "yes_price": 12,
            "no_price": 88,
            "taker_side": "no"
        },
        {
            "trade_id": "dc3dc317-54bf-4022-92a7-0df6226a4e83",
            "ticker": "KXHIGHCHI-24NOV20-B46.5",
            "count": 7,
            "created_time": "2024-11-19T19:59:56.687246Z",
