{
    "HIGHCHI-24JAN15-T-1": [
        {
            "trade_id": "d01932cc-c27b-4b4a-8aa4-9ec7b5b6257f",
            "ticker": "HIGHCHI-24JAN15-T-1",
            "count": 6,
            "created_time": "2024-01-15T16:16:11.319017Z",
            "yes_price": 1,
            "no_price": 99,
            "taker_side": "no"
        }
    ],
    "HIGHCHI-24JAN15-B-0.5": [
        {
            "trade_id": "f535b54d-7fe2-4665-935f-086526a60b42",
            "ticker": "HIGHCHI-24JAN15-B-0.5",
            "count": 6,
            "created_time": "2024-01-15T16:16:11.323989Z",
            "yes_price": 3,
            "no_price": 97,
            "taker_side": "no"
        }
    ],
    "HIGHCHI-24JAN15-B1.5": [
        {
            "trade_id": "eeee6d95-387e-40aa-94f6-7cd9e407fa21",
            "ticker": "HIGHCHI-24JAN15-B1.5",
            "count": 5,
            "created_time": "2024-01-15T17:05:37.01205Z",
            "yes_price": 16,
            "no_price": 84,
            "taker_side": "no"
        },
        {
            "trade_id": "9b92f420-40cc-447b-b6be-d04e91b8336c",
            "ticker": "HIGHCHI-24JAN15-B1.5",
            "count": 1,
            "created_time": "2024-01-15T16:58:56.817457Z",
            "yes_price": 45,
            "no_price": 55,
            "taker_side": "yes"
        },
        {
            "trade_id": "8d465c36-6266-4d44-b3a1-894148532a8e",
            "ticker": "HIGHCHI-24JAN15-B1.5",
            "count": 5,
            "created_time": "2024-01-15T16:58:56.817457Z",
            "yes_price": 45,
            "no_price": 55,
            "taker_side": "yes"
        },
        {
            "trade_id": "ca62bee3-1b4f-45e6-a9d8-1870520a5d1a",
            "ticker": "HIGHCHI-24JAN15-B1.5",
            "count": 6,
            "created_time": "2024-01-15T16:16:11.323438Z",
            "yes_price": 16,
            "no_price": 84,
            "taker_side": "no"
        }
    ],
    "HIGHCHI-24JAN15-B3.5": [
        {
            "trade_id": "fee68e57-f5a5-4bbc-ba54-5f8fdd3acc1e",
            "ticker": "HIGHCHI-24JAN15-B3.5",
            "count": 250,
            "created_time": "2024-01-15T20:47:42.269555Z",
            "yes_price": 85,
            "no_price": 15,
            "taker_side": "yes"
        },
        {
            "trade_id": "d1ec2d8c-864c-41ae-8cc3-30a1ac2e085b",
            "ticker": "HIGHCHI-24JAN15-B3.5",
            "count": 6,
            "created_time": "2024-01-15T20:47:42.269555Z",
            "yes_price": 85,
            "no_price": 15,
            "taker_side": "yes"
        },
        {
            "trade_id": "fc093ee1-9f99-42ce-b66b-1260a07d8a9e",
            "ticker": "HIGHCHI-24JAN15-B3.5",
            "count": 6,
            "created_time": "2024-01-15T16:16:11.250822Z",
            "yes_price": 72,
            "no_price": 28,
            "taker_side": "yes"
        },
        {
            "trade_id": "c4919993-48a3-4a01-8b8d-be51bd0fcf38",
            "ticker": "HIGHCHI-24JAN15-B3.5",
            "count": 5,
            "created_time": "2024-01-15T15:56:58.505944Z",
            "yes_price": 45,
            "no_price": 55,
            "taker_side": "yes"
        }
    ],
    "HIGHCHI-24JAN15-B5.5": [
        {
            "trade_id": "e91d14f1-8c9c-421d-aa92-99e7f8bd9405",
            "ticker": "HIGHCHI-24JAN15-B5.5",
            "count": 500,
            "created_time": "2024-01-15T22:07:44.158218Z",
            "yes_price": 3,
            "no_price": 97,
            "taker_side": "no"
        },
        {
            "trade_id": "2a935efb-dce7-406b-985d-05a1a305ce63",
            "ticker": "HIGHCHI-24JAN15-B5.5",
            "count": 191,
            "created_time": "2024-01-15T20:46:36.970475Z",
            "yes_price": 10,
            "no_price": 90,
            "taker_side": "no"
        },
        {
            "trade_id": "9dc667f6-3a00-4b54-bc7c-331630c46155",
            "ticker": "HIGHCHI-24JAN15-B5.5",
            "count": 10,
            "created_time": "2024-01-15T18:30:14.586027Z",
            "yes_price": 15,
            "no_price": 85,
            "taker_side": "no"
        },
        {
            "trade_id": "9b258f69-a0c8-484f-833c-ee7a64af47dc",
            "ticker": "HIGHCHI-24JAN15-B5.5",
            "count": 88,
            "created_time": "2024-01-15T17:55:22.325365Z",
            "yes_price": 18,
            "no_price": 82,
            "taker_side": "yes"
        },
        {
            "trade_id": "9515133c-e013-444e-91e5-52d7e897f776",
            "ticker": "HIGHCHI-24JAN15-B5.5",
            "count": 6,
            "created_time": "2024-01-15T16:16:11.320232Z",
            "yes_price": 10,
            "no_price": 90,
            "taker_side": "no"
        },
        {
            "trade_id": "715e7273-0003-40e4-9221-44de99fd76f2",
            "ticker": "HIGHCHI-24JAN15-B5.5",
            "count": 5,
            "created_time": "2024-01-15T15:24:00.380303Z",
            "yes_price": 10,
            "no_price": 90,
            "taker_side": "no"
        },
        {
            "trade_id": "87415e7d-5160-46da-a348-a42bb0b22777",
            "ticker": "HIGHCHI-24JAN15-B5.5",
            "count": 100,
            "created_time": "2024-01-14T18:36:53.504602Z",
            "yes_price": 15,
            "no_price": 85,
            "taker_side": "no"
        }
    ],
    "HIGHCHI-24JAN15-T6": [
        {
            "trade_id": "301316da-ae2e-4611-a774-c62c4ccc7fe2",
            "ticker": "HIGHCHI-24JAN15-T6",
            "count": 100,
            "created_time": "2024-01-14T20:15:43.124241Z",
            "yes_price": 9,
            "no_price": 91,
            "taker_side": "no"
        },
        {
            "trade_id": "c49f4c70-d80d-483c-b315-af1501403840",
            "ticker": "HIGHCHI-24JAN15-T6",
            "count": 150,
            "created_time": "2024-01-14T18:36:42.254411Z",
            "yes_price": 9,
            "no_price": 91,
            "taker_side": "no"
        }
    ]
}