{
    "HIGHCHI-24APR13-T65": [
        {
            "trade_id": "d06746ca-dd74-4276-be23-6432e974129a",
            "ticker": "HIGHCHI-24APR13-T65",
            "count": 3,
            "created_time": "2024-04-13T14:29:23.149329Z",
            "yes_price": 4,
            "no_price": 96,
            "taker_side": "yes"
        },
        {
            "trade_id": "2b5aebaf-5d91-40f0-aa85-ef7640084353",
            "ticker": "HIGHCHI-24APR13-T65",
            "count": 6,
            "created_time": "2024-04-13T14:29:23.149329Z",
            "yes_price": 11,
            "no_price": 89,
            "taker_side": "yes"
        },
        {
            "trade_id": "1eb9659c-0811-4b46-9db3-3196a607f612",
            "ticker": "HIGHCHI-24APR13-T65",
            "count": 2,
            "created_time": "2024-04-13T14:29:23.149329Z",
            "yes_price": 5,
            "no_price": 95,
            "taker_side": "yes"
        }
    ],
    "HIGHCHI-24APR13-B65.5": [
        {
            "trade_id": "6768a0d3-82c7-4c10-aba9-ce2795e31f45",
            "ticker": "HIGHCHI-24APR13-B65.5",
            "count": 3,
            "created_time": "2024-04-13T18:55:16.108611Z",
            "yes_price": 1,
            "no_price": 99,
            "taker_side": "no"
        },
        {
            "trade_id": "dca367d5-0511-4818-983b-99c8afa266bd",
            "ticker": "HIGHCHI-24APR13-B65.5",
            "count": 56,
            "created_time": "2024-04-13T18:43:48.712693Z",
            "yes_price": 5,
            "no_price": 95,
            "taker_side": "yes"
        },
        {
            "trade_id": "780a4692-f79f-471e-8ba8-0f55f7945b1f",
            "ticker": "HIGHCHI-24APR13-B65.5",
            "count": 7,
            "created_time": "2024-04-13T17:55:05.031702Z",
            "yes_price": 5,
            "no_price": 95,
            "taker_side": "yes"
        },
        {
            "trade_id": "09091a97-a522-494d-bd19-58e969018fa2",
            "ticker": "HIGHCHI-24APR13-B65.5",
            "count": 3,
            "created_time": "2024-04-13T17:55:05.031702Z",
            "yes_price": 4,
            "no_price": 96,
            "taker_side": "yes"
        },
        {
            "trade_id": "d4aef4bb-5b38-4062-b359-cba8b3f3eb68",
            "ticker": "HIGHCHI-24APR13-B65.5",
            "count": 3,
            "created_time": "2024-04-13T15:35:53.436475Z",
            "yes_price": 1,
            "no_price": 99,
            "taker_side": "no"
        },
        {
            "trade_id": "8a92b3f2-1ab9-4fd1-8365-9865bd0b011a",
            "ticker": "HIGHCHI-24APR13-B65.5",
            "count": 10,
            "created_time": "2024-04-13T13:52:34.138416Z",
            "yes_price": 55,
            "no_price": 45,
            "taker_side": "yes"
        },
        {
            "trade_id": "89952b6c-309a-4a2e-9434-8369b50f821f",
            "ticker": "HIGHCHI-24APR13-B65.5",
            "count": 3,
            "created_time": "2024-04-13T13:52:34.138416Z",
            "yes_price": 54,
            "no_price": 46,
            "taker_side": "yes"
        },
        {
            "trade_id": "e28c074a-0321-4767-8d3a-7da5dc45db41",
            "ticker": "HIGHCHI-24APR13-B65.5",
            "count": 2,
            "created_time": "2024-04-13T13:13:27.419745Z",
            "yes_price": 11,
            "no_price": 89,
            "taker_side": "yes"
        },
        {
            "trade_id": "c0805c48-c3cf-4cdf-b0d1-1ec766f045bb",
            "ticker": "HIGHCHI-24APR13-B65.5",
            "count": 1,
            "created_time": "2024-04-13T13:13:27.419745Z",
            "yes_price": 6,
            "no_price": 94,
            "taker_side": "yes"
        },
        {
            "trade_id": "6f37471e-e9f0-445b-8fba-6debe88665f3",
            "ticker": "HIGHCHI-24APR13-B65.5",
            "count": 3,
            "created_time": "2024-04-13T13:13:27.419745Z",
            "yes_price": 5,
            "no_price": 95,
            "taker_side": "yes"
        },
        {
            "trade_id": "64d7cb23-3f6b-447b-bfd6-67734d846e18",
            "ticker": "HIGHCHI-24APR13-B65.5",
            "count": 10,
            "created_time": "2024-04-13T12:07:02.881025Z",
            "yes_price": 6,
            "no_price": 94,
            "taker_side": "yes"
        },
        {
            "trade_id": "485fabe5-097f-4f95-a426-8fef3a041c63",
            "ticker": "HIGHCHI-24APR13-B65.5",
            "count": 10,
            "created_time": "2024-04-12T17:30:20.18625Z",
            "yes_price": 11,
            "no_price": 89,
            "taker_side": "yes"
        }
    ],
    "HIGHCHI-24APR13-B67.5": [
        {
            "trade_id": "7c7cdd9c-5625-48b1-a547-960506b803fa",
            "ticker": "HIGHCHI-24APR13-B67.5",
            "count": 935,
            "created_time": "2024-04-13T19:59:04.441552Z",
            "yes_price": 1,
            "no_price": 99,
            "taker_side": "yes"
        },
        {
            "trade_id": "365e71d5-32d0-414b-8a1e-d2e8942dcfc2",
            "ticker": "HIGHCHI-24APR13-B67.5",
            "count": 3,
            "created_time": "2024-04-13T19:32:56.57657Z",
            "yes_price": 1,
            "no_price": 99,
            "taker_side": "yes"
        },
        {
            "trade_id": "7e153928-e2fd-4393-9eeb-87d9aa6642f7",
            "ticker": "HIGHCHI-24APR13-B67.5",
            "count": 7,
            "created_time": "2024-04-13T17:04:22.818126Z",
            "yes_price": 10,
            "no_price": 90,
            "taker_side": "yes"
        },
        {
            "trade_id": "28c566c4-565e-4c14-9020-4c6e8196fcbc",
            "ticker": "HIGHCHI-24APR13-B67.5",
            "count": 3,
            "created_time": "2024-04-13T17:04:22.818126Z",
            "yes_price": 21,
            "no_price": 79,
            "taker_side": "yes"
        },
        {
            "trade_id": "0f94bfba-3114-41b7-97a9-751dfda21d47",
            "ticker": "HIGHCHI-24APR13-B67.5",
            "count": 14,
            "created_time": "2024-04-13T17:04:22.818126Z",
            "yes_price": 1,
            "no_price": 99,
            "taker_side": "yes"
        },
        {
            "trade_id": "020ace4f-976f-4ba5-8161-325bdcc9c0e8",
            "ticker": "HIGHCHI-24APR13-B67.5",
            "count": 3,
            "created_time": "2024-04-13T17:04:22.818126Z",
            "yes_price": 8,
            "no_price": 92,
            "taker_side": "yes"
        },
        {
            "trade_id": "1a31480f-9477-48b8-9584-f2df5a311c07",
            "ticker": "HIGHCHI-24APR13-B67.5",
            "count": 3,
            "created_time": "2024-04-13T16:57:36.235077Z",
            "yes_price": 1,
            "no_price": 99,
            "taker_side": "no"
        },
        {
            "trade_id": "df695bc9-37eb-4571-a898-ff399ac5f76b",
            "ticker": "HIGHCHI-24APR13-B67.5",
            "count": 47,
            "created_time": "2024-04-13T16:20:22.019055Z",
            "yes_price": 10,
            "no_price": 90,
            "taker_side": "yes"
        },
        {
            "trade_id": "dea06ed1-5a81-4473-aea3-fc54ff154996",
            "ticker": "HIGHCHI-24APR13-B67.5",
            "count": 44,
            "created_time": "2024-04-13T16:05:43.029992Z",
            "yes_price": 10,
            "no_price": 90,
            "taker_side": "yes"
        },
        {
            "trade_id": "0996a5c2-5ca3-4e63-a570-4a647d4ab2f6",
            "ticker": "HIGHCHI-24APR13-B67.5",
            "count": 3,
            "created_time": "2024-04-13T16:05:43.029992Z",
            "yes_price": 9,
            "no_price": 91,
            "taker_side": "yes"
        },
        {
            "trade_id": "cb89c9b1-3d93-4da2-a450-5cb78ba004a0",
            "ticker": "HIGHCHI-24APR13-B67.5",
            "count": 15,
            "created_time": "2024-04-13T15:35:53.411854Z",
            "yes_price": 22,
            "no_price": 78,
            "taker_side": "no"
        },
        {
            "trade_id": "c7ea362d-2f0b-4cb1-b85b-5e60aedbcd31",
            "ticker": "HIGHCHI-24APR13-B67.5",
            "count": 3,
            "created_time": "2024-04-13T15:35:53.382676Z",
            "yes_price": 22,
            "no_price": 78,
            "taker_side": "no"
        },
        {
            "trade_id": "2068d96a-6ffa-4eb2-8078-3ebfbf59862a",
            "ticker": "HIGHCHI-24APR13-B67.5",
            "count": 3,
            "created_time": "2024-04-13T13:52:34.240792Z",
            "yes_price": 1,
            "no_price": 99,
            "taker_side": "no"
        },
        {
            "trade_id": "f72a44fa-bb78-4169-b1c2-447e63bfe412",
            "ticker": "HIGHCHI-24APR13-B67.5",
            "count": 3,
            "created_time": "2024-04-13T13:20:35.548226Z",
            "yes_price": 12,
            "no_price": 88,
            "taker_side": "yes"
        },
        {
            "trade_id": "75756e6b-38da-46d0-bf5f-f1978adee669",
            "ticker": "HIGHCHI-24APR13-B67.5",
            "count": 3,
            "created_time": "2024-04-13T13:20:35.548226Z",
            "yes_price": 1,
            "no_price": 99,
            "taker_side": "yes"
        },
        {
            "trade_id": "c8da07ee-8b85-42bb-a70a-caf9afa609b4",
            "ticker": "HIGHCHI-24APR13-B67.5",
            "count": 12,
            "created_time": "2024-04-12T15:38:29.742202Z",
            "yes_price": 13,
            "no_price": 87,
            "taker_side": "yes"
        },
        {
            "trade_id": "6adc0053-4489-4706-9485-571e038917b4",
            "ticker": "HIGHCHI-24APR13-B67.5",
            "count": 7,
            "created_time": "2024-04-12T15:38:29.742202Z",
            "yes_price": 16,
            "no_price": 84,
            "taker_side": "yes"
        }
    ],
    "HIGHCHI-24APR13-B69.5": [
        {
            "trade_id": "a82a03e8-94d1-42ce-9f78-e818d70c0352",
            "ticker": "HIGHCHI-24APR13-B69.5",
            "count": 400,
            "created_time": "2024-04-14T01:45:40.326508Z",
            "yes_price": 1,
            "no_price": 99,
            "taker_side": "yes"
        },
        {
            "trade_id": "c14745fd-395b-40ef-bebc-59f827a98464",
            "ticker": "HIGHCHI-24APR13-B69.5",
            "count": 1049,
            "created_time": "2024-04-14T01:44:51.546275Z",
            "yes_price": 1,
            "no_price": 99,
            "taker_side": "yes"
        },
        {
            "trade_id": "49eb6e7e-93ea-45e8-84b1-ccb68a350e08",
            "ticker": "HIGHCHI-24APR13-B69.5",
            "count": 500,
            "created_time": "2024-04-14T01:41:00.090799Z",
            "yes_price": 1,
            "no_price": 99,
            "taker_side": "yes"
        },
        {
            "trade_id": "f1cfa2b0-ed84-4c08-a4a5-a762b2a063b8",
            "ticker": "HIGHCHI-24APR13-B69.5",
            "count": 120,
            "created_time": "2024-04-14T01:37:24.979702Z",
            "yes_price": 1,
            "no_price": 99,
            "taker_side": "yes"
        },
        {
            "trade_id": "1dc1d558-3e57-4248-b584-9a998f44c8e4",
            "ticker": "HIGHCHI-24APR13-B69.5",
            "count": 935,
            "created_time": "2024-04-14T01:09:42.961908Z",
            "yes_price": 1,
            "no_price": 99,
            "taker_side": "yes"
        },
        {
            "trade_id": "d1719c39-5fd6-4c0a-b1fe-257fc68bbe62",
            "ticker": "HIGHCHI-24APR13-B69.5",
            "count": 350,
            "created_time": "2024-04-13T22:35:38.521313Z",
            "yes_price": 1,
            "no_price": 99,
            "taker_side": "yes"
        },
        {
            "trade_id": "c7761e54-f9d8-4b78-9548-6483f05387a0",
            "ticker": "HIGHCHI-24APR13-B69.5",
            "count": 10,
            "created_time": "2024-04-13T21:35:34.551313Z",
            "yes_price": 1,
            "no_price": 99,
            "taker_side": "yes"
        },
        {
            "trade_id": "0997ae8c-7ff5-40f5-b4d8-bf2847d7856d",
            "ticker": "HIGHCHI-24APR13-B69.5",
            "count": 3,
            "created_time": "2024-04-13T21:22:27.910544Z",
            "yes_price": 1,
            "no_price": 99,
            "taker_side": "yes"
        },
        {
            "trade_id": "eddbc919-0bee-4222-aae2-0b9ab2354612",
            "ticker": "HIGHCHI-24APR13-B69.5",
            "count": 1,
            "created_time": "2024-04-13T21:16:29.494201Z",
            "yes_price": 1,
            "no_price": 99,
            "taker_side": "no"
        },
        {
            "trade_id": "4020bbf7-1abd-4048-a1ef-c53d961fbd6d",
            "ticker": "HIGHCHI-24APR13-B69.5",
            "count": 1,
            "created_time": "2024-04-13T21:05:30.210796Z",
            "yes_price": 72,
            "no_price": 28,
            "taker_side": "yes"
        },
        {
            "trade_id": "02f3ced7-2f2a-4347-8222-ece59e09095d",
            "ticker": "HIGHCHI-24APR13-B69.5",
            "count": 5,
            "created_time": "2024-04-13T21:05:30.210796Z",
            "yes_price": 72,
            "no_price": 28,
            "taker_side": "yes"
        },
        {
            "trade_id": "13de6a6b-178e-46be-93eb-57bba8e8e20a",
            "ticker": "HIGHCHI-24APR13-B69.5",
            "count": 1,
            "created_time": "2024-04-13T20:25:02.283473Z",
            "yes_price": 97,
            "no_price": 3,
            "taker_side": "yes"
        },
        {
            "trade_id": "28f41d11-45c2-418d-9c0e-01a43543ef66",
            "ticker": "HIGHCHI-24APR13-B69.5",
            "count": 3,
            "created_time": "2024-04-13T19:28:37.85541Z",
            "yes_price": 3,
            "no_price": 97,
            "taker_side": "no"
        },
        {
            "trade_id": "031218e3-dd5d-4e6d-ae8e-a02bbfe9002c",
            "ticker": "HIGHCHI-24APR13-B69.5",
            "count": 17,
            "created_time": "2024-04-13T16:57:36.190709Z",
            "yes_price": 16,
            "no_price": 84,
            "taker_side": "no"
        },
        {
            "trade_id": "da69c12c-62b3-4a39-83b7-3e9fc29884f8",
            "ticker": "HIGHCHI-24APR13-B69.5",
            "count": 13,
            "created_time": "2024-04-13T16:57:30.963623Z",
            "yes_price": 16,
            "no_price": 84,
            "taker_side": "yes"
        },
        {
            "trade_id": "afb5728e-1890-4970-bb28-af6b945075bd",
            "ticker": "HIGHCHI-24APR13-B69.5",
            "count": 29,
            "created_time": "2024-04-13T16:20:32.27699Z",
            "yes_price": 16,
            "no_price": 84,
            "taker_side": "yes"
        },
        {
            "trade_id": "fc4378ec-6f55-4e0d-989b-36df0d3aab4a",
            "ticker": "HIGHCHI-24APR13-B69.5",
            "count": 1,
            "created_time": "2024-04-13T16:16:01.486381Z",
            "yes_price": 17,
            "no_price": 83,
            "taker_side": "yes"
        },
        {
            "trade_id": "c6c3accf-a6af-4de2-801b-47252a418e88",
            "ticker": "HIGHCHI-24APR13-B69.5",
            "count": 49,
            "created_time": "2024-04-13T16:16:01.486381Z",
            "yes_price": 15,
            "no_price": 85,
            "taker_side": "yes"
        },
        {
            "trade_id": "510a86a0-8dc7-42e0-8685-6dd0e6ac46d7",
            "ticker": "HIGHCHI-24APR13-B69.5",
            "count": 31,
            "created_time": "2024-04-13T16:11:56.976867Z",
            "yes_price": 15,
            "no_price": 85,
            "taker_side": "yes"
        },
        {
            "trade_id": "db7072ff-6a5c-4627-b161-e033345eaff9",
            "ticker": "HIGHCHI-24APR13-B69.5",
            "count": 63,
            "created_time": "2024-04-13T16:05:18.6792Z",
            "yes_price": 14,
            "no_price": 86,
            "taker_side": "yes"
        },
        {
            "trade_id": "54409ac6-8ac0-4ed0-b7b3-6a4f94b4f90e",
            "ticker": "HIGHCHI-24APR13-B69.5",
            "count": 3,
            "created_time": "2024-04-13T16:05:18.6792Z",
            "yes_price": 16,
            "no_price": 84,
            "taker_side": "yes"
        },
        {
            "trade_id": "e6bf03cd-2fac-4757-93a1-de29ee51a605",
            "ticker": "HIGHCHI-24APR13-B69.5",
            "count": 3,
            "created_time": "2024-04-13T15:35:53.412596Z",
            "yes_price": 7,
            "no_price": 93,
            "taker_side": "no"
        },
        {
            "trade_id": "935e4586-182d-4737-90e2-bc46499b320d",
            "ticker": "HIGHCHI-24APR13-B69.5",
            "count": 18,
            "created_time": "2024-04-13T15:35:53.384784Z",
            "yes_price": 7,
            "no_price": 93,
            "taker_side": "no"
        },
        {
            "trade_id": "258f4f9c-c867-4031-981e-bb73b533f6bf",
            "ticker": "HIGHCHI-24APR13-B69.5",
            "count": 3,
            "created_time": "2024-04-13T15:24:29.261835Z",
            "yes_price": 16,
            "no_price": 84,
            "taker_side": "no"
        },
        {
            "trade_id": "eb1e5560-7bb0-4263-9ba4-6950646c914d",
            "ticker": "HIGHCHI-24APR13-B69.5",
            "count": 86,
            "created_time": "2024-04-13T14:06:43.614192Z",
            "yes_price": 26,
            "no_price": 74,
            "taker_side": "yes"
        },
        {
            "trade_id": "8ac3055a-43fd-404c-8725-7c215a0cbb7f",
            "ticker": "HIGHCHI-24APR13-B69.5",
            "count": 3,
            "created_time": "2024-04-13T14:06:43.614192Z",
            "yes_price": 23,
            "no_price": 77,
            "taker_side": "yes"
        },
        {
            "trade_id": "7527ba15-1f5d-482d-8344-3c336f60bdb4",
            "ticker": "HIGHCHI-24APR13-B69.5",
            "count": 62,
            "created_time": "2024-04-13T14:06:43.614192Z",
            "yes_price": 24,
            "no_price": 76,
            "taker_side": "yes"
        },
        {
            "trade_id": "d631a107-4054-4d0d-90d3-6216adb1a02b",
            "ticker": "HIGHCHI-24APR13-B69.5",
            "count": 3,
            "created_time": "2024-04-13T13:52:34.221659Z",
            "yes_price": 17,
            "no_price": 83,
            "taker_side": "no"
        },
        {
            "trade_id": "9deb680f-5673-4986-8612-19f14d1c5b51",
            "ticker": "HIGHCHI-24APR13-B69.5",
            "count": 10,
            "created_time": "2024-04-13T13:41:13.675207Z",
            "yes_price": 24,
            "no_price": 76,
            "taker_side": "yes"
        },
        {
            "trade_id": "665ba225-5ff6-4cdc-a968-4514468d9d15",
            "ticker": "HIGHCHI-24APR13-B69.5",
            "count": 32,
            "created_time": "2024-04-13T13:41:13.675207Z",
            "yes_price": 22,
            "no_price": 78,
            "taker_side": "yes"
        },
        {
            "trade_id": "9bdcfc52-74ed-45f1-b0b0-cf42e6a18e6a",
            "ticker": "HIGHCHI-24APR13-B69.5",
            "count": 12,
            "created_time": "2024-04-13T13:21:44.198154Z",
            "yes_price": 22,
            "no_price": 78,
            "taker_side": "yes"
        },
        {
            "trade_id": "4412def1-57cb-401a-8a8a-3e7cef21c9ed",
            "ticker": "HIGHCHI-24APR13-B69.5",
            "count": 4,
            "created_time": "2024-04-13T13:17:43.930253Z",
            "yes_price": 22,
            "no_price": 78,
            "taker_side": "yes"
        },
        {
            "trade_id": "26245cd0-5231-4250-bd28-ae51c8cb5149",
            "ticker": "HIGHCHI-24APR13-B69.5",
            "count": 4,
            "created_time": "2024-04-13T13:01:46.878325Z",
            "yes_price": 22,
            "no_price": 78,
            "taker_side": "yes"
        },
        {
            "trade_id": "631854cc-4d23-4c3d-8348-b8bd5d1794ce",
            "ticker": "HIGHCHI-24APR13-B69.5",
            "count": 75,
            "created_time": "2024-04-13T03:57:47.268136Z",
            "yes_price": 22,
            "no_price": 78,
            "taker_side": "no"
        },
        {
            "trade_id": "f033feb5-6f6a-42c8-bf01-e2f9fa2d6f51",
            "ticker": "HIGHCHI-24APR13-B69.5",
            "count": 137,
            "created_time": "2024-04-13T03:57:44.633191Z",
            "yes_price": 21,
            "no_price": 79,
            "taker_side": "yes"
        },
        {
            "trade_id": "e5ccd3cb-fa1b-44b8-b521-1bea7d0c56bc",
            "ticker": "HIGHCHI-24APR13-B69.5",
            "count": 29,
            "created_time": "2024-04-13T03:57:44.633191Z",
            "yes_price": 18,
            "no_price": 82,
            "taker_side": "yes"
        },
        {
            "trade_id": "6052e75c-edfe-4141-b29f-574ab1e5c479",
            "ticker": "HIGHCHI-24APR13-B69.5",
            "count": 146,
            "created_time": "2024-04-13T03:57:44.633191Z",
            "yes_price": 20,
            "no_price": 80,
            "taker_side": "yes"
        },
        {
            "trade_id": "8553b621-9c59-4826-9ff8-e1b329b40878",
            "ticker": "HIGHCHI-24APR13-B69.5",
            "count": 4,
            "created_time": "2024-04-13T03:13:03.295399Z",
            "yes_price": 19,
            "no_price": 81,
            "taker_side": "yes"
        },
        {
            "trade_id": "912d03c1-f8ec-4510-a844-8bebad4a0921",
            "ticker": "HIGHCHI-24APR13-B69.5",
            "count": 10,
            "created_time": "2024-04-13T01:00:45.030638Z",
            "yes_price": 26,
            "no_price": 74,
            "taker_side": "yes"
        },
        {
            "trade_id": "be9ef679-504f-4853-bec8-bbfee0791671",
            "ticker": "HIGHCHI-24APR13-B69.5",
            "count": 1,
            "created_time": "2024-04-12T23:36:17.492209Z",
            "yes_price": 19,
            "no_price": 81,
            "taker_side": "no"
        },
        {
            "trade_id": "a111c6b6-ac1e-4374-a67b-cc8f41abcc63",
            "ticker": "HIGHCHI-24APR13-B69.5",
            "count": 150,
            "created_time": "2024-04-12T23:35:41.089206Z",
            "yes_price": 25,
            "no_price": 75,
            "taker_side": "yes"
        },
        {
            "trade_id": "3a22b981-58f2-4c6a-a0bb-696efd22181e",
            "ticker": "HIGHCHI-24APR13-B69.5",
            "count": 60,
            "created_time": "2024-04-12T23:35:41.089206Z",
            "yes_price": 23,
            "no_price": 77,
            "taker_side": "yes"
        },
        {
            "trade_id": "b7bdfbda-6506-4e35-9e37-b0baddf318cc",
            "ticker": "HIGHCHI-24APR13-B69.5",
            "count": 3,
            "created_time": "2024-04-12T21:59:46.309717Z",
            "yes_price": 18,
            "no_price": 82,
            "taker_side": "no"
        },
        {
            "trade_id": "3b34da76-0550-45ef-a91a-43dd11ba0244",
            "ticker": "HIGHCHI-24APR13-B69.5",
            "count": 10,
            "created_time": "2024-04-12T18:35:16.779426Z",
            "yes_price": 24,
            "no_price": 76,
            "taker_side": "no"
        },
        {
            "trade_id": "a3138742-acca-4dab-bae8-ab674ed0f251",
            "ticker": "HIGHCHI-24APR13-B69.5",
            "count": 75,
            "created_time": "2024-04-12T17:25:14.438979Z",
            "yes_price": 29,
            "no_price": 71,
            "taker_side": "yes"
        },
        {
            "trade_id": "c6aa15d4-82fa-45e9-b069-6bb2edc289da",
            "ticker": "HIGHCHI-24APR13-B69.5",
            "count": 15,
            "created_time": "2024-04-12T17:12:59.647129Z",
            "yes_price": 33,
            "no_price": 67,
            "taker_side": "no"
        },
        {
            "trade_id": "8115a7df-79ed-4f15-a033-49910e8c232d",
            "ticker": "HIGHCHI-24APR13-B69.5",
            "count": 150,
            "created_time": "2024-04-12T17:12:55.733305Z",
            "yes_price": 31,
            "no_price": 69,
            "taker_side": "yes"
        },
        {
            "trade_id": "6472d1ad-2902-46de-a4f1-6b3aacf2c8de",
            "ticker": "HIGHCHI-24APR13-B69.5",
            "count": 12,
            "created_time": "2024-04-12T17:12:55.733305Z",
            "yes_price": 32,
            "no_price": 68,
            "taker_side": "yes"
        },
        {
            "trade_id": "45bd3a5a-044a-451b-a9a6-da1bc04dce48",
            "ticker": "HIGHCHI-24APR13-B69.5",
            "count": 75,
            "created_time": "2024-04-12T17:12:55.733305Z",
            "yes_price": 27,
            "no_price": 73,
            "taker_side": "yes"
        },
        {
            "trade_id": "429a28a5-d9e0-4847-a3bd-69b5bc16814d",
            "ticker": "HIGHCHI-24APR13-B69.5",
            "count": 150,
            "created_time": "2024-04-12T17:12:55.733305Z",
            "yes_price": 29,
            "no_price": 71,
            "taker_side": "yes"
        }
    ],
    "HIGHCHI-24APR13-B71.5": [
        {
            "trade_id": "466a8477-d06b-4aa1-bd06-37c6d5ba9690",
            "ticker": "HIGHCHI-24APR13-B71.5",
            "count": 3,
            "created_time": "2024-04-13T23:56:00.511927Z",
            "yes_price": 99,
            "no_price": 1,
            "taker_side": "yes"
        },
        {
            "trade_id": "8a162d20-3aea-49a9-91eb-b9141681d531",
            "ticker": "HIGHCHI-24APR13-B71.5",
            "count": 2,
            "created_time": "2024-04-13T22:21:12.99719Z",
            "yes_price": 99,
            "no_price": 1,
            "taker_side": "yes"
        },
        {
            "trade_id": "f5cda263-c3bd-42ce-b080-50c9cef46233",
            "ticker": "HIGHCHI-24APR13-B71.5",
            "count": 20,
            "created_time": "2024-04-13T22:21:04.201408Z",
            "yes_price": 99,
            "no_price": 1,
            "taker_side": "yes"
        },
        {
            "trade_id": "8e265cc6-38eb-40e7-a5bc-baf2fcbaa2bf",
            "ticker": "HIGHCHI-24APR13-B71.5",
            "count": 10,
            "created_time": "2024-04-13T22:20:49.801798Z",
            "yes_price": 99,
            "no_price": 1,
            "taker_side": "yes"
        },
        {
            "trade_id": "f6cac5c4-d3ae-42c3-9937-dbdc31d6a957",
            "ticker": "HIGHCHI-24APR13-B71.5",
            "count": 26,
            "created_time": "2024-04-13T22:17:13.752927Z",
            "yes_price": 97,
            "no_price": 3,
            "taker_side": "yes"
        },
        {
            "trade_id": "e047f99e-900d-4fd4-ae11-f75bd5fbf231",
            "ticker": "HIGHCHI-24APR13-B71.5",
            "count": 7,
            "created_time": "2024-04-13T22:14:34.981536Z",
            "yes_price": 97,
            "no_price": 3,
            "taker_side": "yes"
        },
        {
            "trade_id": "d6ec8313-560d-44d4-9588-ddc7cf15ff5e",
            "ticker": "HIGHCHI-24APR13-B71.5",
            "count": 497,
            "created_time": "2024-04-13T21:46:49.230014Z",
            "yes_price": 97,
            "no_price": 3,
            "taker_side": "yes"
        },
        {
            "trade_id": "a0fc5cf5-b387-4df1-968b-58a1c4c14757",
            "ticker": "HIGHCHI-24APR13-B71.5",
            "count": 3,
            "created_time": "2024-04-13T21:36:58.428253Z",
            "yes_price": 97,
            "no_price": 3,
            "taker_side": "yes"
        },
        {
            "trade_id": "51107701-f7e5-4f32-b141-ea907270e11f",
            "ticker": "HIGHCHI-24APR13-B71.5",
            "count": 5,
            "created_time": "2024-04-13T21:05:30.290418Z",
            "yes_price": 25,
            "no_price": 75,
            "taker_side": "no"
        },
        {
            "trade_id": "440bf42b-a184-4035-9c0b-2d92ba1f27f8",
            "ticker": "HIGHCHI-24APR13-B71.5",
            "count": 1,
            "created_time": "2024-04-13T20:25:46.833317Z",
            "yes_price": 25,
            "no_price": 75,
            "taker_side": "no"
        },
        {
            "trade_id": "88b3b966-7b83-4b94-b589-2830c93abb24",
            "ticker": "HIGHCHI-24APR13-B71.5",
            "count": 1,
            "created_time": "2024-04-13T20:25:02.357097Z",
            "yes_price": 26,
            "no_price": 74,
            "taker_side": "no"
        },
        {
            "trade_id": "fea108db-a1c6-45cb-8115-6173c5f4bebb",
            "ticker": "HIGHCHI-24APR13-B71.5",
            "count": 5,
            "created_time": "2024-04-13T19:35:39.424723Z",
            "yes_price": 50,
            "no_price": 50,
            "taker_side": "yes"
        },
        {
            "trade_id": "28eee37c-ae45-47f2-9e88-3f7fa0615ca5",
            "ticker": "HIGHCHI-24APR13-B71.5",
            "count": 10,
            "created_time": "2024-04-13T19:35:39.424723Z",
            "yes_price": 53,
            "no_price": 47,
            "taker_side": "yes"
        },
        {
            "trade_id": "8c310602-f624-44f6-9fe2-b2ef8ef93f25",
            "ticker": "HIGHCHI-24APR13-B71.5",
            "count": 26,
            "created_time": "2024-04-13T16:57:42.983347Z",
            "yes_price": 49,
            "no_price": 51,
            "taker_side": "yes"
        },
        {
            "trade_id": "b9f94b5f-e021-452b-8f64-05aa245b0f3e",
            "ticker": "HIGHCHI-24APR13-B71.5",
            "count": 17,
            "created_time": "2024-04-13T16:57:36.116693Z",
            "yes_price": 49,
            "no_price": 51,
            "taker_side": "yes"
        },
        {
            "trade_id": "aba3601f-ec55-43e4-b49e-561d17b02859",
            "ticker": "HIGHCHI-24APR13-B71.5",
            "count": 26,
            "created_time": "2024-04-13T16:57:32.875651Z",
            "yes_price": 48,
            "no_price": 52,
            "taker_side": "yes"
        },
        {
            "trade_id": "174b00af-76d0-4c62-8575-8e132804ea7a",
            "ticker": "HIGHCHI-24APR13-B71.5",
            "count": 4,
            "created_time": "2024-04-13T16:24:16.317203Z",
            "yes_price": 46,
            "no_price": 54,
            "taker_side": "yes"
        },
        {
            "trade_id": "62d08d6a-6028-414a-b08d-7745c3e667d3",
            "ticker": "HIGHCHI-24APR13-B71.5",
            "count": 10,
            "created_time": "2024-04-13T16:21:13.394564Z",
            "yes_price": 48,
            "no_price": 52,
            "taker_side": "yes"
        },
        {
            "trade_id": "c5bb7d4b-6a84-4782-a15e-d046720dcbdc",
            "ticker": "HIGHCHI-24APR13-B71.5",
            "count": 7,
            "created_time": "2024-04-13T16:07:48.86775Z",
            "yes_price": 47,
            "no_price": 53,
            "taker_side": "yes"
        },
        {
            "trade_id": "32461045-5691-433a-8e48-b3d429b121ee",
            "ticker": "HIGHCHI-24APR13-B71.5",
            "count": 18,
            "created_time": "2024-04-13T16:07:48.86775Z",
            "yes_price": 44,
            "no_price": 56,
            "taker_side": "yes"
        },
        {
            "trade_id": "b692b486-1f9e-4e02-867a-e659e277b88a",
            "ticker": "HIGHCHI-24APR13-B71.5",
            "count": 105,
            "created_time": "2024-04-13T15:56:08.812121Z",
            "yes_price": 46,
            "no_price": 54,
            "taker_side": "yes"
        },
        {
            "trade_id": "7a204956-0cd3-4304-a039-56f9ab5f2415",
            "ticker": "HIGHCHI-24APR13-B71.5",
            "count": 29,
            "created_time": "2024-04-13T15:56:08.812121Z",
            "yes_price": 44,
            "no_price": 56,
            "taker_side": "yes"
        },
        {
            "trade_id": "86b29c5b-eb6d-4f22-8989-21a459eb1799",
            "ticker": "HIGHCHI-24APR13-B71.5",
            "count": 3,
            "created_time": "2024-04-13T15:35:53.437102Z",
            "yes_price": 36,
            "no_price": 64,
            "taker_side": "no"
        },
        {
            "trade_id": "3afb6db9-d355-4aef-813f-53b6e4ead8dc",
            "ticker": "HIGHCHI-24APR13-B71.5",
            "count": 18,
            "created_time": "2024-04-13T15:35:53.398206Z",
            "yes_price": 36,
            "no_price": 64,
            "taker_side": "no"
        },
        {
            "trade_id": "b2ae7216-8d4a-4153-bb75-03122985aa29",
            "ticker": "HIGHCHI-24APR13-B71.5",
            "count": 12,
            "created_time": "2024-04-13T14:48:04.354251Z",
            "yes_price": 48,
            "no_price": 52,
            "taker_side": "yes"
        },
        {
            "trade_id": "90e677a9-096a-41c2-9f2b-311b622d6a4e",
            "ticker": "HIGHCHI-24APR13-B71.5",
            "count": 7,
            "created_time": "2024-04-13T14:48:04.354251Z",
            "yes_price": 50,
            "no_price": 50,
            "taker_side": "yes"
        },
        {
            "trade_id": "40220b10-88d9-4c44-a5a1-491412b49da8",
            "ticker": "HIGHCHI-24APR13-B71.5",
            "count": 3,
            "created_time": "2024-04-13T13:52:34.223923Z",
            "yes_price": 40,
            "no_price": 60,
            "taker_side": "no"
        },
        {
            "trade_id": "50f2ffb5-4c4a-484b-a05f-db92ad2fca8a",
            "ticker": "HIGHCHI-24APR13-B71.5",
            "count": 2,
            "created_time": "2024-04-13T13:17:11.808436Z",
            "yes_price": 47,
            "no_price": 53,
            "taker_side": "yes"
        },
        {
            "trade_id": "e9cc4bbd-b041-45e0-a467-0686c9f323d0",
            "ticker": "HIGHCHI-24APR13-B71.5",
            "count": 29,
            "created_time": "2024-04-13T03:58:25.119972Z",
            "yes_price": 37,
            "no_price": 63,
            "taker_side": "yes"
        },
        {
            "trade_id": "e35323da-7bc3-46d3-a21f-10dc47049c8c",
            "ticker": "HIGHCHI-24APR13-B71.5",
            "count": 73,
            "created_time": "2024-04-13T03:57:40.880853Z",
            "yes_price": 38,
            "no_price": 62,
            "taker_side": "yes"
        },
        {
            "trade_id": "3f93e808-6bb9-4684-9685-1a2d9163d300",
            "ticker": "HIGHCHI-24APR13-B71.5",
            "count": 58,
            "created_time": "2024-04-13T03:57:31.78333Z",
            "yes_price": 37,
            "no_price": 63,
            "taker_side": "yes"
        },
        {
            "trade_id": "e024118f-5c91-4ee7-a7fe-ea355ea0e5d8",
            "ticker": "HIGHCHI-24APR13-B71.5",
            "count": 29,
            "created_time": "2024-04-13T03:45:34.298589Z",
            "yes_price": 36,
            "no_price": 64,
            "taker_side": "yes"
        },
        {
            "trade_id": "92cdd8f1-8b20-4f24-8acf-d56e7785f193",
            "ticker": "HIGHCHI-24APR13-B71.5",
            "count": 84,
            "created_time": "2024-04-13T03:04:45.948311Z",
            "yes_price": 35,
            "no_price": 65,
            "taker_side": "yes"
        },
        {
            "trade_id": "c6dbe84e-f22b-4a7d-8343-682df5c56a85",
            "ticker": "HIGHCHI-24APR13-B71.5",
            "count": 56,
            "created_time": "2024-04-13T03:04:39.793321Z",
            "yes_price": 34,
            "no_price": 66,
            "taker_side": "yes"
        },
        {
            "trade_id": "fd5496dc-652a-484b-b8d7-36f3aa277a0c",
            "ticker": "HIGHCHI-24APR13-B71.5",
            "count": 75,
            "created_time": "2024-04-12T23:36:10.143558Z",
            "yes_price": 34,
            "no_price": 66,
            "taker_side": "yes"
        },
        {
            "trade_id": "fb8c5dee-2e3f-4e00-b70a-c660d8aa63ef",
            "ticker": "HIGHCHI-24APR13-B71.5",
            "count": 150,
            "created_time": "2024-04-12T23:35:29.349092Z",
            "yes_price": 34,
            "no_price": 66,
            "taker_side": "yes"
        },
        {
            "trade_id": "289cec94-a5f4-4c9d-98b0-f8b7607cff20",
            "ticker": "HIGHCHI-24APR13-B71.5",
            "count": 45,
            "created_time": "2024-04-12T23:35:29.349092Z",
            "yes_price": 32,
            "no_price": 68,
            "taker_side": "yes"
        },
        {
            "trade_id": "60d5d3ad-913d-49e4-87ba-df4ad62de9c6",
            "ticker": "HIGHCHI-24APR13-B71.5",
            "count": 4,
            "created_time": "2024-04-12T21:59:47.098325Z",
            "yes_price": 26,
            "no_price": 74,
            "taker_side": "no"
        },
        {
            "trade_id": "54e42cfa-22f1-45f8-aafe-eb7bba25e5b1",
            "ticker": "HIGHCHI-24APR13-B71.5",
            "count": 75,
            "created_time": "2024-04-12T20:27:23.470596Z",
            "yes_price": 31,
            "no_price": 69,
            "taker_side": "yes"
        },
        {
            "trade_id": "44a24c04-2bcd-4db4-8f47-e7bba891d70d",
            "ticker": "HIGHCHI-24APR13-B71.5",
            "count": 25,
            "created_time": "2024-04-12T20:27:23.470596Z",
            "yes_price": 33,
            "no_price": 67,
            "taker_side": "yes"
        },
        {
            "trade_id": "afad2e0e-4007-4190-8cf8-6582ef9945d4",
            "ticker": "HIGHCHI-24APR13-B71.5",
            "count": 45,
            "created_time": "2024-04-12T19:04:22.161937Z",
            "yes_price": 32,
            "no_price": 68,
            "taker_side": "yes"
        },
        {
            "trade_id": "59162621-141c-4dd6-b33b-059a944a2679",
            "ticker": "HIGHCHI-24APR13-B71.5",
            "count": 90,
            "created_time": "2024-04-12T19:02:13.638915Z",
            "yes_price": 34,
            "no_price": 66,
            "taker_side": "yes"
        },
        {
            "trade_id": "d82bb6ba-9569-4437-8c80-61778d4a686f",
            "ticker": "HIGHCHI-24APR13-B71.5",
            "count": 75,
            "created_time": "2024-04-12T19:02:01.189775Z",
            "yes_price": 33,
            "no_price": 67,
            "taker_side": "yes"
        },
        {
            "trade_id": "e389026d-e38c-41b3-aa4c-39f90bb227e8",
            "ticker": "HIGHCHI-24APR13-B71.5",
            "count": 45,
            "created_time": "2024-04-12T19:01:50.58118Z",
            "yes_price": 32,
            "no_price": 68,
            "taker_side": "yes"
        },
        {
            "trade_id": "3d90629b-70c0-44de-958b-7603a0f04aea",
            "ticker": "HIGHCHI-24APR13-B71.5",
            "count": 10,
            "created_time": "2024-04-12T18:35:17.610838Z",
            "yes_price": 28,
            "no_price": 72,
            "taker_side": "no"
        },
        {
            "trade_id": "e0771794-8132-4481-be6a-6c32a56e5a48",
            "ticker": "HIGHCHI-24APR13-B71.5",
            "count": 150,
            "created_time": "2024-04-12T17:12:49.790175Z",
            "yes_price": 37,
            "no_price": 63,
            "taker_side": "yes"
        },
        {
            "trade_id": "a7b1566c-8470-417f-a7fd-ac92ef1a675b",
            "ticker": "HIGHCHI-24APR13-B71.5",
            "count": 90,
            "created_time": "2024-04-12T17:12:49.790175Z",
            "yes_price": 35,
            "no_price": 65,
            "taker_side": "yes"
        },
        {
            "trade_id": "54e350a8-e166-4148-a43b-b67829cb96db",
            "ticker": "HIGHCHI-24APR13-B71.5",
            "count": 150,
            "created_time": "2024-04-12T17:12:49.790175Z",
            "yes_price": 39,
            "no_price": 61,
            "taker_side": "yes"
        }
    ],
    "HIGHCHI-24APR13-T72": [
        {
            "trade_id": "f6c50e02-72eb-4a33-8791-34e22d490539",
            "ticker": "HIGHCHI-24APR13-T72",
            "count": 139,
            "created_time": "2024-04-14T01:18:52.635662Z",
            "yes_price": 1,
            "no_price": 99,
            "taker_side": "yes"
        },
        {
            "trade_id": "b34a4f45-47f7-4a30-9ba6-6a01b116c13a",
            "ticker": "HIGHCHI-24APR13-T72",
            "count": 6,
            "created_time": "2024-04-13T22:05:25.279618Z",
            "yes_price": 1,
            "no_price": 99,
            "taker_side": "no"
        },
        {
            "trade_id": "828afabe-a28e-4015-a4ea-cc2360eec5e0",
            "ticker": "HIGHCHI-24APR13-T72",
            "count": 430,
            "created_time": "2024-04-13T21:55:29.425291Z",
            "yes_price": 1,
            "no_price": 99,
            "taker_side": "no"
        },
        {
            "trade_id": "37f4db6e-150b-428b-91a4-efb13faebf6e",
            "ticker": "HIGHCHI-24APR13-T72",
            "count": 300,
            "created_time": "2024-04-13T21:47:22.59111Z",
            "yes_price": 1,
            "no_price": 99,
            "taker_side": "no"
        },
        {
            "trade_id": "ddb92093-85d6-4095-be14-d674a53cd17f",
            "ticker": "HIGHCHI-24APR13-T72",
            "count": 500,
            "created_time": "2024-04-13T21:46:40.612152Z",
            "yes_price": 1,
            "no_price": 99,
            "taker_side": "no"
        },
        {
            "trade_id": "6f139f44-6f7e-4b2a-a753-f042d0466522",
            "ticker": "HIGHCHI-24APR13-T72",
            "count": 290,
            "created_time": "2024-04-13T21:45:27.492752Z",
            "yes_price": 3,
            "no_price": 97,
            "taker_side": "no"
        },
        {
            "trade_id": "4a79a2ed-3b19-424b-be9a-87201114cd0e",
            "ticker": "HIGHCHI-24APR13-T72",
            "count": 3,
            "created_time": "2024-04-13T21:41:48.159457Z",
            "yes_price": 10,
            "no_price": 90,
            "taker_side": "yes"
        },
        {
            "trade_id": "64f8aa30-6583-4020-857d-fee91d802010",
            "ticker": "HIGHCHI-24APR13-T72",
            "count": 3,
            "created_time": "2024-04-13T21:41:03.040574Z",
            "yes_price": 3,
            "no_price": 97,
            "taker_side": "no"
        },
        {
            "trade_id": "479ed8b3-241b-4489-8ed6-c21a2ccfb2a3",
            "ticker": "HIGHCHI-24APR13-T72",
            "count": 3,
            "created_time": "2024-04-13T21:38:35.672404Z",
            "yes_price": 10,
            "no_price": 90,
            "taker_side": "yes"
        },
        {
            "trade_id": "49a20a15-d3bf-4466-8be9-1a9e2f9302ed",
            "ticker": "HIGHCHI-24APR13-T72",
            "count": 3,
            "created_time": "2024-04-13T21:37:51.389916Z",
            "yes_price": 3,
            "no_price": 97,
            "taker_side": "no"
        },
        {
            "trade_id": "45e9638c-93d0-47c9-a7c3-6b8b7237af8c",
            "ticker": "HIGHCHI-24APR13-T72",
            "count": 3,
            "created_time": "2024-04-13T21:33:54.126428Z",
            "yes_price": 10,
            "no_price": 90,
            "taker_side": "yes"
        },
        {
            "trade_id": "668207da-f175-47d2-b26e-8ed9235cf89d",
            "ticker": "HIGHCHI-24APR13-T72",
            "count": 3,
            "created_time": "2024-04-13T21:33:08.236427Z",
            "yes_price": 3,
            "no_price": 97,
            "taker_side": "no"
        },
        {
            "trade_id": "bf835745-965f-4b47-87be-c8808da9530b",
            "ticker": "HIGHCHI-24APR13-T72",
            "count": 100,
            "created_time": "2024-04-13T21:30:24.128315Z",
            "yes_price": 5,
            "no_price": 95,
            "taker_side": "yes"
        },
        {
            "trade_id": "d01a5428-f30d-4268-96db-a1a099aaf393",
            "ticker": "HIGHCHI-24APR13-T72",
            "count": 400,
            "created_time": "2024-04-13T21:30:15.27412Z",
            "yes_price": 4,
            "no_price": 96,
            "taker_side": "yes"
        },
        {
            "trade_id": "3241415a-aa9d-4d1b-ad1d-f12c6bdd9c70",
            "ticker": "HIGHCHI-24APR13-T72",
            "count": 100,
            "created_time": "2024-04-13T21:29:36.067768Z",
            "yes_price": 4,
            "no_price": 96,
            "taker_side": "yes"
        },
        {
            "trade_id": "14e07b21-5d8a-4694-82bc-dd4f40363090",
            "ticker": "HIGHCHI-24APR13-T72",
            "count": 3,
            "created_time": "2024-04-13T21:25:20.927649Z",
            "yes_price": 2,
            "no_price": 98,
            "taker_side": "no"
        },
        {
            "trade_id": "5acda0cc-c2a0-481c-8cec-233a8cef8a48",
            "ticker": "HIGHCHI-24APR13-T72",
            "count": 5,
            "created_time": "2024-04-13T21:05:30.289561Z",
            "yes_price": 3,
            "no_price": 97,
            "taker_side": "no"
        },
        {
            "trade_id": "aa51ab1e-ca6c-4867-b6b7-4d7c6cfff486",
            "ticker": "HIGHCHI-24APR13-T72",
            "count": 1,
            "created_time": "2024-04-13T20:25:02.352319Z",
            "yes_price": 3,
            "no_price": 97,
            "taker_side": "no"
        },
        {
            "trade_id": "af449cce-c760-4833-93a0-fcd671c81fd4",
            "ticker": "HIGHCHI-24APR13-T72",
            "count": 3,
            "created_time": "2024-04-13T19:45:40.997011Z",
            "yes_price": 3,
            "no_price": 97,
            "taker_side": "no"
        },
        {
            "trade_id": "ab6e20c7-5565-43a1-a7cb-45b556bf5101",
            "ticker": "HIGHCHI-24APR13-T72",
            "count": 196,
            "created_time": "2024-04-13T19:43:20.251208Z",
            "yes_price": 3,
            "no_price": 97,
            "taker_side": "no"
        },
        {
            "trade_id": "084bf2d3-a1fa-4dcc-b8cc-1e452aadab7a",
            "ticker": "HIGHCHI-24APR13-T72",
            "count": 4,
            "created_time": "2024-04-13T19:43:20.251208Z",
            "yes_price": 4,
            "no_price": 96,
            "taker_side": "no"
        },
        {
            "trade_id": "d3135a78-c04c-4fce-9582-fd931866a04e",
            "ticker": "HIGHCHI-24APR13-T72",
            "count": 11,
            "created_time": "2024-04-13T19:29:50.271409Z",
            "yes_price": 25,
            "no_price": 75,
            "taker_side": "no"
        },
        {
            "trade_id": "cfc6918f-4fc1-42d5-917a-7d993aea5494",
            "ticker": "HIGHCHI-24APR13-T72",
            "count": 100,
            "created_time": "2024-04-13T19:29:05.859737Z",
            "yes_price": 25,
            "no_price": 75,
            "taker_side": "no"
        },
        {
            "trade_id": "510b9e68-276e-49b4-80ad-83f478392344",
            "ticker": "HIGHCHI-24APR13-T72",
            "count": 17,
            "created_time": "2024-04-13T16:57:36.196701Z",
            "yes_price": 37,
            "no_price": 63,
            "taker_side": "no"
        },
        {
            "trade_id": "d8a8c034-7c10-4284-9bc5-71d9d43bc326",
            "ticker": "HIGHCHI-24APR13-T72",
            "count": 12,
            "created_time": "2024-04-13T16:57:22.319461Z",
            "yes_price": 39,
            "no_price": 61,
            "taker_side": "no"
        },
        {
            "trade_id": "41bb3af8-e7ff-4e13-a903-68530a551459",
            "ticker": "HIGHCHI-24APR13-T72",
            "count": 18,
            "created_time": "2024-04-13T15:35:53.450918Z",
            "yes_price": 44,
            "no_price": 56,
            "taker_side": "no"
        },
        {
            "trade_id": "206e073e-91b0-46f8-aadb-08bdcc4d08c2",
            "ticker": "HIGHCHI-24APR13-T72",
            "count": 3,
            "created_time": "2024-04-13T15:35:53.425014Z",
            "yes_price": 44,
            "no_price": 56,
            "taker_side": "no"
        },
        {
            "trade_id": "a91406a4-30e2-48eb-b632-3f5d98a01a1c",
            "ticker": "HIGHCHI-24APR13-T72",
            "count": 13,
            "created_time": "2024-04-13T15:28:27.376112Z",
            "yes_price": 44,
            "no_price": 56,
            "taker_side": "yes"
        },
        {
            "trade_id": "2cdd88db-942f-4d2b-b956-fbd7bb4a87e9",
            "ticker": "HIGHCHI-24APR13-T72",
            "count": 4,
            "created_time": "2024-04-13T15:26:14.685674Z",
            "yes_price": 39,
            "no_price": 61,
            "taker_side": "no"
        },
        {
            "trade_id": "8f0f64e4-3653-4da0-a133-772a1998faa9",
            "ticker": "HIGHCHI-24APR13-T72",
            "count": 6,
            "created_time": "2024-04-13T14:56:48.112688Z",
            "yes_price": 26,
            "no_price": 74,
            "taker_side": "no"
        },
        {
            "trade_id": "77171e65-264c-40ba-92b8-3a33013625b2",
            "ticker": "HIGHCHI-24APR13-T72",
            "count": 94,
            "created_time": "2024-04-13T14:56:48.112688Z",
            "yes_price": 28,
            "no_price": 72,
            "taker_side": "no"
        },
        {
            "trade_id": "561358c3-23fa-456a-a5e1-09f75817e0bc",
            "ticker": "HIGHCHI-24APR13-T72",
            "count": 6,
            "created_time": "2024-04-13T14:52:35.139789Z",
            "yes_price": 28,
            "no_price": 72,
            "taker_side": "no"
        },
        {
            "trade_id": "ef8fac3d-5a7f-4a8a-ab67-27a5dff8502a",
            "ticker": "HIGHCHI-24APR13-T72",
            "count": 8,
            "created_time": "2024-04-13T14:50:46.847338Z",
            "yes_price": 36,
            "no_price": 64,
            "taker_side": "yes"
        },
        {
            "trade_id": "19d59e9f-83a9-4652-a04b-d6021e894956",
            "ticker": "HIGHCHI-24APR13-T72",
            "count": 50,
            "created_time": "2024-04-13T14:21:41.20421Z",
            "yes_price": 37,
            "no_price": 63,
            "taker_side": "yes"
        },
        {
            "trade_id": "0b85d5cf-61e3-48d6-84aa-f3110ed4af73",
            "ticker": "HIGHCHI-24APR13-T72",
            "count": 12,
            "created_time": "2024-04-13T14:21:41.20421Z",
            "yes_price": 35,
            "no_price": 65,
            "taker_side": "yes"
        },
        {
            "trade_id": "e6011301-5189-4db0-b478-9cbfcefabe0b",
            "ticker": "HIGHCHI-24APR13-T72",
            "count": 25,
            "created_time": "2024-04-13T13:55:43.816051Z",
            "yes_price": 27,
            "no_price": 73,
            "taker_side": "no"
        },
        {
            "trade_id": "9a0ea0a1-f635-43e7-9bf9-acd288ed9dd8",
            "ticker": "HIGHCHI-24APR13-T72",
            "count": 75,
            "created_time": "2024-04-13T13:55:43.816051Z",
            "yes_price": 28,
            "no_price": 72,
            "taker_side": "no"
        },
        {
            "trade_id": "cfe33fcc-2777-4da7-8f7f-795fb2a8dffd",
            "ticker": "HIGHCHI-24APR13-T72",
            "count": 2,
            "created_time": "2024-04-13T13:55:31.428524Z",
            "yes_price": 36,
            "no_price": 64,
            "taker_side": "no"
        },
        {
            "trade_id": "73a5e63e-6c66-44b2-aa20-12dda6473497",
            "ticker": "HIGHCHI-24APR13-T72",
            "count": 103,
            "created_time": "2024-04-13T13:55:31.428524Z",
            "yes_price": 31,
            "no_price": 69,
            "taker_side": "no"
        },
        {
            "trade_id": "625e006b-2969-44a2-9bf8-fc94173f2611",
            "ticker": "HIGHCHI-24APR13-T72",
            "count": 100,
            "created_time": "2024-04-13T13:55:31.428524Z",
            "yes_price": 35,
            "no_price": 65,
            "taker_side": "no"
        },
        {
            "trade_id": "5bcae273-7c2c-4d8e-8d9d-c3a5e02ed02e",
            "ticker": "HIGHCHI-24APR13-T72",
            "count": 37,
            "created_time": "2024-04-13T13:55:31.428524Z",
            "yes_price": 30,
            "no_price": 70,
            "taker_side": "no"
        },
        {
            "trade_id": "457d297c-f7c7-4f0f-852b-13e4d76b5fe8",
            "ticker": "HIGHCHI-24APR13-T72",
            "count": 3,
            "created_time": "2024-04-13T13:52:34.222871Z",
            "yes_price": 36,
            "no_price": 64,
            "taker_side": "no"
        },
        {
            "trade_id": "da6afda1-f221-4972-8f1f-3341e2ae5940",
            "ticker": "HIGHCHI-24APR13-T72",
            "count": 12,
            "created_time": "2024-04-13T12:00:37.524916Z",
            "yes_price": 42,
            "no_price": 58,
            "taker_side": "yes"
        },
        {
            "trade_id": "d79acb0f-3814-43ff-9733-1fb972ce5ae8",
            "ticker": "HIGHCHI-24APR13-T72",
            "count": 13,
            "created_time": "2024-04-13T12:00:37.524916Z",
            "yes_price": 38,
            "no_price": 62,
            "taker_side": "yes"
        },
        {
            "trade_id": "d0c834e8-6fd6-40e9-b5c0-6012a1fb06c2",
            "ticker": "HIGHCHI-24APR13-T72",
            "count": 136,
            "created_time": "2024-04-13T12:00:37.524916Z",
            "yes_price": 43,
            "no_price": 57,
            "taker_side": "yes"
        },
        {
            "trade_id": "0152b224-7105-4618-8f2a-192119581b32",
            "ticker": "HIGHCHI-24APR13-T72",
            "count": 136,
            "created_time": "2024-04-13T12:00:37.524916Z",
            "yes_price": 40,
            "no_price": 60,
            "taker_side": "yes"
        },
        {
            "trade_id": "ac556e1b-9700-4530-be12-feb1a7dbd966",
            "ticker": "HIGHCHI-24APR13-T72",
            "count": 15,
            "created_time": "2024-04-13T12:00:08.989412Z",
            "yes_price": 40,
            "no_price": 60,
            "taker_side": "no"
        },
        {
            "trade_id": "7633ba3b-3b77-4c56-96c9-60c7c196999d",
            "ticker": "HIGHCHI-24APR13-T72",
            "count": 12,
            "created_time": "2024-04-13T12:00:08.989412Z",
            "yes_price": 41,
            "no_price": 59,
            "taker_side": "no"
        },
        {
            "trade_id": "edc5ebb2-5580-410a-85cf-e4148c169448",
            "ticker": "HIGHCHI-24APR13-T72",
            "count": 1,
            "created_time": "2024-04-13T02:17:37.287627Z",
            "yes_price": 55,
            "no_price": 45,
            "taker_side": "yes"
        },
        {
            "trade_id": "0206bc6c-9de1-479b-be12-544e4b75e2e7",
            "ticker": "HIGHCHI-24APR13-T72",
            "count": 6,
            "created_time": "2024-04-13T01:40:51.550772Z",
            "yes_price": 45,
            "no_price": 55,
            "taker_side": "no"
        },
        {
            "trade_id": "d7d5b20c-3800-45ac-8601-e50f1d5bee61",
            "ticker": "HIGHCHI-24APR13-T72",
            "count": 1,
            "created_time": "2024-04-12T23:48:48.954511Z",
            "yes_price": 41,
            "no_price": 59,
            "taker_side": "no"
        },
        {
            "trade_id": "f8867218-74af-4d4c-88b8-1707d6de2e34",
            "ticker": "HIGHCHI-24APR13-T72",
            "count": 60,
            "created_time": "2024-04-12T19:17:22.423839Z",
            "yes_price": 46,
            "no_price": 54,
            "taker_side": "yes"
        },
        {
            "trade_id": "b31c07c7-ce75-496b-a129-ab12cb54beeb",
            "ticker": "HIGHCHI-24APR13-T72",
            "count": 75,
            "created_time": "2024-04-12T19:17:06.789706Z",
            "yes_price": 44,
            "no_price": 56,
            "taker_side": "yes"
        },
        {
            "trade_id": "8d024168-be3a-4638-a8ab-4fb1f6e8f62b",
            "ticker": "HIGHCHI-24APR13-T72",
            "count": 138,
            "created_time": "2024-04-12T19:17:06.789706Z",
            "yes_price": 46,
            "no_price": 54,
            "taker_side": "yes"
        },
        {
            "trade_id": "40851366-0575-4578-b565-cfd6999febee",
            "ticker": "HIGHCHI-24APR13-T72",
            "count": 12,
            "created_time": "2024-04-12T19:17:06.789706Z",
            "yes_price": 45,
            "no_price": 55,
            "taker_side": "yes"
        },
        {
            "trade_id": "0b807e86-e20a-4d6a-a8db-89d0a5952cec",
            "ticker": "HIGHCHI-24APR13-T72",
            "count": 75,
            "created_time": "2024-04-12T19:04:07.118563Z",
            "yes_price": 44,
            "no_price": 56,
            "taker_side": "yes"
        },
        {
            "trade_id": "590a92e5-1a58-4a10-8702-cda8c6a7922d",
            "ticker": "HIGHCHI-24APR13-T72",
            "count": 60,
            "created_time": "2024-04-12T19:03:35.112293Z",
            "yes_price": 43,
            "no_price": 57,
            "taker_side": "yes"
        },
        {
            "trade_id": "bb7eaf6f-47b5-4c27-8c1d-69eed066c7cb",
            "ticker": "HIGHCHI-24APR13-T72",
            "count": 75,
            "created_time": "2024-04-12T19:03:19.21886Z",
            "yes_price": 41,
            "no_price": 59,
            "taker_side": "yes"
        },
        {
            "trade_id": "eeb66e4d-44af-4d48-bba6-a81d3111dc25",
            "ticker": "HIGHCHI-24APR13-T72",
            "count": 60,
            "created_time": "2024-04-12T19:02:38.579657Z",
            "yes_price": 40,
            "no_price": 60,
            "taker_side": "no"
        },
        {
            "trade_id": "b1b793d9-6156-411e-928e-005bfd140bf6",
            "ticker": "HIGHCHI-24APR13-T72",
            "count": 75,
            "created_time": "2024-04-12T19:02:34.15918Z",
            "yes_price": 39,
            "no_price": 61,
            "taker_side": "yes"
        },
        {
            "trade_id": "f5a78423-5a40-44ba-8fb2-ddef13008ff1",
            "ticker": "HIGHCHI-24APR13-T72",
            "count": 60,
            "created_time": "2024-04-12T19:02:27.53153Z",
            "yes_price": 38,
            "no_price": 62,
            "taker_side": "yes"
        },
        {
            "trade_id": "a3101de3-8c0b-45ad-aa9e-04cf3fe9ee4b",
            "ticker": "HIGHCHI-24APR13-T72",
            "count": 75,
            "created_time": "2024-04-12T18:40:33.513962Z",
            "yes_price": 34,
            "no_price": 66,
            "taker_side": "yes"
        },
        {
            "trade_id": "45f0a4d7-8499-423c-820a-cae3c244afea",
            "ticker": "HIGHCHI-24APR13-T72",
            "count": 150,
            "created_time": "2024-04-12T18:40:33.513962Z",
            "yes_price": 36,
            "no_price": 64,
            "taker_side": "yes"
        },
        {
            "trade_id": "32d58b2b-ed74-4042-9c2a-890c592ce2f3",
            "ticker": "HIGHCHI-24APR13-T72",
            "count": 150,
            "created_time": "2024-04-12T18:40:33.513962Z",
            "yes_price": 39,
            "no_price": 61,
            "taker_side": "yes"
        },
        {
            "trade_id": "3ed0171f-786c-4176-8c0f-de09ba69ad37",
            "ticker": "HIGHCHI-24APR13-T72",
            "count": 150,
            "created_time": "2024-04-12T18:40:21.334201Z",
            "yes_price": 37,
            "no_price": 63,
            "taker_side": "yes"
        },
        {
            "trade_id": "366f5c7a-5ac2-4301-99e0-c27c38af1af4",
            "ticker": "HIGHCHI-24APR13-T72",
            "count": 150,
            "created_time": "2024-04-12T18:40:21.334201Z",
            "yes_price": 35,
            "no_price": 65,
            "taker_side": "yes"
        },
        {
            "trade_id": "0afcb8e7-ad36-4177-8b06-90f3bb60a13b",
            "ticker": "HIGHCHI-24APR13-T72",
            "count": 15,
            "created_time": "2024-04-12T18:40:21.334201Z",
            "yes_price": 33,
            "no_price": 67,
            "taker_side": "yes"
        },
        {
            "trade_id": "08b1090b-bcd9-457c-92c8-6d2bae974d92",
            "ticker": "HIGHCHI-24APR13-T72",
            "count": 10,
            "created_time": "2024-04-12T18:35:18.462135Z",
            "yes_price": 25,
            "no_price": 75,
            "taker_side": "no"
        },
        {
            "trade_id": "86a14869-a14d-42df-9c43-64a4f07a255d",
            "ticker": "HIGHCHI-24APR13-T72",
            "count": 115,
            "created_time": "2024-04-12T17:48:03.694633Z",
            "yes_price": 26,
            "no_price": 74,
            "taker_side": "yes"
        },
        {
            "trade_id": "1cafea53-9c18-48e1-abe0-aa27ab80a8f8",
            "ticker": "HIGHCHI-24APR13-T72",
            "count": 60,
            "created_time": "2024-04-12T17:36:40.887905Z",
            "yes_price": 26,
            "no_price": 74,
            "taker_side": "yes"
        },
        {
            "trade_id": "449d31d0-85f2-46b2-bf7d-b21e310646a2",
            "ticker": "HIGHCHI-24APR13-T72",
            "count": 75,
            "created_time": "2024-04-12T17:36:23.287184Z",
            "yes_price": 26,
            "no_price": 74,
            "taker_side": "no"
        },
        {
            "trade_id": "cc6727eb-199b-4b63-9e31-92420d3b828d",
            "ticker": "HIGHCHI-24APR13-T72",
            "count": 15,
            "created_time": "2024-04-12T17:24:48.010259Z",
            "yes_price": 30,
            "no_price": 70,
            "taker_side": "yes"
        },
        {
            "trade_id": "1557bd6f-c36a-4140-ba5a-96b7f3496329",
            "ticker": "HIGHCHI-24APR13-T72",
            "count": 150,
            "created_time": "2024-04-12T17:24:48.010259Z",
            "yes_price": 32,
            "no_price": 68,
            "taker_side": "yes"
        },
        {
            "trade_id": "0d7045f1-d716-43e1-8d9e-5400095035f3",
            "ticker": "HIGHCHI-24APR13-T72",
            "count": 150,
            "created_time": "2024-04-12T17:24:48.010259Z",
            "yes_price": 34,
            "no_price": 66,
            "taker_side": "yes"
        },
        {
            "trade_id": "8f519399-abdc-4124-8916-fffd8b9a1486",
            "ticker": "HIGHCHI-24APR13-T72",
            "count": 125,
            "created_time": "2024-04-12T17:24:04.331153Z",
            "yes_price": 34,
            "no_price": 66,
            "taker_side": "yes"
        },
        {
            "trade_id": "814f594f-b4c4-4891-8898-068331b4f72e",
            "ticker": "HIGHCHI-24APR13-T72",
            "count": 150,
            "created_time": "2024-04-12T17:24:04.331153Z",
            "yes_price": 32,
            "no_price": 68,
            "taker_side": "yes"
        },
        {
            "trade_id": "1148fd21-f03b-4e23-84be-79b1acf441a3",
            "ticker": "HIGHCHI-24APR13-T72",
            "count": 30,
            "created_time": "2024-04-12T17:24:04.331153Z",
            "yes_price": 30,
            "no_price": 70,
            "taker_side": "yes"
        },
        {
            "trade_id": "a0f8e2c9-04ac-4799-9721-d967a19239ae",
            "ticker": "HIGHCHI-24APR13-T72",
            "count": 150,
            "created_time": "2024-04-12T17:23:10.346911Z",
            "yes_price": 28,
            "no_price": 72,
            "taker_side": "yes"
        },
        {
            "trade_id": "93b25f83-7f62-49b0-8a8f-d9176950e1ff",
            "ticker": "HIGHCHI-24APR13-T72",
            "count": 150,
            "created_time": "2024-04-12T17:23:10.346911Z",
            "yes_price": 30,
            "no_price": 70,
            "taker_side": "yes"
        },
        {
            "trade_id": "47e0fa47-5d1c-49de-9fbd-9bafb4d5626d",
            "ticker": "HIGHCHI-24APR13-T72",
            "count": 90,
            "created_time": "2024-04-12T17:23:10.346911Z",
            "yes_price": 26,
            "no_price": 74,
            "taker_side": "yes"
        },
        {
            "trade_id": "90586398-67c7-4a16-8ae6-1ce4582b4262",
            "ticker": "HIGHCHI-24APR13-T72",
            "count": 2,
            "created_time": "2024-04-12T17:14:05.884495Z",
            "yes_price": 20,
            "no_price": 80,
            "taker_side": "no"
        },
        {
            "trade_id": "824421d2-ecf6-4636-91af-28a23acc23e6",
            "ticker": "HIGHCHI-24APR13-T72",
            "count": 105,
            "created_time": "2024-04-12T17:14:05.884495Z",
            "yes_price": 20,
            "no_price": 80,
            "taker_side": "no"
        },
        {
            "trade_id": "a47991ac-12b8-4253-a5ed-4a322c70cc14",
            "ticker": "HIGHCHI-24APR13-T72",
            "count": 3,
            "created_time": "2024-04-12T17:12:36.968114Z",
            "yes_price": 25,
            "no_price": 75,
            "taker_side": "no"
        },
        {
            "trade_id": "90f64ac9-cdab-4658-8279-31fc2fa965bf",
            "ticker": "HIGHCHI-24APR13-T72",
            "count": 45,
            "created_time": "2024-04-12T17:12:11.0915Z",
            "yes_price": 24,
            "no_price": 76,
            "taker_side": "no"
        },
        {
            "trade_id": "5a254d39-b445-4ead-97e4-6c555c19aec5",
            "ticker": "HIGHCHI-24APR13-T72",
            "count": 150,
            "created_time": "2024-04-12T17:12:11.0915Z",
            "yes_price": 22,
            "no_price": 78,
            "taker_side": "no"
        },
        {
            "trade_id": "b6953239-111e-4d42-a48a-e180d0f97570",
            "ticker": "HIGHCHI-24APR13-T72",
            "count": 2,
            "created_time": "2024-04-12T17:11:59.562962Z",
            "yes_price": 30,
            "no_price": 70,
            "taker_side": "yes"
        },
        {
            "trade_id": "b2033307-71d1-4443-a0ec-a7bb85c660d7",
            "ticker": "HIGHCHI-24APR13-T72",
            "count": 90,
            "created_time": "2024-04-12T17:10:42.156839Z",
            "yes_price": 28,
            "no_price": 72,
            "taker_side": "no"
        },
        {
            "trade_id": "6fa9a91d-5e7d-4bc2-826e-91af10ab0424",
            "ticker": "HIGHCHI-24APR13-T72",
            "count": 150,
            "created_time": "2024-04-12T17:10:42.156839Z",
            "yes_price": 26,
            "no_price": 74,
            "taker_side": "no"
        },
        {
            "trade_id": "114295db-da7e-49bd-bc95-496fe7da8f00",
            "ticker": "HIGHCHI-24APR13-T72",
            "count": 150,
            "created_time": "2024-04-12T17:10:42.156839Z",
            "yes_price": 24,
            "no_price": 76,
            "taker_side": "no"
        },
        {
            "trade_id": "65338d4f-8fd5-461d-92ce-9991ab9cc98d",
            "ticker": "HIGHCHI-24APR13-T72",
            "count": 2,
            "created_time": "2024-04-12T16:25:10.920161Z",
            "yes_price": 34,
            "no_price": 66,
            "taker_side": "yes"
        },
        {
            "trade_id": "7edd5e70-7a93-40ba-813a-ebb3e1eafef0",
            "ticker": "HIGHCHI-24APR13-T72",
            "count": 50,
            "created_time": "2024-04-12T15:59:15.270785Z",
            "yes_price": 28,
            "no_price": 72,
            "taker_side": "yes"
        }
    ]
}