{
    "HIGHCHI-24APR20-T48": [
        {
            "trade_id": "056a08e6-631e-4975-88db-d1d015a7aa0d",
            "ticker": "HIGHCHI-24APR20-T48",
            "count": 93,
            "created_time": "2024-04-20T21:55:23.589739Z",
            "yes_price": 1,
            "no_price": 99,
            "taker_side": "yes"
        },
        {
            "trade_id": "4d2212c6-ebe0-45da-aee2-eb2b7588be01",
            "ticker": "HIGHCHI-24APR20-T48",
            "count": 93,
            "created_time": "2024-04-20T19:02:17.387349Z",
            "yes_price": 1,
            "no_price": 99,
            "taker_side": "yes"
        },
        {
            "trade_id": "ffd3131f-6e0a-4d71-9c3a-3924d02c529f",
            "ticker": "HIGHCHI-24APR20-T48",
            "count": 1,
            "created_time": "2024-04-20T17:56:14.586929Z",
            "yes_price": 1,
            "no_price": 99,
            "taker_side": "no"
        },
        {
            "trade_id": "5f4dcd9c-e915-4521-9ea7-32eb67b1f334",
            "ticker": "HIGHCHI-24APR20-T48",
            "count": 12,
            "created_time": "2024-04-20T17:01:27.646426Z",
            "yes_price": 10,
            "no_price": 90,
            "taker_side": "yes"
        },
        {
            "trade_id": "83fddc48-4d87-4473-b6b5-8f5e349f653c",
            "ticker": "HIGHCHI-24APR20-T48",
            "count": 1,
            "created_time": "2024-04-20T15:05:53.953708Z",
            "yes_price": 9,
            "no_price": 91,
            "taker_side": "yes"
        },
        {
            "trade_id": "90ec78a5-9406-4805-8453-087cc1d7bb85",
            "ticker": "HIGHCHI-24APR20-T48",
            "count": 4,
            "created_time": "2024-04-20T14:39:20.937396Z",
            "yes_price": 1,
            "no_price": 99,
            "taker_side": "no"
        }
    ],
    "HIGHCHI-24APR20-B48.5": [
        {
            "trade_id": "99636869-7194-4a46-bc60-c004aa9b04b8",
            "ticker": "HIGHCHI-24APR20-B48.5",
            "count": 1,
            "created_time": "2024-04-21T01:06:51.22595Z",
            "yes_price": 97,
            "no_price": 3,
            "taker_side": "no"
        },
        {
            "trade_id": "373bb540-c57c-43cd-8d03-916230045608",
            "ticker": "HIGHCHI-24APR20-B48.5",
            "count": 30,
            "created_time": "2024-04-20T23:52:09.208059Z",
            "yes_price": 97,
            "no_price": 3,
            "taker_side": "no"
        },
        {
            "trade_id": "7d6860e2-3c01-4468-82da-fa055246f457",
            "ticker": "HIGHCHI-24APR20-B48.5",
            "count": 2,
            "created_time": "2024-04-20T15:16:41.413706Z",
            "yes_price": 34,
            "no_price": 66,
            "taker_side": "yes"
        },
        {
            "trade_id": "cfc10408-4ad4-48f9-90e5-415c2f861295",
            "ticker": "HIGHCHI-24APR20-B48.5",
            "count": 4,
            "created_time": "2024-04-20T14:39:20.889918Z",
            "yes_price": 27,
            "no_price": 73,
            "taker_side": "no"
        },
        {
            "trade_id": "76b9a028-2d64-4f6a-bd52-676b9df2691b",
            "ticker": "HIGHCHI-24APR20-B48.5",
            "count": 8,
            "created_time": "2024-04-20T14:35:26.760181Z",
            "yes_price": 32,
            "no_price": 68,
            "taker_side": "yes"
        },
        {
            "trade_id": "8865f2ee-6ec0-4c84-a4cf-3c3d9cb390e9",
            "ticker": "HIGHCHI-24APR20-B48.5",
            "count": 1,
            "created_time": "2024-04-20T14:18:24.919064Z",
            "yes_price": 32,
            "no_price": 68,
            "taker_side": "yes"
        },
        {
            "trade_id": "5e601aa9-ecc7-4cee-8fd9-4f1e80ff3d0c",
            "ticker": "HIGHCHI-24APR20-B48.5",
            "count": 6,
            "created_time": "2024-04-20T13:14:40.843474Z",
            "yes_price": 32,
            "no_price": 68,
            "taker_side": "yes"
        },
        {
            "trade_id": "b6557c00-9102-400f-9f4c-d3aa436e656a",
            "ticker": "HIGHCHI-24APR20-B48.5",
            "count": 9,
            "created_time": "2024-04-20T13:11:39.050565Z",
            "yes_price": 33,
            "no_price": 67,
            "taker_side": "yes"
        },
        {
            "trade_id": "0f5c8cd8-f7a4-4213-aadc-507873c7a2de",
            "ticker": "HIGHCHI-24APR20-B48.5",
            "count": 21,
            "created_time": "2024-04-20T13:11:39.050565Z",
            "yes_price": 31,
            "no_price": 69,
            "taker_side": "yes"
        },
        {
            "trade_id": "220e27f2-cfa2-429b-832c-6ad29d4c3e57",
            "ticker": "HIGHCHI-24APR20-B48.5",
            "count": 1,
            "created_time": "2024-04-20T12:00:35.521563Z",
            "yes_price": 26,
            "no_price": 74,
            "taker_side": "no"
        },
        {
            "trade_id": "5ddc16db-a247-4051-9a26-13e061b7712a",
            "ticker": "HIGHCHI-24APR20-B48.5",
            "count": 12,
            "created_time": "2024-04-20T12:00:12.068991Z",
            "yes_price": 20,
            "no_price": 80,
            "taker_side": "yes"
        },
        {
            "trade_id": "8396f93a-c661-47ca-ae7f-b414c8f4729d",
            "ticker": "HIGHCHI-24APR20-B48.5",
            "count": 1,
            "created_time": "2024-04-20T02:48:21.869729Z",
            "yes_price": 16,
            "no_price": 84,
            "taker_side": "yes"
        },
        {
            "trade_id": "22637d7b-ba20-41f9-86f5-135ee27b01b4",
            "ticker": "HIGHCHI-24APR20-B48.5",
            "count": 1,
            "created_time": "2024-04-20T02:44:34.136157Z",
            "yes_price": 15,
            "no_price": 85,
            "taker_side": "yes"
        },
        {
            "trade_id": "5a569f5a-92d3-4f36-b752-8adb2399845a",
            "ticker": "HIGHCHI-24APR20-B48.5",
            "count": 3,
            "created_time": "2024-04-19T23:30:38.926121Z",
            "yes_price": 10,
            "no_price": 90,
            "taker_side": "no"
        },
        {
            "trade_id": "f67f5158-a2ba-4d77-bcd4-02c1d8fdceb5",
            "ticker": "HIGHCHI-24APR20-B48.5",
            "count": 75,
            "created_time": "2024-04-19T20:33:40.849023Z",
            "yes_price": 13,
            "no_price": 87,
            "taker_side": "yes"
        },
        {
            "trade_id": "d621898f-06ce-4f78-8c9a-1332ccdd6170",
            "ticker": "HIGHCHI-24APR20-B48.5",
            "count": 1,
            "created_time": "2024-04-19T20:33:40.849023Z",
            "yes_price": 13,
            "no_price": 87,
            "taker_side": "yes"
        },
        {
            "trade_id": "78ff4453-21c0-4a37-9c42-047206cc3de6",
            "ticker": "HIGHCHI-24APR20-B48.5",
            "count": 1,
            "created_time": "2024-04-19T20:33:40.849023Z",
            "yes_price": 14,
            "no_price": 86,
            "taker_side": "yes"
        },
        {
            "trade_id": "1a17ea4b-7a52-4de9-a689-5ebb7057e6ef",
            "ticker": "HIGHCHI-24APR20-B48.5",
            "count": 150,
            "created_time": "2024-04-19T20:33:40.849023Z",
            "yes_price": 14,
            "no_price": 86,
            "taker_side": "yes"
        },
        {
            "trade_id": "6836b421-69d3-4951-9793-737bd664892c",
            "ticker": "HIGHCHI-24APR20-B48.5",
            "count": 12,
            "created_time": "2024-04-19T15:06:01.417486Z",
            "yes_price": 10,
            "no_price": 90,
            "taker_side": "yes"
        }
    ],
    "HIGHCHI-24APR20-B50.5": [
        {
            "trade_id": "682e9e30-34fb-4153-8ecc-ed0b16ec67a0",
            "ticker": "HIGHCHI-24APR20-B50.5",
            "count": 30,
            "created_time": "2024-04-20T21:02:26.808046Z",
            "yes_price": 1,
            "no_price": 99,
            "taker_side": "no"
        },
        {
            "trade_id": "0ef3243b-013c-4037-8cda-832fbbb3cf9c",
            "ticker": "HIGHCHI-24APR20-B50.5",
            "count": 50,
            "created_time": "2024-04-20T19:14:10.247055Z",
            "yes_price": 50,
            "no_price": 50,
            "taker_side": "yes"
        },
        {
            "trade_id": "b4df8d88-3bae-47f9-b9e7-36d934027b14",
            "ticker": "HIGHCHI-24APR20-B50.5",
            "count": 4,
            "created_time": "2024-04-20T18:48:11.487297Z",
            "yes_price": 50,
            "no_price": 50,
            "taker_side": "yes"
        },
        {
            "trade_id": "249a1d1c-38a6-479c-9a3b-3fbb8285e5ef",
            "ticker": "HIGHCHI-24APR20-B50.5",
            "count": 5,
            "created_time": "2024-04-20T16:45:45.708447Z",
            "yes_price": 70,
            "no_price": 30,
            "taker_side": "no"
        },
        {
            "trade_id": "39372a1b-200f-4d47-834b-91694daf916f",
            "ticker": "HIGHCHI-24APR20-B50.5",
            "count": 4,
            "created_time": "2024-04-20T14:39:20.920567Z",
            "yes_price": 38,
            "no_price": 62,
            "taker_side": "no"
        },
        {
            "trade_id": "b6df5a54-52aa-43a9-bfff-899c35504626",
            "ticker": "HIGHCHI-24APR20-B50.5",
            "count": 75,
            "created_time": "2024-04-20T13:56:58.345851Z",
            "yes_price": 44,
            "no_price": 56,
            "taker_side": "yes"
        },
        {
            "trade_id": "7ca18e10-1953-4c46-a5a0-3bb2086cb801",
            "ticker": "HIGHCHI-24APR20-B50.5",
            "count": 75,
            "created_time": "2024-04-20T13:56:58.345851Z",
            "yes_price": 46,
            "no_price": 54,
            "taker_side": "yes"
        },
        {
            "trade_id": "1f8faf6d-9dfa-4da7-8abd-5892a72fc27b",
            "ticker": "HIGHCHI-24APR20-B50.5",
            "count": 16,
            "created_time": "2024-04-20T13:56:58.345851Z",
            "yes_price": 41,
            "no_price": 59,
            "taker_side": "yes"
        },
        {
            "trade_id": "550d79b6-5ec4-497c-8a29-6b787e99bc32",
            "ticker": "HIGHCHI-24APR20-B50.5",
            "count": 10,
            "created_time": "2024-04-20T13:45:28.99782Z",
            "yes_price": 41,
            "no_price": 59,
            "taker_side": "yes"
        },
        {
            "trade_id": "e43c19d0-06cb-4295-99fe-e8635f13ea3d",
            "ticker": "HIGHCHI-24APR20-B50.5",
            "count": 10,
            "created_time": "2024-04-20T13:14:46.035453Z",
            "yes_price": 40,
            "no_price": 60,
            "taker_side": "yes"
        },
        {
            "trade_id": "3d9a741a-b50a-4308-ad83-4cc3caccc50b",
            "ticker": "HIGHCHI-24APR20-B50.5",
            "count": 5,
            "created_time": "2024-04-20T13:13:52.624552Z",
            "yes_price": 33,
            "no_price": 67,
            "taker_side": "no"
        },
        {
            "trade_id": "bf10e30e-12d8-40f4-a22e-5f79e9011b58",
            "ticker": "HIGHCHI-24APR20-B50.5",
            "count": 10,
            "created_time": "2024-04-20T13:12:25.569603Z",
            "yes_price": 40,
            "no_price": 60,
            "taker_side": "yes"
        },
        {
            "trade_id": "d5b8cb12-f5e9-4f7c-9e80-4f1be95ccc23",
            "ticker": "HIGHCHI-24APR20-B50.5",
            "count": 42,
            "created_time": "2024-04-20T13:10:41.205719Z",
            "yes_price": 40,
            "no_price": 60,
            "taker_side": "yes"
        },
        {
            "trade_id": "5d5642bd-617f-49f7-9dfd-e0cb960ff654",
            "ticker": "HIGHCHI-24APR20-B50.5",
            "count": 33,
            "created_time": "2024-04-20T12:59:32.94686Z",
            "yes_price": 39,
            "no_price": 61,
            "taker_side": "yes"
        },
        {
            "trade_id": "6e1f0378-383f-44dc-8e97-ac8229c428bd",
            "ticker": "HIGHCHI-24APR20-B50.5",
            "count": 51,
            "created_time": "2024-04-20T12:34:17.021923Z",
            "yes_price": 38,
            "no_price": 62,
            "taker_side": "yes"
        },
        {
            "trade_id": "b33ab37b-11c2-482a-ac93-4c51705f019a",
            "ticker": "HIGHCHI-24APR20-B50.5",
            "count": 53,
            "created_time": "2024-04-20T12:29:09.981613Z",
            "yes_price": 37,
            "no_price": 63,
            "taker_side": "yes"
        },
        {
            "trade_id": "9a8eaea7-a780-4e42-91fe-6e800b69946a",
            "ticker": "HIGHCHI-24APR20-B50.5",
            "count": 57,
            "created_time": "2024-04-20T12:09:51.056924Z",
            "yes_price": 36,
            "no_price": 64,
            "taker_side": "yes"
        },
        {
            "trade_id": "18c461ad-b0c9-4b69-9a10-85b222dcb030",
            "ticker": "HIGHCHI-24APR20-B50.5",
            "count": 3,
            "created_time": "2024-04-20T03:01:49.414296Z",
            "yes_price": 31,
            "no_price": 69,
            "taker_side": "yes"
        },
        {
            "trade_id": "08fb0926-017c-41da-972f-7717dc86514a",
            "ticker": "HIGHCHI-24APR20-B50.5",
            "count": 35,
            "created_time": "2024-04-19T23:45:52.003478Z",
            "yes_price": 27,
            "no_price": 73,
            "taker_side": "yes"
        },
        {
            "trade_id": "f9d7023c-91fc-43d7-b621-649bac1a18a1",
            "ticker": "HIGHCHI-24APR20-B50.5",
            "count": 17,
            "created_time": "2024-04-19T23:01:36.103016Z",
            "yes_price": 27,
            "no_price": 73,
            "taker_side": "yes"
        },
        {
            "trade_id": "d978f8aa-598f-4220-b32e-5f781b245614",
            "ticker": "HIGHCHI-24APR20-B50.5",
            "count": 45,
            "created_time": "2024-04-19T21:37:15.532025Z",
            "yes_price": 21,
            "no_price": 79,
            "taker_side": "no"
        },
        {
            "trade_id": "c80bcdc6-96ab-4b89-b7ec-d453614e79de",
            "ticker": "HIGHCHI-24APR20-B50.5",
            "count": 150,
            "created_time": "2024-04-19T21:37:03.927309Z",
            "yes_price": 21,
            "no_price": 79,
            "taker_side": "no"
        },
        {
            "trade_id": "546520c4-6d30-467e-8ef1-a082d413e210",
            "ticker": "HIGHCHI-24APR20-B50.5",
            "count": 15,
            "created_time": "2024-04-19T21:37:03.927309Z",
            "yes_price": 23,
            "no_price": 77,
            "taker_side": "no"
        },
        {
            "trade_id": "ad964ce2-8ba9-451b-9c2f-6fd9f06a33f7",
            "ticker": "HIGHCHI-24APR20-B50.5",
            "count": 150,
            "created_time": "2024-04-19T21:36:05.635763Z",
            "yes_price": 20,
            "no_price": 80,
            "taker_side": "no"
        },
        {
            "trade_id": "81d34a15-78f3-405f-98f5-d68d4d50fc44",
            "ticker": "HIGHCHI-24APR20-B50.5",
            "count": 45,
            "created_time": "2024-04-19T21:36:05.635763Z",
            "yes_price": 23,
            "no_price": 77,
            "taker_side": "no"
        },
        {
            "trade_id": "7c7814e8-f9a3-4a99-96f9-58394879f8fb",
            "ticker": "HIGHCHI-24APR20-B50.5",
            "count": 150,
            "created_time": "2024-04-19T21:36:05.635763Z",
            "yes_price": 21,
            "no_price": 79,
            "taker_side": "no"
        },
        {
            "trade_id": "9c639e28-25b7-4692-845a-c527767fcd9b",
            "ticker": "HIGHCHI-24APR20-B50.5",
            "count": 10,
            "created_time": "2024-04-19T19:55:43.076101Z",
            "yes_price": 30,
            "no_price": 70,
            "taker_side": "yes"
        },
        {
            "trade_id": "bef644e7-3d30-4739-8499-54edc14937d2",
            "ticker": "HIGHCHI-24APR20-B50.5",
            "count": 10,
            "created_time": "2024-04-19T18:35:21.312049Z",
            "yes_price": 19,
            "no_price": 81,
            "taker_side": "no"
        },
        {
            "trade_id": "f056a032-2262-4d0a-91a2-25f3279f10c5",
            "ticker": "HIGHCHI-24APR20-B50.5",
            "count": 1,
            "created_time": "2024-04-19T18:22:46.664Z",
            "yes_price": 24,
            "no_price": 76,
            "taker_side": "yes"
        },
        {
            "trade_id": "d0e1084a-9c41-4818-a4a6-50f1ea19db7a",
            "ticker": "HIGHCHI-24APR20-B50.5",
            "count": 90,
            "created_time": "2024-04-19T18:22:46.664Z",
            "yes_price": 24,
            "no_price": 76,
            "taker_side": "yes"
        },
        {
            "trade_id": "ed3cce66-fdd7-42e0-b2ef-b27b32dbad89",
            "ticker": "HIGHCHI-24APR20-B50.5",
            "count": 90,
            "created_time": "2024-04-19T18:22:25.146407Z",
            "yes_price": 23,
            "no_price": 77,
            "taker_side": "yes"
        },
        {
            "trade_id": "9224f14b-0076-4485-9a56-b4052441c739",
            "ticker": "HIGHCHI-24APR20-B50.5",
            "count": 1,
            "created_time": "2024-04-19T18:22:25.146407Z",
            "yes_price": 21,
            "no_price": 79,
            "taker_side": "yes"
        },
        {
            "trade_id": "407532b2-db90-4cd9-87c3-4a3cc88b5b03",
            "ticker": "HIGHCHI-24APR20-B50.5",
            "count": 1,
            "created_time": "2024-04-19T18:22:25.146407Z",
            "yes_price": 23,
            "no_price": 77,
            "taker_side": "yes"
        },
        {
            "trade_id": "3db4b0f0-6960-4ed0-a6f9-b89dd34f0ff1",
            "ticker": "HIGHCHI-24APR20-B50.5",
            "count": 1,
            "created_time": "2024-04-19T18:22:25.146407Z",
            "yes_price": 20,
            "no_price": 80,
            "taker_side": "yes"
        },
        {
            "trade_id": "1e2b0f68-3972-480a-ba1b-b9e8e4cb5858",
            "ticker": "HIGHCHI-24APR20-B50.5",
            "count": 1,
            "created_time": "2024-04-19T18:22:25.146407Z",
            "yes_price": 22,
            "no_price": 78,
            "taker_side": "yes"
        },
        {
            "trade_id": "8a553460-e74f-4c31-bb87-48c00a1d52ec",
            "ticker": "HIGHCHI-24APR20-B50.5",
            "count": 15,
            "created_time": "2024-04-19T15:31:24.613333Z",
            "yes_price": 20,
            "no_price": 80,
            "taker_side": "yes"
        },
        {
            "trade_id": "249fb913-f740-4d37-854c-690208d63197",
            "ticker": "HIGHCHI-24APR20-B50.5",
            "count": 12,
            "created_time": "2024-04-19T14:16:04.059996Z",
            "yes_price": 13,
            "no_price": 87,
            "taker_side": "no"
        }
    ],
    "HIGHCHI-24APR20-B52.5": [
        {
            "trade_id": "d2eaa32a-b7a1-4474-ae1e-0c77a6caf553",
            "ticker": "HIGHCHI-24APR20-B52.5",
            "count": 4,
            "created_time": "2024-04-20T14:39:20.90479Z",
            "yes_price": 21,
            "no_price": 79,
            "taker_side": "no"
        },
        {
            "trade_id": "236d7dba-9a57-4c59-9558-33d1c9fcfb91",
            "ticker": "HIGHCHI-24APR20-B52.5",
            "count": 15,
            "created_time": "2024-04-19T23:54:04.160179Z",
            "yes_price": 43,
            "no_price": 57,
            "taker_side": "yes"
        },
        {
            "trade_id": "01e1c215-2199-4f1f-8915-94c7e5fc1abd",
            "ticker": "HIGHCHI-24APR20-B52.5",
            "count": 150,
            "created_time": "2024-04-19T23:54:04.160179Z",
            "yes_price": 44,
            "no_price": 56,
            "taker_side": "yes"
        },
        {
            "trade_id": "6dd7ac92-893f-481b-9b75-c90632625039",
            "ticker": "HIGHCHI-24APR20-B52.5",
            "count": 60,
            "created_time": "2024-04-19T23:43:02.299641Z",
            "yes_price": 43,
            "no_price": 57,
            "taker_side": "yes"
        },
        {
            "trade_id": "2b8fbcb4-08be-4580-adc8-2b5b1bb6c7f2",
            "ticker": "HIGHCHI-24APR20-B52.5",
            "count": 12,
            "created_time": "2024-04-19T23:43:02.299641Z",
            "yes_price": 43,
            "no_price": 57,
            "taker_side": "yes"
        },
        {
            "trade_id": "a8351504-75f3-4c62-b858-076942962b0c",
            "ticker": "HIGHCHI-24APR20-B52.5",
            "count": 75,
            "created_time": "2024-04-19T23:42:32.528517Z",
            "yes_price": 41,
            "no_price": 59,
            "taker_side": "yes"
        },
        {
            "trade_id": "bc0e718c-887f-4098-a4e4-ebad841c4c53",
            "ticker": "HIGHCHI-24APR20-B52.5",
            "count": 1,
            "created_time": "2024-04-19T22:00:11.232021Z",
            "yes_price": 34,
            "no_price": 66,
            "taker_side": "no"
        },
        {
            "trade_id": "8af0db7b-8db7-4769-a412-988b6a333f66",
            "ticker": "HIGHCHI-24APR20-B52.5",
            "count": 150,
            "created_time": "2024-04-19T21:35:21.10883Z",
            "yes_price": 40,
            "no_price": 60,
            "taker_side": "yes"
        },
        {
            "trade_id": "4898eb13-4a86-4e9e-a38f-9256641f6883",
            "ticker": "HIGHCHI-24APR20-B52.5",
            "count": 150,
            "created_time": "2024-04-19T21:35:21.10883Z",
            "yes_price": 38,
            "no_price": 62,
            "taker_side": "yes"
        },
        {
            "trade_id": "141c96ba-55b1-45d7-8d63-566e1918265c",
            "ticker": "HIGHCHI-24APR20-B52.5",
            "count": 75,
            "created_time": "2024-04-19T21:35:21.10883Z",
            "yes_price": 36,
            "no_price": 64,
            "taker_side": "yes"
        },
        {
            "trade_id": "652cbb41-5054-4428-8b0d-5e48d11fcea9",
            "ticker": "HIGHCHI-24APR20-B52.5",
            "count": 9,
            "created_time": "2024-04-19T19:56:21.284836Z",
            "yes_price": 36,
            "no_price": 64,
            "taker_side": "yes"
        },
        {
            "trade_id": "e9dc4778-f8a4-46fb-994c-4138aa7dd55a",
            "ticker": "HIGHCHI-24APR20-B52.5",
            "count": 1,
            "created_time": "2024-04-19T19:54:32.528048Z",
            "yes_price": 32,
            "no_price": 68,
            "taker_side": "yes"
        },
        {
            "trade_id": "cde331dc-0910-4f1a-b564-65e7f855f5ff",
            "ticker": "HIGHCHI-24APR20-B52.5",
            "count": 10,
            "created_time": "2024-04-19T18:35:21.913705Z",
            "yes_price": 31,
            "no_price": 69,
            "taker_side": "no"
        },
        {
            "trade_id": "201b0750-1c48-4af0-a22d-07fc58c07a5e",
            "ticker": "HIGHCHI-24APR20-B52.5",
            "count": 4,
            "created_time": "2024-04-19T15:31:09.836349Z",
            "yes_price": 31,
            "no_price": 69,
            "taker_side": "yes"
        },
        {
            "trade_id": "0036b05c-d133-4c60-bf1c-9018c1cc2322",
            "ticker": "HIGHCHI-24APR20-B52.5",
            "count": 11,
            "created_time": "2024-04-19T15:31:09.836349Z",
            "yes_price": 32,
            "no_price": 68,
            "taker_side": "yes"
        }
    ],
    "HIGHCHI-24APR20-B54.5": [
        {
            "trade_id": "c3701ad3-5765-492a-923f-43236f20ea58",
            "ticker": "HIGHCHI-24APR20-B54.5",
            "count": 3,
            "created_time": "2024-04-20T22:34:43.424955Z",
            "yes_price": 1,
            "no_price": 99,
            "taker_side": "yes"
        },
        {
            "trade_id": "9c0e7f76-1552-40c0-9a37-c3a1c81501a2",
            "ticker": "HIGHCHI-24APR20-B54.5",
            "count": 3,
            "created_time": "2024-04-20T19:10:00.14385Z",
            "yes_price": 1,
            "no_price": 99,
            "taker_side": "yes"
        },
        {
            "trade_id": "db47981d-d687-4ef5-97eb-096b4f8d2ad7",
            "ticker": "HIGHCHI-24APR20-B54.5",
            "count": 4,
            "created_time": "2024-04-20T14:39:20.800449Z",
            "yes_price": 40,
            "no_price": 60,
            "taker_side": "yes"
        },
        {
            "trade_id": "a074534a-e63f-476a-a896-ed9afdca5402",
            "ticker": "HIGHCHI-24APR20-B54.5",
            "count": 2,
            "created_time": "2024-04-20T01:14:28.793049Z",
            "yes_price": 13,
            "no_price": 87,
            "taker_side": "no"
        },
        {
            "trade_id": "8e7092f1-4cc3-47b5-adbd-3aaa20a517c2",
            "ticker": "HIGHCHI-24APR20-B54.5",
            "count": 1,
            "created_time": "2024-04-19T22:01:59.274829Z",
            "yes_price": 14,
            "no_price": 86,
            "taker_side": "no"
        },
        {
            "trade_id": "ec659462-bd8a-441b-9476-56bf15f2cf8b",
            "ticker": "HIGHCHI-24APR20-B54.5",
            "count": 150,
            "created_time": "2024-04-19T21:36:46.741473Z",
            "yes_price": 20,
            "no_price": 80,
            "taker_side": "yes"
        },
        {
            "trade_id": "9be0c6e3-9f48-42a9-b8e8-d46e334e38a8",
            "ticker": "HIGHCHI-24APR20-B54.5",
            "count": 150,
            "created_time": "2024-04-19T21:36:46.741473Z",
            "yes_price": 19,
            "no_price": 81,
            "taker_side": "yes"
        },
        {
            "trade_id": "384e6f55-af4b-4f80-b935-9588b4e7dbd4",
            "ticker": "HIGHCHI-24APR20-B54.5",
            "count": 15,
            "created_time": "2024-04-19T21:36:46.741473Z",
            "yes_price": 17,
            "no_price": 83,
            "taker_side": "yes"
        },
        {
            "trade_id": "92f8d7b6-9592-454e-b71c-6abfda0cc65b",
            "ticker": "HIGHCHI-24APR20-B54.5",
            "count": 60,
            "created_time": "2024-04-19T18:23:09.677264Z",
            "yes_price": 20,
            "no_price": 80,
            "taker_side": "no"
        },
        {
            "trade_id": "fb3ee96d-8130-49b6-8c50-65b934bea61c",
            "ticker": "HIGHCHI-24APR20-B54.5",
            "count": 105,
            "created_time": "2024-04-19T18:22:15.650066Z",
            "yes_price": 21,
            "no_price": 79,
            "taker_side": "no"
        },
        {
            "trade_id": "6f6f6463-c7f4-4ec2-adca-b13eb26763e8",
            "ticker": "HIGHCHI-24APR20-B54.5",
            "count": 30,
            "created_time": "2024-04-19T18:21:42.458834Z",
            "yes_price": 22,
            "no_price": 78,
            "taker_side": "no"
        },
        {
            "trade_id": "0fcc05f6-a644-4ed8-8445-b08c07c1043f",
            "ticker": "HIGHCHI-24APR20-B54.5",
            "count": 30,
            "created_time": "2024-04-19T18:21:34.660382Z",
            "yes_price": 22,
            "no_price": 78,
            "taker_side": "no"
        },
        {
            "trade_id": "1174e59b-2f07-458b-a8e4-3502acc61355",
            "ticker": "HIGHCHI-24APR20-B54.5",
            "count": 15,
            "created_time": "2024-04-19T18:20:59.004754Z",
            "yes_price": 22,
            "no_price": 78,
            "taker_side": "no"
        },
        {
            "trade_id": "fd82dd9a-aea5-4de0-ac92-0f09e5ca07ff",
            "ticker": "HIGHCHI-24APR20-B54.5",
            "count": 30,
            "created_time": "2024-04-19T18:20:19.386919Z",
            "yes_price": 22,
            "no_price": 78,
            "taker_side": "no"
        },
        {
            "trade_id": "87515ba4-64f0-4c63-b82c-d3b348585453",
            "ticker": "HIGHCHI-24APR20-B54.5",
            "count": 105,
            "created_time": "2024-04-19T18:19:31.638911Z",
            "yes_price": 22,
            "no_price": 78,
            "taker_side": "no"
        },
        {
            "trade_id": "7e0a90ae-ed70-4849-a747-45dc9404d7d7",
            "ticker": "HIGHCHI-24APR20-B54.5",
            "count": 105,
            "created_time": "2024-04-19T18:18:56.815529Z",
            "yes_price": 23,
            "no_price": 77,
            "taker_side": "no"
        },
        {
            "trade_id": "407c741c-dc76-485a-9b37-c312549fa9cc",
            "ticker": "HIGHCHI-24APR20-B54.5",
            "count": 15,
            "created_time": "2024-04-19T18:18:44.766862Z",
            "yes_price": 24,
            "no_price": 76,
            "taker_side": "no"
        },
        {
            "trade_id": "9e5b6766-faf3-4c07-845a-b9c674675183",
            "ticker": "HIGHCHI-24APR20-B54.5",
            "count": 45,
            "created_time": "2024-04-19T18:18:16.735012Z",
            "yes_price": 24,
            "no_price": 76,
            "taker_side": "no"
        },
        {
            "trade_id": "a44986ed-e9dd-45c4-b3da-e41616190584",
            "ticker": "HIGHCHI-24APR20-B54.5",
            "count": 90,
            "created_time": "2024-04-19T18:17:37.397244Z",
            "yes_price": 24,
            "no_price": 76,
            "taker_side": "no"
        },
        {
            "trade_id": "c15ffe6f-6ede-48c1-b633-24995a976d2b",
            "ticker": "HIGHCHI-24APR20-B54.5",
            "count": 30,
            "created_time": "2024-04-19T17:48:37.918232Z",
            "yes_price": 25,
            "no_price": 75,
            "taker_side": "no"
        },
        {
            "trade_id": "febaa95b-1a8f-45ef-a671-ba5fedfe06a1",
            "ticker": "HIGHCHI-24APR20-B54.5",
            "count": 1,
            "created_time": "2024-04-19T15:31:39.505715Z",
            "yes_price": 29,
            "no_price": 71,
            "taker_side": "yes"
        },
        {
            "trade_id": "4356b15a-f6d5-47f5-a000-7e2caeda15d7",
            "ticker": "HIGHCHI-24APR20-B54.5",
            "count": 1,
            "created_time": "2024-04-19T15:31:39.505715Z",
            "yes_price": 27,
            "no_price": 73,
            "taker_side": "yes"
        },
        {
            "trade_id": "3ac4795f-620c-4f99-bc5e-a17ac14642bc",
            "ticker": "HIGHCHI-24APR20-B54.5",
            "count": 1,
            "created_time": "2024-04-19T15:31:39.505715Z",
            "yes_price": 30,
            "no_price": 70,
            "taker_side": "yes"
        },
        {
            "trade_id": "2b206ebe-5f0b-41c0-9130-f216f510a2f5",
            "ticker": "HIGHCHI-24APR20-B54.5",
            "count": 1,
            "created_time": "2024-04-19T15:31:39.505715Z",
            "yes_price": 28,
            "no_price": 72,
            "taker_side": "yes"
        },
        {
            "trade_id": "290889b9-5701-45d7-a2e8-8df84544ea26",
            "ticker": "HIGHCHI-24APR20-B54.5",
            "count": 10,
            "created_time": "2024-04-19T15:31:39.505715Z",
            "yes_price": 30,
            "no_price": 70,
            "taker_side": "yes"
        },
        {
            "trade_id": "2448df7a-f9a4-4e86-9a75-fe2c7f0f85db",
            "ticker": "HIGHCHI-24APR20-B54.5",
            "count": 1,
            "created_time": "2024-04-19T15:31:39.505715Z",
            "yes_price": 26,
            "no_price": 74,
            "taker_side": "yes"
        }
    ],
    "HIGHCHI-24APR20-T55": [
        {
            "trade_id": "614a9869-b713-4fc7-a497-7363af14de60",
            "ticker": "HIGHCHI-24APR20-T55",
            "count": 1,
            "created_time": "2024-04-20T15:16:56.495638Z",
            "yes_price": 33,
            "no_price": 67,
            "taker_side": "yes"
        },
        {
            "trade_id": "0853d17a-ca92-4e59-a7cb-0c8a27d6bc0f",
            "ticker": "HIGHCHI-24APR20-T55",
            "count": 1,
            "created_time": "2024-04-20T15:16:56.495638Z",
            "yes_price": 8,
            "no_price": 92,
            "taker_side": "yes"
        },
        {
            "trade_id": "7f62f1f3-b1e7-4a36-97e5-b512102b7692",
            "ticker": "HIGHCHI-24APR20-T55",
            "count": 150,
            "created_time": "2024-04-20T15:01:52.73369Z",
            "yes_price": 1,
            "no_price": 99,
            "taker_side": "no"
        },
        {
            "trade_id": "4096ec99-49f8-4564-8219-e01233bde6e8",
            "ticker": "HIGHCHI-24APR20-T55",
            "count": 4,
            "created_time": "2024-04-20T14:39:20.938919Z",
            "yes_price": 1,
            "no_price": 99,
            "taker_side": "no"
        },
        {
            "trade_id": "ae8ce078-7c2a-422d-acc4-f9630cb679bb",
            "ticker": "HIGHCHI-24APR20-T55",
            "count": 10,
            "created_time": "2024-04-19T18:35:23.115879Z",
            "yes_price": 16,
            "no_price": 84,
            "taker_side": "yes"
        },
        {
            "trade_id": "f42b2c77-68ef-4757-b09b-dd1b8f5a4aca",
            "ticker": "HIGHCHI-24APR20-T55",
            "count": 135,
            "created_time": "2024-04-19T18:23:00.09139Z",
            "yes_price": 11,
            "no_price": 89,
            "taker_side": "no"
        },
        {
            "trade_id": "f7439019-87c8-4d5a-b831-e8d5caf18182",
            "ticker": "HIGHCHI-24APR20-T55",
            "count": 135,
            "created_time": "2024-04-19T18:21:30.942782Z",
            "yes_price": 12,
            "no_price": 88,
            "taker_side": "no"
        },
        {
            "trade_id": "1e535388-85ac-4f59-80b0-03ade9d5e139",
            "ticker": "HIGHCHI-24APR20-T55",
            "count": 135,
            "created_time": "2024-04-19T18:21:23.486471Z",
            "yes_price": 13,
            "no_price": 87,
            "taker_side": "no"
        },
        {
            "trade_id": "e546501c-013b-4192-93a3-5628eed45299",
            "ticker": "HIGHCHI-24APR20-T55",
            "count": 135,
            "created_time": "2024-04-19T18:19:59.418555Z",
            "yes_price": 14,
            "no_price": 86,
            "taker_side": "no"
        },
        {
            "trade_id": "3f14505d-2773-4343-8d54-ce8477a698d3",
            "ticker": "HIGHCHI-24APR20-T55",
            "count": 30,
            "created_time": "2024-04-19T18:19:40.748381Z",
            "yes_price": 15,
            "no_price": 85,
            "taker_side": "no"
        },
        {
            "trade_id": "ac0c1a58-5f39-405f-9b1a-0eb9e30195ec",
            "ticker": "HIGHCHI-24APR20-T55",
            "count": 30,
            "created_time": "2024-04-19T18:19:08.043267Z",
            "yes_price": 15,
            "no_price": 85,
            "taker_side": "no"
        },
        {
            "trade_id": "df557160-36cb-4d37-aea7-395e6e64ddf9",
            "ticker": "HIGHCHI-24APR20-T55",
            "count": 120,
            "created_time": "2024-04-19T18:18:33.752642Z",
            "yes_price": 15,
            "no_price": 85,
            "taker_side": "no"
        },
        {
            "trade_id": "80f13c1a-c443-4d06-8e1e-d29c6b1918eb",
            "ticker": "HIGHCHI-24APR20-T55",
            "count": 135,
            "created_time": "2024-04-19T18:18:06.632886Z",
            "yes_price": 16,
            "no_price": 84,
            "taker_side": "no"
        },
        {
            "trade_id": "451fce91-8d8a-4ab4-bcdf-61cac90f4e1b",
            "ticker": "HIGHCHI-24APR20-T55",
            "count": 30,
            "created_time": "2024-04-19T18:17:50.680112Z",
            "yes_price": 17,
            "no_price": 83,
            "taker_side": "no"
        },
        {
            "trade_id": "33445a1f-4692-4746-9352-4477be32fbb6",
            "ticker": "HIGHCHI-24APR20-T55",
            "count": 10,
            "created_time": "2024-04-19T17:30:27.215244Z",
            "yes_price": 20,
            "no_price": 80,
            "taker_side": "yes"
        },
        {
            "trade_id": "876d53a5-c02c-4809-905e-1646fc12fca8",
            "ticker": "HIGHCHI-24APR20-T55",
            "count": 5,
            "created_time": "2024-04-19T16:52:34.463536Z",
            "yes_price": 16,
            "no_price": 84,
            "taker_side": "no"
        }
    ]
}