{
    "HIGHCHI-24FEB19-T40": [],
    "HIGHCHI-24FEB19-B40.5": [],
    "HIGHCHI-24FEB19-B42.5": [],
    "HIGHCHI-24FEB19-B44.5": [
        {
            "trade_id": "cf9ee599-210e-4861-bcee-b85eea88c4ee",
            "ticker": "HIGHCHI-24FEB19-B44.5",
            "count": 75,
            "created_time": "2024-02-19T14:59:23.00954Z",
            "yes_price": 7,
            "no_price": 93,
            "taker_side": "no"
        },
        {
            "trade_id": "4e0c5efa-6e8d-4a24-beba-055c356fe661",
            "ticker": "HIGHCHI-24FEB19-B44.5",
            "count": 11,
            "created_time": "2024-02-19T03:27:17.012948Z",
            "yes_price": 16,
            "no_price": 84,
            "taker_side": "no"
        },
        {
            "trade_id": "4a2900d4-4656-4447-a03c-49e894b2eb38",
            "ticker": "HIGHCHI-24FEB19-B44.5",
            "count": 28,
            "created_time": "2024-02-19T03:24:32.402381Z",
            "yes_price": 21,
            "no_price": 79,
            "taker_side": "no"
        },
        {
            "trade_id": "1e317347-88db-40bf-ad74-94ec3ea18f0b",
            "ticker": "HIGHCHI-24FEB19-B44.5",
            "count": 12,
            "created_time": "2024-02-19T03:24:24.652172Z",
            "yes_price": 21,
            "no_price": 79,
            "taker_side": "no"
        },
        {
            "trade_id": "0b38af42-8386-4c6d-8629-f01dd34e045a",
            "ticker": "HIGHCHI-24FEB19-B44.5",
            "count": 1,
            "created_time": "2024-02-19T03:24:24.633351Z",
            "yes_price": 22,
            "no_price": 78,
            "taker_side": "no"
        },
        {
            "trade_id": "eeb1c69c-ffa6-444d-a4c4-65baaee27a51",
            "ticker": "HIGHCHI-24FEB19-B44.5",
            "count": 1,
            "created_time": "2024-02-19T02:51:59.850072Z",
            "yes_price": 23,
            "no_price": 77,
            "taker_side": "no"
        },
        {
            "trade_id": "3251ea6c-a379-4902-852e-865ef1e050e6",
            "ticker": "HIGHCHI-24FEB19-B44.5",
            "count": 5,
            "created_time": "2024-02-19T02:51:59.850072Z",
            "yes_price": 23,
            "no_price": 77,
            "taker_side": "no"
        },
        {
            "trade_id": "0888566e-842d-4225-be58-c66830b611a3",
            "ticker": "HIGHCHI-24FEB19-B44.5",
            "count": 2,
            "created_time": "2024-02-19T01:36:11.008523Z",
            "yes_price": 23,
            "no_price": 77,
            "taker_side": "no"
        },
        {
            "trade_id": "0c9e8f51-9b35-412a-bb63-f610116c1f49",
            "ticker": "HIGHCHI-24FEB19-B44.5",
            "count": 5,
            "created_time": "2024-02-18T15:13:45.063292Z",
            "yes_price": 21,
            "no_price": 79,
            "taker_side": "yes"
        },
        {
            "trade_id": "f467bf24-f19f-4666-9ec2-5e5c350b8d69",
            "ticker": "HIGHCHI-24FEB19-B44.5",
            "count": 1,
            "created_time": "2024-02-18T15:12:22.933472Z",
            "yes_price": 26,
            "no_price": 74,
            "taker_side": "no"
        }
    ],
    "HIGHCHI-24FEB19-B46.5": [
        {
            "trade_id": "38fb9c0b-52f2-476c-bf90-3dffbf40920d",
            "ticker": "HIGHCHI-24FEB19-B46.5",
            "count": 40,
            "created_time": "2024-02-19T20:38:26.701408Z",
            "yes_price": 1,
            "no_price": 99,
            "taker_side": "yes"
        },
        {
            "trade_id": "14db67ee-fee9-432c-bbbb-58e4b7c36a16",
            "ticker": "HIGHCHI-24FEB19-B46.5",
            "count": 935,
            "created_time": "2024-02-19T19:58:04.450573Z",
            "yes_price": 1,
            "no_price": 99,
            "taker_side": "yes"
        },
        {
            "trade_id": "56030a70-26d4-4c67-81eb-54c3a8222082",
            "ticker": "HIGHCHI-24FEB19-B46.5",
            "count": 3,
            "created_time": "2024-02-19T14:35:49.395336Z",
            "yes_price": 44,
            "no_price": 56,
            "taker_side": "yes"
        },
        {
            "trade_id": "25e8dfd8-6266-41c0-a163-80b3ae795e28",
            "ticker": "HIGHCHI-24FEB19-B46.5",
            "count": 1,
            "created_time": "2024-02-19T14:35:49.395336Z",
            "yes_price": 41,
            "no_price": 59,
            "taker_side": "yes"
        },
        {
            "trade_id": "6edb59d8-9507-4c26-b529-aea43339fee9",
            "ticker": "HIGHCHI-24FEB19-B46.5",
            "count": 5,
            "created_time": "2024-02-19T14:24:22.390764Z",
            "yes_price": 33,
            "no_price": 67,
            "taker_side": "yes"
        },
        {
            "trade_id": "c3b35ab7-4304-40cf-8f11-8b9f8e8bf5ac",
            "ticker": "HIGHCHI-24FEB19-B46.5",
            "count": 31,
            "created_time": "2024-02-19T14:19:30.252638Z",
            "yes_price": 28,
            "no_price": 72,
            "taker_side": "no"
        },
        {
            "trade_id": "9540f3d3-fe28-4672-b430-fb5981eb905c",
            "ticker": "HIGHCHI-24FEB19-B46.5",
            "count": 9,
            "created_time": "2024-02-19T14:19:30.252638Z",
            "yes_price": 26,
            "no_price": 74,
            "taker_side": "no"
        },
        {
            "trade_id": "4976956f-235b-47a4-8980-b913ac5137ef",
            "ticker": "HIGHCHI-24FEB19-B46.5",
            "count": 1,
            "created_time": "2024-02-19T02:18:14.488692Z",
            "yes_price": 37,
            "no_price": 63,
            "taker_side": "no"
        },
        {
            "trade_id": "901222f9-9684-4331-b221-e0df15adc481",
            "ticker": "HIGHCHI-24FEB19-B46.5",
            "count": 125,
            "created_time": "2024-02-18T19:14:40.769051Z",
            "yes_price": 40,
            "no_price": 60,
            "taker_side": "yes"
        },
        {
            "trade_id": "14171ae1-c27c-47f3-b319-42f19cf9b4fc",
            "ticker": "HIGHCHI-24FEB19-B46.5",
            "count": 125,
            "created_time": "2024-02-18T19:14:40.769051Z",
            "yes_price": 43,
            "no_price": 57,
            "taker_side": "yes"
        },
        {
            "trade_id": "042bd997-3a1a-4b14-a40c-6824bc5f37c0",
            "ticker": "HIGHCHI-24FEB19-B46.5",
            "count": 62,
            "created_time": "2024-02-18T19:14:40.769051Z",
            "yes_price": 38,
            "no_price": 62,
            "taker_side": "yes"
        },
        {
            "trade_id": "ce74c472-0f4f-4b12-be40-f51ff10248f4",
            "ticker": "HIGHCHI-24FEB19-B46.5",
            "count": 1,
            "created_time": "2024-02-18T17:30:18.409182Z",
            "yes_price": 31,
            "no_price": 69,
            "taker_side": "no"
        },
        {
            "trade_id": "5f77a370-e89f-46f4-8c36-efcdc63b64d6",
            "ticker": "HIGHCHI-24FEB19-B46.5",
            "count": 5,
            "created_time": "2024-02-18T15:14:35.914774Z",
            "yes_price": 32,
            "no_price": 68,
            "taker_side": "no"
        }
    ],
    "HIGHCHI-24FEB19-T47": [
        {
            "trade_id": "fead9020-f0ae-4d54-bd29-c4dd045bdd81",
            "ticker": "HIGHCHI-24FEB19-T47",
            "count": 64,
            "created_time": "2024-02-19T17:58:39.362801Z",
            "yes_price": 99,
            "no_price": 1,
            "taker_side": "yes"
        },
        {
            "trade_id": "6216a604-589b-44af-9988-686a8a2c0f7e",
            "ticker": "HIGHCHI-24FEB19-T47",
            "count": 2,
            "created_time": "2024-02-19T16:00:15.972403Z",
            "yes_price": 65,
            "no_price": 35,
            "taker_side": "yes"
        },
        {
            "trade_id": "d2df5731-c1fb-4e6b-a1f1-0fd3a717f8d4",
            "ticker": "HIGHCHI-24FEB19-T47",
            "count": 37,
            "created_time": "2024-02-19T15:58:49.942202Z",
            "yes_price": 62,
            "no_price": 38,
            "taker_side": "yes"
        },
        {
            "trade_id": "21958634-38b7-44a2-a3b4-06359f8d9a15",
            "ticker": "HIGHCHI-24FEB19-T47",
            "count": 37,
            "created_time": "2024-02-19T15:58:49.942202Z",
            "yes_price": 65,
            "no_price": 35,
            "taker_side": "yes"
        },
        {
            "trade_id": "fd99eea9-de99-4e6a-a32a-f8e0857b970e",
            "ticker": "HIGHCHI-24FEB19-T47",
            "count": 81,
            "created_time": "2024-02-19T14:59:02.284762Z",
            "yes_price": 56,
            "no_price": 44,
            "taker_side": "yes"
        },
        {
            "trade_id": "b6f6968a-9749-4510-ad11-d06122950d41",
            "ticker": "HIGHCHI-24FEB19-T47",
            "count": 22,
            "created_time": "2024-02-19T14:59:02.284762Z",
            "yes_price": 51,
            "no_price": 49,
            "taker_side": "yes"
        },
        {
            "trade_id": "726b5bc7-a641-4ece-b9f9-bf449c34f261",
            "ticker": "HIGHCHI-24FEB19-T47",
            "count": 75,
            "created_time": "2024-02-19T14:59:02.284762Z",
            "yes_price": 54,
            "no_price": 46,
            "taker_side": "yes"
        },
        {
            "trade_id": "33b3c361-93a3-435a-8b2f-22108fb1c39b",
            "ticker": "HIGHCHI-24FEB19-T47",
            "count": 5,
            "created_time": "2024-02-19T03:32:30.335674Z",
            "yes_price": 44,
            "no_price": 56,
            "taker_side": "yes"
        },
        {
            "trade_id": "ee06c0ac-f1a9-4387-b3ab-6c6f111899b1",
            "ticker": "HIGHCHI-24FEB19-T47",
            "count": 50,
            "created_time": "2024-02-19T02:51:57.638775Z",
            "yes_price": 38,
            "no_price": 62,
            "taker_side": "yes"
        },
        {
            "trade_id": "23677b9b-d8f5-4a8b-86f7-7188d258f044",
            "ticker": "HIGHCHI-24FEB19-T47",
            "count": 62,
            "created_time": "2024-02-19T02:51:51.520859Z",
            "yes_price": 37,
            "no_price": 63,
            "taker_side": "yes"
        },
        {
            "trade_id": "1969d00d-d165-41a7-8b7f-d103e4f1c2ba",
            "ticker": "HIGHCHI-24FEB19-T47",
            "count": 75,
            "created_time": "2024-02-19T02:51:45.392317Z",
            "yes_price": 36,
            "no_price": 64,
            "taker_side": "yes"
        },
        {
            "trade_id": "7a21822b-2e0d-414b-b0fd-6e98d8dd8640",
            "ticker": "HIGHCHI-24FEB19-T47",
            "count": 50,
            "created_time": "2024-02-19T01:36:23.819667Z",
            "yes_price": 39,
            "no_price": 61,
            "taker_side": "yes"
        },
        {
            "trade_id": "d29554b7-e8a6-4828-8d44-57e492ce6f87",
            "ticker": "HIGHCHI-24FEB19-T47",
            "count": 62,
            "created_time": "2024-02-19T01:36:13.080588Z",
            "yes_price": 38,
            "no_price": 62,
            "taker_side": "yes"
        },
        {
            "trade_id": "90216122-5ceb-46c3-9eca-c68f3a29091b",
            "ticker": "HIGHCHI-24FEB19-T47",
            "count": 62,
            "created_time": "2024-02-19T01:36:07.54652Z",
            "yes_price": 37,
            "no_price": 63,
            "taker_side": "yes"
        },
        {
            "trade_id": "46cefa3e-6243-4ef4-9d6d-118cf296321d",
            "ticker": "HIGHCHI-24FEB19-T47",
            "count": 75,
            "created_time": "2024-02-19T01:36:01.466145Z",
            "yes_price": 36,
            "no_price": 64,
            "taker_side": "yes"
        },
        {
            "trade_id": "d5be764d-6558-489f-a8d1-b581c2023240",
            "ticker": "HIGHCHI-24FEB19-T47",
            "count": 25,
            "created_time": "2024-02-19T01:35:56.61614Z",
            "yes_price": 35,
            "no_price": 65,
            "taker_side": "yes"
        },
        {
            "trade_id": "4eda4992-2cbd-44aa-a9fb-525705d31b39",
            "ticker": "HIGHCHI-24FEB19-T47",
            "count": 6,
            "created_time": "2024-02-19T01:35:56.61614Z",
            "yes_price": 35,
            "no_price": 65,
            "taker_side": "yes"
        },
        {
            "trade_id": "fe813fea-ac27-4215-8bfe-05687b1e0532",
            "ticker": "HIGHCHI-24FEB19-T47",
            "count": 2,
            "created_time": "2024-02-18T23:51:47.474987Z",
            "yes_price": 31,
            "no_price": 69,
            "taker_side": "no"
        },
        {
            "trade_id": "6bd5d858-a7ee-4981-898b-82b7c8d82fd5",
            "ticker": "HIGHCHI-24FEB19-T47",
            "count": 62,
            "created_time": "2024-02-18T21:15:57.433957Z",
            "yes_price": 37,
            "no_price": 63,
            "taker_side": "yes"
        },
        {
            "trade_id": "3ae8641c-3488-4080-b7f5-e69f7df14ff3",
            "ticker": "HIGHCHI-24FEB19-T47",
            "count": 62,
            "created_time": "2024-02-18T21:15:51.294095Z",
            "yes_price": 36,
            "no_price": 64,
            "taker_side": "yes"
        },
        {
            "trade_id": "69da0072-fc92-4650-a145-28daa350c917",
            "ticker": "HIGHCHI-24FEB19-T47",
            "count": 75,
            "created_time": "2024-02-18T21:15:46.405058Z",
            "yes_price": 35,
            "no_price": 65,
            "taker_side": "yes"
        },
        {
            "trade_id": "b6d4d253-f4c1-446d-b441-b3d7483b335f",
            "ticker": "HIGHCHI-24FEB19-T47",
            "count": 25,
            "created_time": "2024-02-18T21:15:40.734604Z",
            "yes_price": 34,
            "no_price": 66,
            "taker_side": "yes"
        },
        {
            "trade_id": "bb488864-0939-4e69-9816-316337885a28",
            "ticker": "HIGHCHI-24FEB19-T47",
            "count": 39,
            "created_time": "2024-02-18T21:05:16.507101Z",
            "yes_price": 34,
            "no_price": 66,
            "taker_side": "yes"
        },
        {
            "trade_id": "bd385657-c895-4ed6-b24c-1dd421d2d664",
            "ticker": "HIGHCHI-24FEB19-T47",
            "count": 25,
            "created_time": "2024-02-18T21:02:43.306254Z",
            "yes_price": 33,
            "no_price": 67,
            "taker_side": "yes"
        }
    ]
}