{
    "HIGHCHI-24JUN28-T78": [
        {
            "trade_id": "44e5e358-4a9f-4289-9f4b-86f87055ee4c",
            "ticker": "HIGHCHI-24JUN28-T78",
            "count": 167,
            "created_time": "2024-06-29T03:30:48.352972Z",
            "yes_price": 98,
            "no_price": 2,
            "taker_side": "yes"
        },
        {
            "trade_id": "f5a8329c-774f-4500-b3b6-582df00d9c79",
            "ticker": "HIGHCHI-24JUN28-T78",
            "count": 100,
            "created_time": "2024-06-29T03:30:27.099669Z",
            "yes_price": 97,
            "no_price": 3,
            "taker_side": "yes"
        },
        {
            "trade_id": "c8016fc0-50e8-4f3c-829f-c5a68a6160ba",
            "ticker": "HIGHCHI-24JUN28-T78",
            "count": 5,
            "created_time": "2024-06-29T01:35:52.427694Z",
            "yes_price": 70,
            "no_price": 30,
            "taker_side": "no"
        },
        {
            "trade_id": "7de06567-0d1a-4112-b522-97f443774af4",
            "ticker": "HIGHCHI-24JUN28-T78",
            "count": 1,
            "created_time": "2024-06-29T01:35:52.427694Z",
            "yes_price": 75,
            "no_price": 25,
            "taker_side": "no"
        },
        {
            "trade_id": "7d313a4f-c0ad-4bd7-aed6-8c174781ac9e",
            "ticker": "HIGHCHI-24JUN28-T78",
            "count": 4,
            "created_time": "2024-06-29T01:35:52.427694Z",
            "yes_price": 72,
            "no_price": 28,
            "taker_side": "no"
        },
        {
            "trade_id": "c57d6785-13e6-4ece-9b61-538c3c48f2c0",
            "ticker": "HIGHCHI-24JUN28-T78",
            "count": 199,
            "created_time": "2024-06-29T01:28:59.603909Z",
            "yes_price": 95,
            "no_price": 5,
            "taker_side": "yes"
        },
        {
            "trade_id": "f0ed3b6b-19e4-4176-bdb0-0ad6addb0ca1",
            "ticker": "HIGHCHI-24JUN28-T78",
            "count": 95,
            "created_time": "2024-06-29T01:23:16.468097Z",
            "yes_price": 96,
            "no_price": 4,
            "taker_side": "yes"
        },
        {
            "trade_id": "da671e40-1e5b-4d85-8536-7530bbf5423b",
            "ticker": "HIGHCHI-24JUN28-T78",
            "count": 10,
            "created_time": "2024-06-29T01:12:36.862777Z",
            "yes_price": 97,
            "no_price": 3,
            "taker_side": "yes"
        },
        {
            "trade_id": "407c2fcf-21b2-4814-ac11-36752012e43b",
            "ticker": "HIGHCHI-24JUN28-T78",
            "count": 25,
            "created_time": "2024-06-29T00:39:48.359582Z",
            "yes_price": 95,
            "no_price": 5,
            "taker_side": "yes"
        },
        {
            "trade_id": "f7f9649d-73db-44aa-8bc7-941ffed500d9",
            "ticker": "HIGHCHI-24JUN28-T78",
            "count": 40,
            "created_time": "2024-06-29T00:39:32.500505Z",
            "yes_price": 95,
            "no_price": 5,
            "taker_side": "no"
        },
        {
            "trade_id": "b71f292a-5df7-455c-9d1e-a3e85cef0ddd",
            "ticker": "HIGHCHI-24JUN28-T78",
            "count": 65,
            "created_time": "2024-06-29T00:36:57.471678Z",
            "yes_price": 95,
            "no_price": 5,
            "taker_side": "yes"
        },
        {
            "trade_id": "db43323a-7de7-42e4-a7c7-0c913f3993a3",
            "ticker": "HIGHCHI-24JUN28-T78",
            "count": 20,
            "created_time": "2024-06-28T23:37:12.950104Z",
            "yes_price": 95,
            "no_price": 5,
            "taker_side": "yes"
        },
        {
            "trade_id": "215f03dc-379b-49a5-8c57-f3c9bd571075",
            "ticker": "HIGHCHI-24JUN28-T78",
            "count": 2,
            "created_time": "2024-06-28T23:19:55.602361Z",
            "yes_price": 95,
            "no_price": 5,
            "taker_side": "yes"
        },
        {
            "trade_id": "223b2559-68f8-4dd9-a3a1-e744d792866a",
            "ticker": "HIGHCHI-24JUN28-T78",
            "count": 2,
            "created_time": "2024-06-28T23:19:36.371948Z",
            "yes_price": 95,
            "no_price": 5,
            "taker_side": "yes"
        },
        {
            "trade_id": "8bbf3538-60a7-49b5-9c13-920d7586f861",
            "ticker": "HIGHCHI-24JUN28-T78",
            "count": 190,
            "created_time": "2024-06-28T23:19:19.98761Z",
            "yes_price": 96,
            "no_price": 4,
            "taker_side": "yes"
        },
        {
            "trade_id": "ef286825-44a6-45ea-bfb6-a7218669a0ad",
            "ticker": "HIGHCHI-24JUN28-T78",
            "count": 8,
            "created_time": "2024-06-28T23:19:04.807009Z",
            "yes_price": 89,
            "no_price": 11,
            "taker_side": "yes"
        },
        {
            "trade_id": "c6374627-4972-445d-b413-8aed07f5ce9e",
            "ticker": "HIGHCHI-24JUN28-T78",
            "count": 8,
            "created_time": "2024-06-28T23:19:01.60631Z",
            "yes_price": 88,
            "no_price": 12,
            "taker_side": "yes"
        },
        {
            "trade_id": "a168438b-22e6-44f2-b567-22eb07769397",
            "ticker": "HIGHCHI-24JUN28-T78",
            "count": 4,
            "created_time": "2024-06-28T23:14:13.192004Z",
            "yes_price": 77,
            "no_price": 23,
            "taker_side": "yes"
        },
        {
            "trade_id": "82daf518-77ad-4ee6-b698-010af6f7e4cf",
            "ticker": "HIGHCHI-24JUN28-T78",
            "count": 4,
            "created_time": "2024-06-28T23:14:13.192004Z",
            "yes_price": 76,
            "no_price": 24,
            "taker_side": "yes"
        },
        {
            "trade_id": "014bd5d7-78e2-4651-bd8a-82a92944384f",
            "ticker": "HIGHCHI-24JUN28-T78",
            "count": 6,
            "created_time": "2024-06-28T23:14:13.192004Z",
            "yes_price": 88,
            "no_price": 12,
            "taker_side": "yes"
        },
        {
            "trade_id": "3e251619-22cf-4148-a323-0d6285e2712f",
            "ticker": "HIGHCHI-24JUN28-T78",
            "count": 2,
            "created_time": "2024-06-28T22:52:47.607601Z",
            "yes_price": 74,
            "no_price": 26,
            "taker_side": "yes"
        },
        {
            "trade_id": "43cf3fda-ebda-4247-894b-841c5d056b70",
            "ticker": "HIGHCHI-24JUN28-T78",
            "count": 4,
            "created_time": "2024-06-28T22:52:21.993326Z",
            "yes_price": 77,
            "no_price": 23,
            "taker_side": "no"
        },
        {
            "trade_id": "ecb5e451-fb51-4879-b1aa-5fd7d65768c4",
            "ticker": "HIGHCHI-24JUN28-T78",
            "count": 8,
            "created_time": "2024-06-28T22:51:24.177957Z",
            "yes_price": 90,
            "no_price": 10,
            "taker_side": "no"
        },
        {
            "trade_id": "317a4e22-7e42-41e0-80da-6eeb15b0261b",
            "ticker": "HIGHCHI-24JUN28-T78",
            "count": 121,
            "created_time": "2024-06-28T22:45:53.179839Z",
            "yes_price": 25,
            "no_price": 75,
            "taker_side": "no"
        },
        {
            "trade_id": "92ee996f-5f34-465c-9172-99d7fe8d7a71",
            "ticker": "HIGHCHI-24JUN28-T78",
            "count": 58,
            "created_time": "2024-06-28T22:11:07.714265Z",
            "yes_price": 25,
            "no_price": 75,
            "taker_side": "no"
        },
        {
            "trade_id": "7c8e4347-7b1f-480f-9df7-f80ec9d190a0",
            "ticker": "HIGHCHI-24JUN28-T78",
            "count": 1,
            "created_time": "2024-06-28T21:50:50.374924Z",
            "yes_price": 94,
            "no_price": 6,
            "taker_side": "yes"
        },
        {
            "trade_id": "20684447-7c03-4e44-8345-f211e92b9727",
            "ticker": "HIGHCHI-24JUN28-T78",
            "count": 1,
            "created_time": "2024-06-28T21:50:50.374924Z",
            "yes_price": 97,
            "no_price": 3,
            "taker_side": "yes"
        },
        {
            "trade_id": "3258f8ae-207b-412a-a860-239a1b77cb7e",
            "ticker": "HIGHCHI-24JUN28-T78",
            "count": 20,
            "created_time": "2024-06-28T20:39:28.557965Z",
            "yes_price": 25,
            "no_price": 75,
            "taker_side": "no"
        },
        {
            "trade_id": "d3d4d1a3-c217-4411-a563-c53aa1b55f4f",
            "ticker": "HIGHCHI-24JUN28-T78",
            "count": 18,
            "created_time": "2024-06-28T18:13:19.957304Z",
            "yes_price": 44,
            "no_price": 56,
            "taker_side": "yes"
        },
        {
            "trade_id": "b9f3a169-dee1-4b6c-bca5-f79eded2647e",
            "ticker": "HIGHCHI-24JUN28-T78",
            "count": 15,
            "created_time": "2024-06-28T18:13:19.957304Z",
            "yes_price": 41,
            "no_price": 59,
            "taker_side": "yes"
        },
        {
            "trade_id": "bfff9b70-6ae5-44d5-96fb-7c4802499b63",
            "ticker": "HIGHCHI-24JUN28-T78",
            "count": 14,
            "created_time": "2024-06-28T18:03:47.078255Z",
            "yes_price": 34,
            "no_price": 66,
            "taker_side": "no"
        },
        {
            "trade_id": "3a753d9b-8a79-463b-9663-88ebeaf720bb",
            "ticker": "HIGHCHI-24JUN28-T78",
            "count": 60,
            "created_time": "2024-06-28T17:50:13.964956Z",
            "yes_price": 43,
            "no_price": 57,
            "taker_side": "yes"
        },
        {
            "trade_id": "f9a4a8c6-fe7a-4122-a910-852a692b926f",
            "ticker": "HIGHCHI-24JUN28-T78",
            "count": 28,
            "created_time": "2024-06-28T17:49:17.193566Z",
            "yes_price": 44,
            "no_price": 56,
            "taker_side": "yes"
        },
        {
            "trade_id": "d20ac4d4-1010-4e3b-aa3e-2e816f340cdb",
            "ticker": "HIGHCHI-24JUN28-T78",
            "count": 15,
            "created_time": "2024-06-28T17:49:17.157882Z",
            "yes_price": 41,
            "no_price": 59,
            "taker_side": "yes"
        },
        {
            "trade_id": "9b535b7c-4d6e-432c-86b3-a6ef8f343083",
            "ticker": "HIGHCHI-24JUN28-T78",
            "count": 150,
            "created_time": "2024-06-28T17:41:17.433434Z",
            "yes_price": 34,
            "no_price": 66,
            "taker_side": "no"
        },
        {
            "trade_id": "62a49915-13bf-4a13-8dfa-0025748c550c",
            "ticker": "HIGHCHI-24JUN28-T78",
            "count": 64,
            "created_time": "2024-06-28T17:41:17.433434Z",
            "yes_price": 16,
            "no_price": 84,
            "taker_side": "no"
        },
        {
            "trade_id": "61de0dd1-7ab1-4470-a238-fe868a1a113e",
            "ticker": "HIGHCHI-24JUN28-T78",
            "count": 30,
            "created_time": "2024-06-28T17:41:17.433434Z",
            "yes_price": 36,
            "no_price": 64,
            "taker_side": "no"
        },
        {
            "trade_id": "0f28621d-348a-4cf7-987d-81a1a6d23546",
            "ticker": "HIGHCHI-24JUN28-T78",
            "count": 150,
            "created_time": "2024-06-28T17:41:17.433434Z",
            "yes_price": 32,
            "no_price": 68,
            "taker_side": "no"
        },
        {
            "trade_id": "10283acf-3db2-4dbc-bc86-c00b38a0e13e",
            "ticker": "HIGHCHI-24JUN28-T78",
            "count": 45,
            "created_time": "2024-06-28T17:19:39.800981Z",
            "yes_price": 44,
            "no_price": 56,
            "taker_side": "yes"
        },
        {
            "trade_id": "46514aae-6d57-497e-9996-b95ce60c5fb9",
            "ticker": "HIGHCHI-24JUN28-T78",
            "count": 9,
            "created_time": "2024-06-28T17:17:27.823188Z",
            "yes_price": 36,
            "no_price": 64,
            "taker_side": "no"
        },
        {
            "trade_id": "2fd3ff1b-21bb-42ae-b30c-adb6669590c9",
            "ticker": "HIGHCHI-24JUN28-T78",
            "count": 25,
            "created_time": "2024-06-28T17:10:59.15219Z",
            "yes_price": 42,
            "no_price": 58,
            "taker_side": "yes"
        },
        {
            "trade_id": "c1cd2f1e-453f-4249-9f37-844f381da0e7",
            "ticker": "HIGHCHI-24JUN28-T78",
            "count": 15,
            "created_time": "2024-06-28T17:10:29.770169Z",
            "yes_price": 39,
            "no_price": 61,
            "taker_side": "yes"
        },
        {
            "trade_id": "524a96fe-25a3-4fbd-aca8-313cf0e99f79",
            "ticker": "HIGHCHI-24JUN28-T78",
            "count": 60,
            "created_time": "2024-06-28T17:10:29.770169Z",
            "yes_price": 39,
            "no_price": 61,
            "taker_side": "yes"
        },
        {
            "trade_id": "102936a8-3bc1-435a-af76-180aa826df54",
            "ticker": "HIGHCHI-24JUN28-T78",
            "count": 150,
            "created_time": "2024-06-28T17:10:29.770169Z",
            "yes_price": 41,
            "no_price": 59,
            "taker_side": "yes"
        },
        {
            "trade_id": "c99aff2f-cf5b-42b2-b91b-b64550e3d764",
            "ticker": "HIGHCHI-24JUN28-T78",
            "count": 1,
            "created_time": "2024-06-28T17:08:03.834228Z",
            "yes_price": 37,
            "no_price": 63,
            "taker_side": "yes"
        },
        {
            "trade_id": "9ed8bd74-3e06-4942-a1cc-a32a7ea06376",
            "ticker": "HIGHCHI-24JUN28-T78",
            "count": 75,
            "created_time": "2024-06-28T17:08:03.834228Z",
            "yes_price": 37,
            "no_price": 63,
            "taker_side": "yes"
        },
        {
            "trade_id": "d0690799-eb12-446f-a44e-f47918295577",
            "ticker": "HIGHCHI-24JUN28-T78",
            "count": 15,
            "created_time": "2024-06-28T17:07:03.476374Z",
            "yes_price": 36,
            "no_price": 64,
            "taker_side": "yes"
        },
        {
            "trade_id": "ebaed84b-decf-452d-ad8c-63f4b51275fd",
            "ticker": "HIGHCHI-24JUN28-T78",
            "count": 15,
            "created_time": "2024-06-28T17:05:37.008332Z",
            "yes_price": 36,
            "no_price": 64,
            "taker_side": "yes"
        },
        {
            "trade_id": "3585ea7c-544e-4d06-ab92-731699dd33e1",
            "ticker": "HIGHCHI-24JUN28-T78",
            "count": 45,
            "created_time": "2024-06-28T17:05:37.008332Z",
            "yes_price": 36,
            "no_price": 64,
            "taker_side": "yes"
        },
        {
            "trade_id": "c126c080-5db2-4c6e-8b5d-94052f1b145c",
            "ticker": "HIGHCHI-24JUN28-T78",
            "count": 15,
            "created_time": "2024-06-28T17:01:21.117303Z",
            "yes_price": 34,
            "no_price": 66,
            "taker_side": "yes"
        },
        {
            "trade_id": "aff60341-734c-447c-9651-4398b7259989",
            "ticker": "HIGHCHI-24JUN28-T78",
            "count": 60,
            "created_time": "2024-06-28T17:01:21.117303Z",
            "yes_price": 34,
            "no_price": 66,
            "taker_side": "yes"
        },
        {
            "trade_id": "ee59a49a-07ed-499a-a064-68b06075fdee",
            "ticker": "HIGHCHI-24JUN28-T78",
            "count": 150,
            "created_time": "2024-06-28T16:56:58.067961Z",
            "yes_price": 29,
            "no_price": 71,
            "taker_side": "yes"
        },
        {
            "trade_id": "0b4f014c-55d8-4947-b764-a517234668df",
            "ticker": "HIGHCHI-24JUN28-T78",
            "count": 15,
            "created_time": "2024-06-28T16:56:58.067961Z",
            "yes_price": 28,
            "no_price": 72,
            "taker_side": "yes"
        },
        {
            "trade_id": "08b1355f-7ae4-4d6e-8941-5ef17af183a2",
            "ticker": "HIGHCHI-24JUN28-T78",
            "count": 150,
            "created_time": "2024-06-28T16:56:58.067961Z",
            "yes_price": 31,
            "no_price": 69,
            "taker_side": "yes"
        },
        {
            "trade_id": "93ddddad-d3d4-43ce-89b6-97ee3f0cbad5",
            "ticker": "HIGHCHI-24JUN28-T78",
            "count": 150,
            "created_time": "2024-06-28T16:56:53.716155Z",
            "yes_price": 27,
            "no_price": 73,
            "taker_side": "yes"
        },
        {
            "trade_id": "54c75b14-dfa3-4f56-a0ab-66cfc3c78070",
            "ticker": "HIGHCHI-24JUN28-T78",
            "count": 75,
            "created_time": "2024-06-28T16:56:53.716155Z",
            "yes_price": 24,
            "no_price": 76,
            "taker_side": "yes"
        },
        {
            "trade_id": "27162cbb-51e4-4617-b4a1-032963e8e00a",
            "ticker": "HIGHCHI-24JUN28-T78",
            "count": 150,
            "created_time": "2024-06-28T16:56:53.716155Z",
            "yes_price": 25,
            "no_price": 75,
            "taker_side": "yes"
        },
        {
            "trade_id": "f0d82934-40ec-45ee-a97c-3030a2885641",
            "ticker": "HIGHCHI-24JUN28-T78",
            "count": 150,
            "created_time": "2024-06-28T16:56:43.243624Z",
            "yes_price": 25,
            "no_price": 75,
            "taker_side": "yes"
        },
        {
            "trade_id": "5e53efbc-a25a-4c4c-9287-0886c1eaee43",
            "ticker": "HIGHCHI-24JUN28-T78",
            "count": 150,
            "created_time": "2024-06-28T16:56:43.243624Z",
            "yes_price": 27,
            "no_price": 73,
            "taker_side": "yes"
        },
        {
            "trade_id": "43e9a735-e818-411a-9084-6074f5a54ae5",
            "ticker": "HIGHCHI-24JUN28-T78",
            "count": 90,
            "created_time": "2024-06-28T16:56:43.243624Z",
            "yes_price": 24,
            "no_price": 76,
            "taker_side": "yes"
        },
        {
            "trade_id": "911072a8-b268-4390-be2e-0f82ffc1a83e",
            "ticker": "HIGHCHI-24JUN28-T78",
            "count": 50,
            "created_time": "2024-06-28T16:39:45.841523Z",
            "yes_price": 27,
            "no_price": 73,
            "taker_side": "yes"
        },
        {
            "trade_id": "657058ac-e3db-4559-b809-d68544ee722b",
            "ticker": "HIGHCHI-24JUN28-T78",
            "count": 10,
            "created_time": "2024-06-28T16:39:45.841523Z",
            "yes_price": 27,
            "no_price": 73,
            "taker_side": "yes"
        },
        {
            "trade_id": "509bdd78-2f8a-4756-bd5e-1b95356fd25f",
            "ticker": "HIGHCHI-24JUN28-T78",
            "count": 50,
            "created_time": "2024-06-28T16:39:41.522667Z",
            "yes_price": 26,
            "no_price": 74,
            "taker_side": "yes"
        },
        {
            "trade_id": "481389c2-9b9c-41be-b45a-72f3f1e18514",
            "ticker": "HIGHCHI-24JUN28-T78",
            "count": 5,
            "created_time": "2024-06-28T16:39:41.522667Z",
            "yes_price": 25,
            "no_price": 75,
            "taker_side": "yes"
        },
        {
            "trade_id": "c09f7bf4-21cb-477f-b32e-3d462da4eae9",
            "ticker": "HIGHCHI-24JUN28-T78",
            "count": 60,
            "created_time": "2024-06-28T16:39:28.627833Z",
            "yes_price": 23,
            "no_price": 77,
            "taker_side": "yes"
        },
        {
            "trade_id": "688e1e8c-e61d-4678-8b18-dcfefbbd4a9b",
            "ticker": "HIGHCHI-24JUN28-T78",
            "count": 15,
            "created_time": "2024-06-28T16:39:28.627833Z",
            "yes_price": 23,
            "no_price": 77,
            "taker_side": "yes"
        },
        {
            "trade_id": "08e1be1f-f161-424a-ab2a-9da485ad68e8",
            "ticker": "HIGHCHI-24JUN28-T78",
            "count": 150,
            "created_time": "2024-06-28T16:39:28.627833Z",
            "yes_price": 24,
            "no_price": 76,
            "taker_side": "yes"
        },
        {
            "trade_id": "e04015b1-1c28-401b-88c0-30f5d09d7c32",
            "ticker": "HIGHCHI-24JUN28-T78",
            "count": 42,
            "created_time": "2024-06-28T16:39:06.934696Z",
            "yes_price": 24,
            "no_price": 76,
            "taker_side": "yes"
        },
        {
            "trade_id": "b55b930b-3ef2-4f07-bcdc-6ac6b6d6bbb9",
            "ticker": "HIGHCHI-24JUN28-T78",
            "count": 150,
            "created_time": "2024-06-28T16:39:06.934696Z",
            "yes_price": 20,
            "no_price": 80,
            "taker_side": "yes"
        },
        {
            "trade_id": "71e8480d-1e02-44a6-bfff-04fcf920af33",
            "ticker": "HIGHCHI-24JUN28-T78",
            "count": 150,
            "created_time": "2024-06-28T16:39:06.934696Z",
            "yes_price": 21,
            "no_price": 79,
            "taker_side": "yes"
        },
        {
            "trade_id": "6edb0ee3-8365-40c5-92e0-fff49648514c",
            "ticker": "HIGHCHI-24JUN28-T78",
            "count": 1,
            "created_time": "2024-06-28T16:39:06.934696Z",
            "yes_price": 92,
            "no_price": 8,
            "taker_side": "yes"
        },
        {
            "trade_id": "269cf152-1a12-4558-896f-0de6102cd551",
            "ticker": "HIGHCHI-24JUN28-T78",
            "count": 51,
            "created_time": "2024-06-28T16:39:06.934696Z",
            "yes_price": 19,
            "no_price": 81,
            "taker_side": "yes"
        },
        {
            "trade_id": "e11f3c0f-4033-4796-8692-6cd70d427fae",
            "ticker": "HIGHCHI-24JUN28-T78",
            "count": 54,
            "created_time": "2024-06-28T16:38:26.675329Z",
            "yes_price": 19,
            "no_price": 81,
            "taker_side": "yes"
        },
        {
            "trade_id": "6a2e3158-c25b-42aa-a53c-7070245f0651",
            "ticker": "HIGHCHI-24JUN28-T78",
            "count": 60,
            "created_time": "2024-06-28T16:37:04.970544Z",
            "yes_price": 18,
            "no_price": 82,
            "taker_side": "yes"
        },
        {
            "trade_id": "af3ee640-3705-4346-9aef-37376bbe229b",
            "ticker": "HIGHCHI-24JUN28-T78",
            "count": 60,
            "created_time": "2024-06-28T16:36:08.754437Z",
            "yes_price": 18,
            "no_price": 82,
            "taker_side": "yes"
        },
        {
            "trade_id": "8f166cc8-22f0-43fd-8ccd-3a31836a42d5",
            "ticker": "HIGHCHI-24JUN28-T78",
            "count": 150,
            "created_time": "2024-06-28T16:36:08.754437Z",
            "yes_price": 19,
            "no_price": 81,
            "taker_side": "yes"
        },
        {
            "trade_id": "e7415e28-8dd0-426d-aff3-f34106080eb8",
            "ticker": "HIGHCHI-24JUN28-T78",
            "count": 30,
            "created_time": "2024-06-28T16:28:14.974276Z",
            "yes_price": 18,
            "no_price": 82,
            "taker_side": "yes"
        },
        {
            "trade_id": "27982f32-6d0e-4ee5-918d-24f851234f9b",
            "ticker": "HIGHCHI-24JUN28-T78",
            "count": 150,
            "created_time": "2024-06-28T16:28:14.974276Z",
            "yes_price": 19,
            "no_price": 81,
            "taker_side": "yes"
        },
        {
            "trade_id": "dc44b424-70d5-4cc6-b77c-f7254f82d4f8",
            "ticker": "HIGHCHI-24JUN28-T78",
            "count": 150,
            "created_time": "2024-06-28T16:26:41.642117Z",
            "yes_price": 17,
            "no_price": 83,
            "taker_side": "yes"
        },
        {
            "trade_id": "829ea75f-3dfb-409c-af50-bf3c001d2b13",
            "ticker": "HIGHCHI-24JUN28-T78",
            "count": 15,
            "created_time": "2024-06-28T16:26:41.642117Z",
            "yes_price": 15,
            "no_price": 85,
            "taker_side": "yes"
        },
        {
            "trade_id": "75eda957-32c7-4402-a617-b1846da2fd40",
            "ticker": "HIGHCHI-24JUN28-T78",
            "count": 150,
            "created_time": "2024-06-28T16:26:41.642117Z",
            "yes_price": 16,
            "no_price": 84,
            "taker_side": "yes"
        },
        {
            "trade_id": "e4c714f5-dc4f-49c3-a5fa-b8b3113d067b",
            "ticker": "HIGHCHI-24JUN28-T78",
            "count": 9,
            "created_time": "2024-06-28T15:28:45.925571Z",
            "yes_price": 29,
            "no_price": 71,
            "taker_side": "yes"
        },
        {
            "trade_id": "f99aa964-6cd7-4b08-850b-773ac56c63a4",
            "ticker": "HIGHCHI-24JUN28-T78",
            "count": 3,
            "created_time": "2024-06-28T15:09:16.906077Z",
            "yes_price": 26,
            "no_price": 74,
            "taker_side": "no"
        },
        {
            "trade_id": "d73f235b-f724-4778-88bf-34492023b86f",
            "ticker": "HIGHCHI-24JUN28-T78",
            "count": 28,
            "created_time": "2024-06-28T14:38:22.267982Z",
            "yes_price": 26,
            "no_price": 74,
            "taker_side": "no"
        },
        {
            "trade_id": "308d125c-fa46-4bf1-8a37-91c4ecd1af17",
            "ticker": "HIGHCHI-24JUN28-T78",
            "count": 30,
            "created_time": "2024-06-28T14:24:23.171483Z",
            "yes_price": 26,
            "no_price": 74,
            "taker_side": "no"
        },
        {
            "trade_id": "afcba6ee-1444-4ce0-8067-a7fc1ed1a18e",
            "ticker": "HIGHCHI-24JUN28-T78",
            "count": 60,
            "created_time": "2024-06-28T13:56:12.305904Z",
            "yes_price": 23,
            "no_price": 77,
            "taker_side": "no"
        },
        {
            "trade_id": "2a143f54-7089-4b49-b4fe-864be0ebfd4c",
            "ticker": "HIGHCHI-24JUN28-T78",
            "count": 60,
            "created_time": "2024-06-28T13:43:09.796353Z",
            "yes_price": 29,
            "no_price": 71,
            "taker_side": "yes"
        },
        {
            "trade_id": "b7370c4a-09ee-40e2-8dca-29c9113bfbf9",
            "ticker": "HIGHCHI-24JUN28-T78",
            "count": 45,
            "created_time": "2024-06-28T13:01:51.449643Z",
            "yes_price": 22,
            "no_price": 78,
            "taker_side": "no"
        },
        {
            "trade_id": "585d9c10-574d-4105-b1d2-20b3f36e99a9",
            "ticker": "HIGHCHI-24JUN28-T78",
            "count": 15,
            "created_time": "2024-06-28T12:58:06.173997Z",
            "yes_price": 28,
            "no_price": 72,
            "taker_side": "yes"
        },
        {
            "trade_id": "34e58a04-0d4a-4b9a-80f6-14a813b83e7c",
            "ticker": "HIGHCHI-24JUN28-T78",
            "count": 5,
            "created_time": "2024-06-28T12:58:06.173997Z",
            "yes_price": 30,
            "no_price": 70,
            "taker_side": "yes"
        },
        {
            "trade_id": "4ceca7ad-6ca6-439b-9714-f13b3a58c52d",
            "ticker": "HIGHCHI-24JUN28-T78",
            "count": 30,
            "created_time": "2024-06-28T12:37:41.713362Z",
            "yes_price": 21,
            "no_price": 79,
            "taker_side": "no"
        },
        {
            "trade_id": "3ba7bef4-d409-4173-9c98-90f905da6f90",
            "ticker": "HIGHCHI-24JUN28-T78",
            "count": 15,
            "created_time": "2024-06-28T12:35:38.174532Z",
            "yes_price": 21,
            "no_price": 79,
            "taker_side": "no"
        },
        {
            "trade_id": "8d3b5ea7-bc24-437e-8896-f824c693956b",
            "ticker": "HIGHCHI-24JUN28-T78",
            "count": 75,
            "created_time": "2024-06-28T12:34:35.39824Z",
            "yes_price": 21,
            "no_price": 79,
            "taker_side": "no"
        },
        {
            "trade_id": "72a9802f-6c95-4beb-b910-4c11ffdf53c4",
            "ticker": "HIGHCHI-24JUN28-T78",
            "count": 15,
            "created_time": "2024-06-28T12:33:28.961493Z",
            "yes_price": 21,
            "no_price": 79,
            "taker_side": "no"
        },
        {
            "trade_id": "96937ccc-61bf-42ff-86ae-30f35b719b2a",
            "ticker": "HIGHCHI-24JUN28-T78",
            "count": 15,
            "created_time": "2024-06-28T12:31:46.539329Z",
            "yes_price": 21,
            "no_price": 79,
            "taker_side": "no"
        },
        {
            "trade_id": "f0ced2dd-d4d2-447b-a6d4-9547cb8d16a3",
            "ticker": "HIGHCHI-24JUN28-T78",
            "count": 15,
            "created_time": "2024-06-28T12:30:41.168521Z",
            "yes_price": 21,
            "no_price": 79,
            "taker_side": "no"
        },
        {
            "trade_id": "88879b01-3a30-4dd0-b6da-e30f537d671d",
            "ticker": "HIGHCHI-24JUN28-T78",
            "count": 60,
            "created_time": "2024-06-28T12:29:06.349391Z",
            "yes_price": 21,
            "no_price": 79,
            "taker_side": "no"
        },
        {
            "trade_id": "a8092e60-0ba7-4d51-813c-f5b43ae6cd0d",
            "ticker": "HIGHCHI-24JUN28-T78",
            "count": 15,
            "created_time": "2024-06-28T12:27:04.945517Z",
            "yes_price": 21,
            "no_price": 79,
            "taker_side": "no"
        },
        {
            "trade_id": "744e7647-4fe8-4c74-9ffc-b4b107fe3bcb",
            "ticker": "HIGHCHI-24JUN28-T78",
            "count": 30,
            "created_time": "2024-06-28T12:25:35.480168Z",
            "yes_price": 21,
            "no_price": 79,
            "taker_side": "no"
        },
        {
            "trade_id": "6a1697b0-a0d7-4920-b2ea-258798a8e203",
            "ticker": "HIGHCHI-24JUN28-T78",
            "count": 60,
            "created_time": "2024-06-28T12:24:56.002202Z",
            "yes_price": 21,
            "no_price": 79,
            "taker_side": "no"
        },
        {
            "trade_id": "4a334d35-da30-42f4-bce6-6ab4bd7ffe24",
            "ticker": "HIGHCHI-24JUN28-T78",
            "count": 27,
            "created_time": "2024-06-28T12:24:05.321257Z",
            "yes_price": 28,
            "no_price": 72,
            "taker_side": "yes"
        },
        {
            "trade_id": "76bd5a2b-3787-4988-bffa-f141e02ed0ba",
            "ticker": "HIGHCHI-24JUN28-T78",
            "count": 6,
            "created_time": "2024-06-28T12:23:16.620723Z",
            "yes_price": 28,
            "no_price": 72,
            "taker_side": "yes"
        },
        {
            "trade_id": "e8455b0d-b0e1-4191-a8e5-52bae4ff1f80",
            "ticker": "HIGHCHI-24JUN28-T78",
            "count": 150,
            "created_time": "2024-06-28T12:01:10.03427Z",
            "yes_price": 20,
            "no_price": 80,
            "taker_side": "no"
        },
        {
            "trade_id": "d77eb3b8-138a-4e05-ae6d-a39c0c792abf",
            "ticker": "HIGHCHI-24JUN28-T78",
            "count": 30,
            "created_time": "2024-06-28T12:01:10.03427Z",
            "yes_price": 22,
            "no_price": 78,
            "taker_side": "no"
        },
        {
            "trade_id": "130bdc9a-a197-48b9-8d40-748c9402062f",
            "ticker": "HIGHCHI-24JUN28-T78",
            "count": 15,
            "created_time": "2024-06-28T12:00:38.880275Z",
            "yes_price": 22,
            "no_price": 78,
            "taker_side": "no"
        },
        {
            "trade_id": "085c3a28-4658-408d-a7ae-354dfcf2ae50",
            "ticker": "HIGHCHI-24JUN28-T78",
            "count": 10,
            "created_time": "2024-06-28T12:00:26.990119Z",
            "yes_price": 9,
            "no_price": 91,
            "taker_side": "yes"
        }
    ],
    "HIGHCHI-24JUN28-B78.5": [
        {
            "trade_id": "c26bbb7d-7f5e-46af-a58e-c3527c0477ef",
            "ticker": "HIGHCHI-24JUN28-B78.5",
            "count": 500,
            "created_time": "2024-06-29T03:57:56.511667Z",
            "yes_price": 1,
            "no_price": 99,
            "taker_side": "no"
        },
        {
            "trade_id": "12c755fb-cc55-4e1b-9ea9-7666d086ec65",
            "ticker": "HIGHCHI-24JUN28-B78.5",
            "count": 167,
            "created_time": "2024-06-29T03:30:48.439083Z",
            "yes_price": 2,
            "no_price": 98,
            "taker_side": "no"
        },
        {
            "trade_id": "960bc5e9-e676-4b5f-929d-7ffced6e6ecc",
            "ticker": "HIGHCHI-24JUN28-B78.5",
            "count": 20,
            "created_time": "2024-06-29T01:51:38.429985Z",
            "yes_price": 2,
            "no_price": 98,
            "taker_side": "no"
        },
        {
            "trade_id": "42f7c629-9f7f-49aa-a1d2-2bddec4c1611",
            "ticker": "HIGHCHI-24JUN28-B78.5",
            "count": 313,
            "created_time": "2024-06-29T01:46:45.52359Z",
            "yes_price": 2,
            "no_price": 98,
            "taker_side": "no"
        },
        {
            "trade_id": "baaf0f8c-ad70-4170-a5ee-1a8d5a936dae",
            "ticker": "HIGHCHI-24JUN28-B78.5",
            "count": 89,
            "created_time": "2024-06-29T01:32:29.551893Z",
            "yes_price": 16,
            "no_price": 84,
            "taker_side": "no"
        },
        {
            "trade_id": "7d72773d-6ac2-4aae-95ec-6e4183910eea",
            "ticker": "HIGHCHI-24JUN28-B78.5",
            "count": 100,
            "created_time": "2024-06-29T01:31:24.904026Z",
            "yes_price": 11,
            "no_price": 89,
            "taker_side": "no"
        },
        {
            "trade_id": "295506ff-fbf9-4207-9ab9-ace1ea4afe2f",
            "ticker": "HIGHCHI-24JUN28-B78.5",
            "count": 100,
            "created_time": "2024-06-29T00:14:14.971471Z",
            "yes_price": 3,
            "no_price": 97,
            "taker_side": "no"
        },
        {
            "trade_id": "7ac1fbee-351c-4039-b4b8-57fa3d1f3f13",
            "ticker": "HIGHCHI-24JUN28-B78.5",
            "count": 1,
            "created_time": "2024-06-29T00:11:17.904916Z",
            "yes_price": 3,
            "no_price": 97,
            "taker_side": "no"
        },
        {
            "trade_id": "88f9f334-bdac-4273-9067-ade95617e1a4",
            "ticker": "HIGHCHI-24JUN28-B78.5",
            "count": 2,
            "created_time": "2024-06-29T00:10:25.654118Z",
            "yes_price": 3,
            "no_price": 97,
            "taker_side": "no"
        },
        {
            "trade_id": "b5462af3-9852-4bc3-abf0-835c6c849b2f",
            "ticker": "HIGHCHI-24JUN28-B78.5",
            "count": 3,
            "created_time": "2024-06-29T00:10:00.282094Z",
            "yes_price": 3,
            "no_price": 97,
            "taker_side": "no"
        },
        {
            "trade_id": "326cd96e-4803-48a9-898e-30808981b681",
            "ticker": "HIGHCHI-24JUN28-B78.5",
            "count": 2,
            "created_time": "2024-06-28T22:52:47.652079Z",
            "yes_price": 51,
            "no_price": 49,
            "taker_side": "no"
        },
        {
            "trade_id": "910503b0-5722-4e17-8148-1a7618d4d2be",
            "ticker": "HIGHCHI-24JUN28-B78.5",
            "count": 4,
            "created_time": "2024-06-28T22:52:22.002925Z",
            "yes_price": 50,
            "no_price": 50,
            "taker_side": "no"
        },
        {
            "trade_id": "c0e89b17-2b8d-4edb-a3c5-a5c02541dc79",
            "ticker": "HIGHCHI-24JUN28-B78.5",
            "count": 4,
            "created_time": "2024-06-28T22:52:21.99508Z",
            "yes_price": 50,
            "no_price": 50,
            "taker_side": "no"
        },
        {
            "trade_id": "461a4137-c5b5-42e7-ae43-32505babd5e5",
            "ticker": "HIGHCHI-24JUN28-B78.5",
            "count": 8,
            "created_time": "2024-06-28T22:51:24.209552Z",
            "yes_price": 16,
            "no_price": 84,
            "taker_side": "no"
        },
        {
            "trade_id": "83d27699-4612-41e5-8f55-0ba954cf04d8",
            "ticker": "HIGHCHI-24JUN28-B78.5",
            "count": 8,
            "created_time": "2024-06-28T22:51:24.180094Z",
            "yes_price": 16,
            "no_price": 84,
            "taker_side": "no"
        },
        {
            "trade_id": "c59f341b-89da-42ed-b135-837217e323f0",
            "ticker": "HIGHCHI-24JUN28-B78.5",
            "count": 121,
            "created_time": "2024-06-28T22:45:53.10861Z",
            "yes_price": 75,
            "no_price": 25,
            "taker_side": "yes"
        },
        {
            "trade_id": "549badf4-f9e0-4359-a7b3-641f8a689391",
            "ticker": "HIGHCHI-24JUN28-B78.5",
            "count": 71,
            "created_time": "2024-06-28T22:45:53.10861Z",
            "yes_price": 75,
            "no_price": 25,
            "taker_side": "yes"
        },
        {
            "trade_id": "dcc82b0c-c0f6-4e64-92ad-5d1d39306402",
            "ticker": "HIGHCHI-24JUN28-B78.5",
            "count": 13,
            "created_time": "2024-06-28T22:45:23.335691Z",
            "yes_price": 75,
            "no_price": 25,
            "taker_side": "yes"
        },
        {
            "trade_id": "abab21df-14d0-4373-98e3-e3aa45f86110",
            "ticker": "HIGHCHI-24JUN28-B78.5",
            "count": 16,
            "created_time": "2024-06-28T22:39:47.425706Z",
            "yes_price": 75,
            "no_price": 25,
            "taker_side": "yes"
        },
        {
            "trade_id": "5c2d5b40-4cde-4be2-98ac-8b804f111848",
            "ticker": "HIGHCHI-24JUN28-B78.5",
            "count": 25,
            "created_time": "2024-06-28T22:39:47.425706Z",
            "yes_price": 68,
            "no_price": 32,
            "taker_side": "yes"
        },
        {
            "trade_id": "28c600e9-8aa1-45e4-907b-2c920e269e8f",
            "ticker": "HIGHCHI-24JUN28-B78.5",
            "count": 30,
            "created_time": "2024-06-28T22:39:47.425706Z",
            "yes_price": 65,
            "no_price": 35,
            "taker_side": "yes"
        },
        {
            "trade_id": "fc071080-9775-4aa2-bfac-21ccd09c7022",
            "ticker": "HIGHCHI-24JUN28-B78.5",
            "count": 5,
            "created_time": "2024-06-28T22:37:29.869952Z",
            "yes_price": 68,
            "no_price": 32,
            "taker_side": "no"
        },
        {
            "trade_id": "c6652fb1-999b-4861-9242-767117199179",
            "ticker": "HIGHCHI-24JUN28-B78.5",
            "count": 20,
            "created_time": "2024-06-28T22:32:34.181747Z",
            "yes_price": 4,
            "no_price": 96,
            "taker_side": "no"
        },
        {
            "trade_id": "42f3b89c-ce48-4394-b307-1b69c1d47d9b",
            "ticker": "HIGHCHI-24JUN28-B78.5",
            "count": 58,
            "created_time": "2024-06-28T22:11:07.66414Z",
            "yes_price": 94,
            "no_price": 6,
            "taker_side": "yes"
        },
        {
            "trade_id": "17724cd9-48f6-4dbb-b5af-197de7d7f9ff",
            "ticker": "HIGHCHI-24JUN28-B78.5",
            "count": 1,
            "created_time": "2024-06-28T22:03:08.859068Z",
            "yes_price": 67,
            "no_price": 33,
            "taker_side": "yes"
        },
        {
            "trade_id": "b9b06533-8106-4920-af25-4df72dd23d19",
            "ticker": "HIGHCHI-24JUN28-B78.5",
            "count": 1,
            "created_time": "2024-06-28T21:26:55.818645Z",
            "yes_price": 66,
            "no_price": 34,
            "taker_side": "yes"
        },
        {
            "trade_id": "96bcfc84-0e18-42c0-92b3-e08611c8f447",
            "ticker": "HIGHCHI-24JUN28-B78.5",
            "count": 14,
            "created_time": "2024-06-28T21:26:55.818645Z",
            "yes_price": 67,
            "no_price": 33,
            "taker_side": "yes"
        },
        {
            "trade_id": "74797e70-e866-4c01-9138-eb198330843e",
            "ticker": "HIGHCHI-24JUN28-B78.5",
            "count": 1,
            "created_time": "2024-06-28T20:53:23.220678Z",
            "yes_price": 25,
            "no_price": 75,
            "taker_side": "yes"
        },
        {
            "trade_id": "f8641b17-17c9-4b5b-a34e-7e5c5856cb7e",
            "ticker": "HIGHCHI-24JUN28-B78.5",
            "count": 1,
            "created_time": "2024-06-28T20:49:12.622815Z",
            "yes_price": 21,
            "no_price": 79,
            "taker_side": "no"
        },
        {
            "trade_id": "7aacfa07-9f1d-4aba-a6cd-08d3556cfff8",
            "ticker": "HIGHCHI-24JUN28-B78.5",
            "count": 1,
            "created_time": "2024-06-28T20:49:10.707837Z",
            "yes_price": 22,
            "no_price": 78,
            "taker_side": "no"
        },
        {
            "trade_id": "b11404a4-3cbc-4812-87c5-cccac7126050",
            "ticker": "HIGHCHI-24JUN28-B78.5",
            "count": 150,
            "created_time": "2024-06-28T18:06:06.034983Z",
            "yes_price": 52,
            "no_price": 48,
            "taker_side": "yes"
        },
        {
            "trade_id": "5e159d9e-083e-40a5-8715-dccafb0d2a2b",
            "ticker": "HIGHCHI-24JUN28-B78.5",
            "count": 30,
            "created_time": "2024-06-28T18:06:06.034983Z",
            "yes_price": 49,
            "no_price": 51,
            "taker_side": "yes"
        },
        {
            "trade_id": "248999a6-dc28-430f-8514-be57630b5e29",
            "ticker": "HIGHCHI-24JUN28-B78.5",
            "count": 6,
            "created_time": "2024-06-28T18:06:06.034983Z",
            "yes_price": 54,
            "no_price": 46,
            "taker_side": "yes"
        },
        {
            "trade_id": "c1ed630b-93f7-4d33-81be-115240191ddb",
            "ticker": "HIGHCHI-24JUN28-B78.5",
            "count": 20,
            "created_time": "2024-06-28T17:50:58.48805Z",
            "yes_price": 48,
            "no_price": 52,
            "taker_side": "yes"
        },
        {
            "trade_id": "d363a404-9df1-4b39-a117-ce6a2f768e23",
            "ticker": "HIGHCHI-24JUN28-B78.5",
            "count": 25,
            "created_time": "2024-06-28T17:10:59.226726Z",
            "yes_price": 45,
            "no_price": 55,
            "taker_side": "no"
        },
        {
            "trade_id": "45109dfe-9773-48cf-b6d9-9df363c53497",
            "ticker": "HIGHCHI-24JUN28-B78.5",
            "count": 60,
            "created_time": "2024-06-28T17:10:29.845111Z",
            "yes_price": 45,
            "no_price": 55,
            "taker_side": "no"
        },
        {
            "trade_id": "f9786489-b541-486f-8dd1-db389455366f",
            "ticker": "HIGHCHI-24JUN28-B78.5",
            "count": 1,
            "created_time": "2024-06-28T17:08:03.918333Z",
            "yes_price": 45,
            "no_price": 55,
            "taker_side": "no"
        },
        {
            "trade_id": "ab40b40a-b431-44f8-ae60-0e7cc1de66e8",
            "ticker": "HIGHCHI-24JUN28-B78.5",
            "count": 15,
            "created_time": "2024-06-28T17:05:37.084276Z",
            "yes_price": 45,
            "no_price": 55,
            "taker_side": "no"
        },
        {
            "trade_id": "87f43a18-22fc-4791-9394-ab439ceb08d4",
            "ticker": "HIGHCHI-24JUN28-B78.5",
            "count": 30,
            "created_time": "2024-06-28T17:05:27.452714Z",
            "yes_price": 49,
            "no_price": 51,
            "taker_side": "yes"
        },
        {
            "trade_id": "d4367836-ab0a-4b5e-a719-fde5f2e83033",
            "ticker": "HIGHCHI-24JUN28-B78.5",
            "count": 75,
            "created_time": "2024-06-28T17:02:07.700748Z",
            "yes_price": 49,
            "no_price": 51,
            "taker_side": "yes"
        },
        {
            "trade_id": "20442e1b-1fb9-4183-89ce-df1531193eeb",
            "ticker": "HIGHCHI-24JUN28-B78.5",
            "count": 15,
            "created_time": "2024-06-28T17:01:21.214593Z",
            "yes_price": 45,
            "no_price": 55,
            "taker_side": "no"
        },
        {
            "trade_id": "51954b06-ffd0-44d8-b8b9-4cadb7e26b76",
            "ticker": "HIGHCHI-24JUN28-B78.5",
            "count": 9,
            "created_time": "2024-06-28T17:00:52.554166Z",
            "yes_price": 49,
            "no_price": 51,
            "taker_side": "yes"
        },
        {
            "trade_id": "a20bd255-2859-4762-be7d-00bfab9404f2",
            "ticker": "HIGHCHI-24JUN28-B78.5",
            "count": 16,
            "created_time": "2024-06-28T16:57:09.938981Z",
            "yes_price": 45,
            "no_price": 55,
            "taker_side": "no"
        },
        {
            "trade_id": "2e638314-b9f2-4715-8f03-9a7ceed5f8ff",
            "ticker": "HIGHCHI-24JUN28-B78.5",
            "count": 16,
            "created_time": "2024-06-28T16:57:09.920873Z",
            "yes_price": 45,
            "no_price": 55,
            "taker_side": "no"
        },
        {
            "trade_id": "3602e592-0671-4c43-9eb6-88b44747062b",
            "ticker": "HIGHCHI-24JUN28-B78.5",
            "count": 45,
            "created_time": "2024-06-28T16:41:39.891472Z",
            "yes_price": 49,
            "no_price": 51,
            "taker_side": "yes"
        },
        {
            "trade_id": "1bbede44-f440-415e-b823-8827446b113b",
            "ticker": "HIGHCHI-24JUN28-B78.5",
            "count": 150,
            "created_time": "2024-06-28T16:41:39.891472Z",
            "yes_price": 51,
            "no_price": 49,
            "taker_side": "yes"
        },
        {
            "trade_id": "059cd7b5-28bb-4cf1-b602-8ca30a30b8d9",
            "ticker": "HIGHCHI-24JUN28-B78.5",
            "count": 19,
            "created_time": "2024-06-28T16:41:18.156978Z",
            "yes_price": 49,
            "no_price": 51,
            "taker_side": "yes"
        },
        {
            "trade_id": "7eb20f60-c6b2-4c74-900d-c4f7899ee3f0",
            "ticker": "HIGHCHI-24JUN28-B78.5",
            "count": 10,
            "created_time": "2024-06-28T16:39:45.916213Z",
            "yes_price": 45,
            "no_price": 55,
            "taker_side": "no"
        },
        {
            "trade_id": "923ce42c-9f55-46a9-bb9a-514d4dd8d18b",
            "ticker": "HIGHCHI-24JUN28-B78.5",
            "count": 30,
            "created_time": "2024-06-28T16:39:35.923378Z",
            "yes_price": 46,
            "no_price": 54,
            "taker_side": "yes"
        },
        {
            "trade_id": "2d8fb886-462e-43ff-8412-57ac56329405",
            "ticker": "HIGHCHI-24JUN28-B78.5",
            "count": 150,
            "created_time": "2024-06-28T16:39:35.923378Z",
            "yes_price": 48,
            "no_price": 52,
            "taker_side": "yes"
        },
        {
            "trade_id": "01b9ff06-a0c2-4d0b-a3b0-ddae07644c24",
            "ticker": "HIGHCHI-24JUN28-B78.5",
            "count": 15,
            "created_time": "2024-06-28T16:39:28.736085Z",
            "yes_price": 45,
            "no_price": 55,
            "taker_side": "no"
        },
        {
            "trade_id": "9cc559c8-6ad1-4836-aae5-02108bc98a80",
            "ticker": "HIGHCHI-24JUN28-B78.5",
            "count": 20,
            "created_time": "2024-06-28T16:32:04.764961Z",
            "yes_price": 48,
            "no_price": 52,
            "taker_side": "yes"
        },
        {
            "trade_id": "d5caf20d-a3b0-46d9-842c-04eab7c9f398",
            "ticker": "HIGHCHI-24JUN28-B78.5",
            "count": 30,
            "created_time": "2024-06-28T16:28:34.118542Z",
            "yes_price": 45,
            "no_price": 55,
            "taker_side": "yes"
        },
        {
            "trade_id": "b7387f02-3509-4891-a993-c97706ddf8ff",
            "ticker": "HIGHCHI-24JUN28-B78.5",
            "count": 44,
            "created_time": "2024-06-28T16:28:34.118542Z",
            "yes_price": 47,
            "no_price": 53,
            "taker_side": "yes"
        },
        {
            "trade_id": "0c6741dc-7c28-4d52-b715-b4d463b7c5d0",
            "ticker": "HIGHCHI-24JUN28-B78.5",
            "count": 29,
            "created_time": "2024-06-28T16:28:34.118542Z",
            "yes_price": 47,
            "no_price": 53,
            "taker_side": "yes"
        },
        {
            "trade_id": "740b7286-358e-4660-9bbc-d1fd0477f17d",
            "ticker": "HIGHCHI-24JUN28-B78.5",
            "count": 9,
            "created_time": "2024-06-28T15:28:45.989694Z",
            "yes_price": 33,
            "no_price": 67,
            "taker_side": "no"
        },
        {
            "trade_id": "bd38b749-3f00-4e07-88f9-011f529de9ec",
            "ticker": "HIGHCHI-24JUN28-B78.5",
            "count": 3,
            "created_time": "2024-06-28T15:09:16.849695Z",
            "yes_price": 55,
            "no_price": 45,
            "taker_side": "yes"
        },
        {
            "trade_id": "67c5c348-8887-42af-8a2a-1cafffd87c64",
            "ticker": "HIGHCHI-24JUN28-B78.5",
            "count": 28,
            "created_time": "2024-06-28T14:38:22.201002Z",
            "yes_price": 55,
            "no_price": 45,
            "taker_side": "yes"
        },
        {
            "trade_id": "72d66de4-96e9-444a-8775-8d98062dbb42",
            "ticker": "HIGHCHI-24JUN28-B78.5",
            "count": 30,
            "created_time": "2024-06-28T14:24:23.182256Z",
            "yes_price": 48,
            "no_price": 52,
            "taker_side": "no"
        },
        {
            "trade_id": "47dd41e8-2620-46fe-9404-63a00f83cbc5",
            "ticker": "HIGHCHI-24JUN28-B78.5",
            "count": 98,
            "created_time": "2024-06-28T14:19:08.515604Z",
            "yes_price": 45,
            "no_price": 55,
            "taker_side": "no"
        },
        {
            "trade_id": "2428a4ed-e902-49a8-a8be-e0ff5fc17667",
            "ticker": "HIGHCHI-24JUN28-B78.5",
            "count": 75,
            "created_time": "2024-06-28T14:19:08.515604Z",
            "yes_price": 46,
            "no_price": 54,
            "taker_side": "no"
        },
        {
            "trade_id": "e279ba72-0f18-4ec6-bd2e-09dffaf9343a",
            "ticker": "HIGHCHI-24JUN28-B78.5",
            "count": 150,
            "created_time": "2024-06-28T14:00:25.856652Z",
            "yes_price": 51,
            "no_price": 49,
            "taker_side": "yes"
        },
        {
            "trade_id": "d5be01fa-033a-460a-8d46-182adec9a891",
            "ticker": "HIGHCHI-24JUN28-B78.5",
            "count": 15,
            "created_time": "2024-06-28T14:00:25.856652Z",
            "yes_price": 49,
            "no_price": 51,
            "taker_side": "yes"
        },
        {
            "trade_id": "f53cb193-55c9-46b4-b5cc-9fa5ddb69609",
            "ticker": "HIGHCHI-24JUN28-B78.5",
            "count": 60,
            "created_time": "2024-06-28T13:56:12.236183Z",
            "yes_price": 49,
            "no_price": 51,
            "taker_side": "yes"
        },
        {
            "trade_id": "25bfebdf-d195-4a13-9629-1c4a9d346ef4",
            "ticker": "HIGHCHI-24JUN28-B78.5",
            "count": 150,
            "created_time": "2024-06-28T13:56:12.236183Z",
            "yes_price": 51,
            "no_price": 49,
            "taker_side": "yes"
        },
        {
            "trade_id": "0ac472ad-dd53-4f09-9a0f-a436b1eea486",
            "ticker": "HIGHCHI-24JUN28-B78.5",
            "count": 45,
            "created_time": "2024-06-28T13:56:12.236183Z",
            "yes_price": 49,
            "no_price": 51,
            "taker_side": "yes"
        },
        {
            "trade_id": "9fe10e26-4ada-4804-905b-7fa6483e0e56",
            "ticker": "HIGHCHI-24JUN28-B78.5",
            "count": 45,
            "created_time": "2024-06-28T13:04:50.167167Z",
            "yes_price": 42,
            "no_price": 58,
            "taker_side": "no"
        },
        {
            "trade_id": "630440a9-a9c7-4e5e-bc20-864289e6ab14",
            "ticker": "HIGHCHI-24JUN28-B78.5",
            "count": 29,
            "created_time": "2024-06-28T13:02:41.424873Z",
            "yes_price": 51,
            "no_price": 49,
            "taker_side": "yes"
        },
        {
            "trade_id": "30f05e9c-54dc-4af4-aaa7-2af1118b091f",
            "ticker": "HIGHCHI-24JUN28-B78.5",
            "count": 15,
            "created_time": "2024-06-28T13:02:41.424873Z",
            "yes_price": 48,
            "no_price": 52,
            "taker_side": "yes"
        },
        {
            "trade_id": "971f22ce-e4eb-48ff-bebe-2cf9ac356564",
            "ticker": "HIGHCHI-24JUN28-B78.5",
            "count": 30,
            "created_time": "2024-06-28T12:37:53.016805Z",
            "yes_price": 41,
            "no_price": 59,
            "taker_side": "no"
        },
        {
            "trade_id": "96c4b5f5-e918-4a7c-ba95-586872dd2887",
            "ticker": "HIGHCHI-24JUN28-B78.5",
            "count": 15,
            "created_time": "2024-06-28T12:35:55.948742Z",
            "yes_price": 41,
            "no_price": 59,
            "taker_side": "no"
        },
        {
            "trade_id": "1e58a065-e65f-4dde-b13d-32c460cedc91",
            "ticker": "HIGHCHI-24JUN28-B78.5",
            "count": 30,
            "created_time": "2024-06-28T12:34:50.663272Z",
            "yes_price": 41,
            "no_price": 59,
            "taker_side": "no"
        },
        {
            "trade_id": "4c3268bb-3f02-45b3-9fe2-f88cb6984bfa",
            "ticker": "HIGHCHI-24JUN28-B78.5",
            "count": 45,
            "created_time": "2024-06-28T12:33:44.299125Z",
            "yes_price": 41,
            "no_price": 59,
            "taker_side": "no"
        },
        {
            "trade_id": "d58448a1-cf04-4dba-8a97-84c1732a706f",
            "ticker": "HIGHCHI-24JUN28-B78.5",
            "count": 15,
            "created_time": "2024-06-28T12:32:46.002285Z",
            "yes_price": 41,
            "no_price": 59,
            "taker_side": "no"
        },
        {
            "trade_id": "88952146-0e89-4fa7-9353-0c1820fcdd2f",
            "ticker": "HIGHCHI-24JUN28-B78.5",
            "count": 15,
            "created_time": "2024-06-28T12:31:24.427389Z",
            "yes_price": 41,
            "no_price": 59,
            "taker_side": "no"
        },
        {
            "trade_id": "c8a65e1c-29de-4b4d-9f11-ec30d0226326",
            "ticker": "HIGHCHI-24JUN28-B78.5",
            "count": 30,
            "created_time": "2024-06-28T12:29:29.944944Z",
            "yes_price": 41,
            "no_price": 59,
            "taker_side": "no"
        },
        {
            "trade_id": "5145b8ee-3ab6-4b3b-b774-5e603bfbc621",
            "ticker": "HIGHCHI-24JUN28-B78.5",
            "count": 15,
            "created_time": "2024-06-28T12:28:26.062862Z",
            "yes_price": 41,
            "no_price": 59,
            "taker_side": "yes"
        },
        {
            "trade_id": "0bf77ee7-c725-41e6-abec-13439a52bd18",
            "ticker": "HIGHCHI-24JUN28-B78.5",
            "count": 15,
            "created_time": "2024-06-28T12:27:33.219309Z",
            "yes_price": 41,
            "no_price": 59,
            "taker_side": "no"
        },
        {
            "trade_id": "62ab1630-7f90-4c9c-b965-d74c87dc41b4",
            "ticker": "HIGHCHI-24JUN28-B78.5",
            "count": 15,
            "created_time": "2024-06-28T12:26:50.624371Z",
            "yes_price": 41,
            "no_price": 59,
            "taker_side": "no"
        },
        {
            "trade_id": "c4b71d81-acc1-4c98-bab5-a5d7f330ebca",
            "ticker": "HIGHCHI-24JUN28-B78.5",
            "count": 30,
            "created_time": "2024-06-28T12:25:22.022253Z",
            "yes_price": 41,
            "no_price": 59,
            "taker_side": "no"
        },
        {
            "trade_id": "b9c5e317-0bf0-4e9c-9012-397d2cb08a25",
            "ticker": "HIGHCHI-24JUN28-B78.5",
            "count": 15,
            "created_time": "2024-06-28T12:25:11.867804Z",
            "yes_price": 41,
            "no_price": 59,
            "taker_side": "no"
        },
        {
            "trade_id": "4802a9e5-7d5d-48bc-9d1d-4551a5206338",
            "ticker": "HIGHCHI-24JUN28-B78.5",
            "count": 20,
            "created_time": "2024-06-28T12:22:13.850885Z",
            "yes_price": 41,
            "no_price": 59,
            "taker_side": "no"
        },
        {
            "trade_id": "f33b4947-b621-4e08-9977-e09ad873fffd",
            "ticker": "HIGHCHI-24JUN28-B78.5",
            "count": 20,
            "created_time": "2024-06-28T12:05:18.487538Z",
            "yes_price": 47,
            "no_price": 53,
            "taker_side": "yes"
        },
        {
            "trade_id": "1144b36a-cae0-4c3c-98f6-1c9cc82adc3c",
            "ticker": "HIGHCHI-24JUN28-B78.5",
            "count": 15,
            "created_time": "2024-06-28T12:00:38.88661Z",
            "yes_price": 39,
            "no_price": 61,
            "taker_side": "no"
        },
        {
            "trade_id": "e4d6e88b-9741-4990-8a80-4323dd5820f5",
            "ticker": "HIGHCHI-24JUN28-B78.5",
            "count": 10,
            "created_time": "2024-06-28T12:00:26.872035Z",
            "yes_price": 16,
            "no_price": 84,
            "taker_side": "yes"
        },
        {
            "trade_id": "21225525-4c0a-414e-9cc5-38574ba24bf3",
            "ticker": "HIGHCHI-24JUN28-B78.5",
            "count": 4,
            "created_time": "2024-06-27T21:41:11.936351Z",
            "yes_price": 7,
            "no_price": 93,
            "taker_side": "no"
        },
        {
            "trade_id": "67fbd840-381c-460f-b14e-fd10178e76c4",
            "ticker": "HIGHCHI-24JUN28-B78.5",
            "count": 1,
            "created_time": "2024-06-27T21:39:07.688843Z",
            "yes_price": 7,
            "no_price": 93,
            "taker_side": "no"
        },
        {
            "trade_id": "4e331246-7fc0-4ebf-8b33-c90db0400540",
            "ticker": "HIGHCHI-24JUN28-B78.5",
            "count": 1,
            "created_time": "2024-06-27T18:35:11.521352Z",
            "yes_price": 14,
            "no_price": 86,
            "taker_side": "yes"
        },
        {
            "trade_id": "c18bed3e-d4e2-49e5-a45b-83d614e00fea",
            "ticker": "HIGHCHI-24JUN28-B78.5",
            "count": 4,
            "created_time": "2024-06-27T17:28:28.02208Z",
            "yes_price": 11,
            "no_price": 89,
            "taker_side": "yes"
        }
    ],
    "HIGHCHI-24JUN28-B80.5": [
        {
            "trade_id": "77960e0e-5adc-42e3-b1fe-f8a87caf1a95",
            "ticker": "HIGHCHI-24JUN28-B80.5",
            "count": 65,
            "created_time": "2024-06-29T00:48:01.879387Z",
            "yes_price": 1,
            "no_price": 99,
            "taker_side": "no"
        },
        {
            "trade_id": "2e8ab499-fe3a-4e94-baf7-df0860c9c739",
            "ticker": "HIGHCHI-24JUN28-B80.5",
            "count": 2,
            "created_time": "2024-06-28T22:52:47.65286Z",
            "yes_price": 1,
            "no_price": 99,
            "taker_side": "no"
        },
        {
            "trade_id": "2d2ab53c-8d49-455d-83a1-16582540a193",
            "ticker": "HIGHCHI-24JUN28-B80.5",
            "count": 4,
            "created_time": "2024-06-28T22:52:21.999082Z",
            "yes_price": 1,
            "no_price": 99,
            "taker_side": "no"
        },
        {
            "trade_id": "064abd69-e17a-49ae-a714-1e8b05c37a89",
            "ticker": "HIGHCHI-24JUN28-B80.5",
            "count": 4,
            "created_time": "2024-06-28T22:52:21.996918Z",
            "yes_price": 1,
            "no_price": 99,
            "taker_side": "no"
        },
        {
            "trade_id": "cda6df55-a978-44f5-84ce-fb1440d148cb",
            "ticker": "HIGHCHI-24JUN28-B80.5",
            "count": 8,
            "created_time": "2024-06-28T22:51:24.211572Z",
            "yes_price": 1,
            "no_price": 99,
            "taker_side": "no"
        },
        {
            "trade_id": "3f4da1b0-bd80-4152-af61-5fc6169a3d88",
            "ticker": "HIGHCHI-24JUN28-B80.5",
            "count": 8,
            "created_time": "2024-06-28T22:51:24.176878Z",
            "yes_price": 1,
            "no_price": 99,
            "taker_side": "no"
        },
        {
            "trade_id": "62460e18-ce89-4fbb-87e7-f32d7c253f67",
            "ticker": "HIGHCHI-24JUN28-B80.5",
            "count": 121,
            "created_time": "2024-06-28T22:45:53.177879Z",
            "yes_price": 1,
            "no_price": 99,
            "taker_side": "no"
        },
        {
            "trade_id": "376dd5eb-4e96-4166-93c0-17f4a77bff86",
            "ticker": "HIGHCHI-24JUN28-B80.5",
            "count": 58,
            "created_time": "2024-06-28T22:11:07.715483Z",
            "yes_price": 1,
            "no_price": 99,
            "taker_side": "no"
        },
        {
            "trade_id": "17ddc4dc-4251-4ba5-9162-5dce05af3d5e",
            "ticker": "HIGHCHI-24JUN28-B80.5",
            "count": 1,
            "created_time": "2024-06-28T20:20:59.038899Z",
            "yes_price": 5,
            "no_price": 95,
            "taker_side": "no"
        },
        {
            "trade_id": "7ffd2f87-16bb-47b5-b5b9-4c86c0f0bc35",
            "ticker": "HIGHCHI-24JUN28-B80.5",
            "count": 128,
            "created_time": "2024-06-28T20:01:03.715318Z",
            "yes_price": 5,
            "no_price": 95,
            "taker_side": "no"
        },
        {
            "trade_id": "22aae206-f5ce-4b51-a0c7-434750630821",
            "ticker": "HIGHCHI-24JUN28-B80.5",
            "count": 1,
            "created_time": "2024-06-28T20:01:03.715318Z",
            "yes_price": 6,
            "no_price": 94,
            "taker_side": "no"
        },
        {
            "trade_id": "5cce2f4a-24a2-4579-acd3-426f09e4cb8e",
            "ticker": "HIGHCHI-24JUN28-B80.5",
            "count": 11,
            "created_time": "2024-06-28T18:15:02.869482Z",
            "yes_price": 10,
            "no_price": 90,
            "taker_side": "no"
        },
        {
            "trade_id": "740c3b41-288a-4993-9dca-80d878d91a67",
            "ticker": "HIGHCHI-24JUN28-B80.5",
            "count": 25,
            "created_time": "2024-06-28T17:10:59.215566Z",
            "yes_price": 12,
            "no_price": 88,
            "taker_side": "no"
        },
        {
            "trade_id": "19e1606c-8b18-4b62-a3d5-4e2bc43db1a5",
            "ticker": "HIGHCHI-24JUN28-B80.5",
            "count": 60,
            "created_time": "2024-06-28T17:10:29.846858Z",
            "yes_price": 13,
            "no_price": 87,
            "taker_side": "no"
        },
        {
            "trade_id": "2d45bb80-1485-43f1-9295-ab404b49539d",
            "ticker": "HIGHCHI-24JUN28-B80.5",
            "count": 1,
            "created_time": "2024-06-28T17:08:03.906923Z",
            "yes_price": 15,
            "no_price": 85,
            "taker_side": "no"
        },
        {
            "trade_id": "70696c04-4125-4f70-ba42-4a709f0842f5",
            "ticker": "HIGHCHI-24JUN28-B80.5",
            "count": 15,
            "created_time": "2024-06-28T17:05:37.085221Z",
            "yes_price": 16,
            "no_price": 84,
            "taker_side": "no"
        },
        {
            "trade_id": "9cfc42c6-db2d-471c-8e26-ea1a84e1fd6e",
            "ticker": "HIGHCHI-24JUN28-B80.5",
            "count": 15,
            "created_time": "2024-06-28T17:01:21.202922Z",
            "yes_price": 18,
            "no_price": 82,
            "taker_side": "no"
        },
        {
            "trade_id": "74d8e017-f5b0-4997-96e9-d0f9897d3254",
            "ticker": "HIGHCHI-24JUN28-B80.5",
            "count": 10,
            "created_time": "2024-06-28T16:39:45.91677Z",
            "yes_price": 24,
            "no_price": 76,
            "taker_side": "no"
        },
        {
            "trade_id": "e0046ac4-5fd8-40fb-94cf-f6d70b503c20",
            "ticker": "HIGHCHI-24JUN28-B80.5",
            "count": 150,
            "created_time": "2024-06-28T16:39:32.137775Z",
            "yes_price": 25,
            "no_price": 75,
            "taker_side": "no"
        },
        {
            "trade_id": "7adf4a92-a997-4871-961f-8076e4bf6d53",
            "ticker": "HIGHCHI-24JUN28-B80.5",
            "count": 97,
            "created_time": "2024-06-28T16:39:32.137775Z",
            "yes_price": 5,
            "no_price": 95,
            "taker_side": "no"
        },
        {
            "trade_id": "2ad40b55-10e0-4d29-bd30-a7788bf486e2",
            "ticker": "HIGHCHI-24JUN28-B80.5",
            "count": 150,
            "created_time": "2024-06-28T16:39:32.137775Z",
            "yes_price": 27,
            "no_price": 73,
            "taker_side": "no"
        },
        {
            "trade_id": "b277f9a1-7b6d-4762-96cb-776dd4ee4510",
            "ticker": "HIGHCHI-24JUN28-B80.5",
            "count": 15,
            "created_time": "2024-06-28T16:39:28.718759Z",
            "yes_price": 28,
            "no_price": 72,
            "taker_side": "no"
        },
        {
            "trade_id": "ccff13fb-d134-44d7-837b-19d4062f1384",
            "ticker": "HIGHCHI-24JUN28-B80.5",
            "count": 15,
            "created_time": "2024-06-28T16:30:29.421215Z",
            "yes_price": 32,
            "no_price": 68,
            "taker_side": "no"
        },
        {
            "trade_id": "2e389a08-b856-44a9-9174-1b98fea1ce30",
            "ticker": "HIGHCHI-24JUN28-B80.5",
            "count": 150,
            "created_time": "2024-06-28T16:30:29.421215Z",
            "yes_price": 30,
            "no_price": 70,
            "taker_side": "no"
        },
        {
            "trade_id": "619e06fb-cc10-44eb-be01-1d02af59843e",
            "ticker": "HIGHCHI-24JUN28-B80.5",
            "count": 5,
            "created_time": "2024-06-28T16:12:06.093198Z",
            "yes_price": 50,
            "no_price": 50,
            "taker_side": "yes"
        },
        {
            "trade_id": "4e27c735-e86a-45dc-8a10-64afd46da8c2",
            "ticker": "HIGHCHI-24JUN28-B80.5",
            "count": 15,
            "created_time": "2024-06-28T16:12:06.093198Z",
            "yes_price": 47,
            "no_price": 53,
            "taker_side": "yes"
        },
        {
            "trade_id": "b76ce21e-ba03-44f0-9d19-a93c32b28d4c",
            "ticker": "HIGHCHI-24JUN28-B80.5",
            "count": 5,
            "created_time": "2024-06-28T15:57:55.417385Z",
            "yes_price": 20,
            "no_price": 80,
            "taker_side": "no"
        },
        {
            "trade_id": "3cbb9e20-32ae-4874-8568-b2e550adfa95",
            "ticker": "HIGHCHI-24JUN28-B80.5",
            "count": 9,
            "created_time": "2024-06-28T15:28:45.998038Z",
            "yes_price": 39,
            "no_price": 61,
            "taker_side": "no"
        },
        {
            "trade_id": "9aa40a46-9c33-4fe0-8e67-823899c5bc93",
            "ticker": "HIGHCHI-24JUN28-B80.5",
            "count": 3,
            "created_time": "2024-06-28T15:09:16.917255Z",
            "yes_price": 20,
            "no_price": 80,
            "taker_side": "no"
        },
        {
            "trade_id": "e0a01fac-28ae-4b4e-b37b-c2f7e8aa170b",
            "ticker": "HIGHCHI-24JUN28-B80.5",
            "count": 15,
            "created_time": "2024-06-28T15:00:36.016466Z",
            "yes_price": 20,
            "no_price": 80,
            "taker_side": "no"
        },
        {
            "trade_id": "5f0540b6-2d9b-4b34-9ec9-289622baff4b",
            "ticker": "HIGHCHI-24JUN28-B80.5",
            "count": 45,
            "created_time": "2024-06-28T14:57:05.486972Z",
            "yes_price": 20,
            "no_price": 80,
            "taker_side": "no"
        },
        {
            "trade_id": "e2e993bc-1f1e-421a-8837-8460e3dc34f5",
            "ticker": "HIGHCHI-24JUN28-B80.5",
            "count": 15,
            "created_time": "2024-06-28T14:48:28.216254Z",
            "yes_price": 20,
            "no_price": 80,
            "taker_side": "no"
        },
        {
            "trade_id": "9758340c-8567-4149-b021-5a538d57a571",
            "ticker": "HIGHCHI-24JUN28-B80.5",
            "count": 30,
            "created_time": "2024-06-28T14:44:34.46054Z",
            "yes_price": 20,
            "no_price": 80,
            "taker_side": "no"
        },
        {
            "trade_id": "8547b46c-3410-40a9-bd20-839a04e16c26",
            "ticker": "HIGHCHI-24JUN28-B80.5",
            "count": 28,
            "created_time": "2024-06-28T14:38:22.261651Z",
            "yes_price": 20,
            "no_price": 80,
            "taker_side": "no"
        },
        {
            "trade_id": "72fdc8a9-c0d3-4871-85c1-aca7d4dbf31a",
            "ticker": "HIGHCHI-24JUN28-B80.5",
            "count": 10,
            "created_time": "2024-06-28T14:29:58.20211Z",
            "yes_price": 21,
            "no_price": 79,
            "taker_side": "yes"
        },
        {
            "trade_id": "90a16fac-1f4f-4645-a5ec-50e329324fee",
            "ticker": "HIGHCHI-24JUN28-B80.5",
            "count": 30,
            "created_time": "2024-06-28T14:24:23.132678Z",
            "yes_price": 20,
            "no_price": 80,
            "taker_side": "no"
        },
        {
            "trade_id": "e214cd69-62c2-4a34-aea6-cd3af7f2cc64",
            "ticker": "HIGHCHI-24JUN28-B80.5",
            "count": 79,
            "created_time": "2024-06-28T14:18:36.718667Z",
            "yes_price": 20,
            "no_price": 80,
            "taker_side": "no"
        },
        {
            "trade_id": "f329422c-fff4-473c-befb-50b1505bc745",
            "ticker": "HIGHCHI-24JUN28-B80.5",
            "count": 60,
            "created_time": "2024-06-28T13:56:12.31601Z",
            "yes_price": 21,
            "no_price": 79,
            "taker_side": "no"
        },
        {
            "trade_id": "137454cc-0769-49ca-a906-1044ee571528",
            "ticker": "HIGHCHI-24JUN28-B80.5",
            "count": 15,
            "created_time": "2024-06-28T12:36:11.238204Z",
            "yes_price": 24,
            "no_price": 76,
            "taker_side": "no"
        },
        {
            "trade_id": "5052dd0e-96f5-4e3b-b069-ef5b0b488348",
            "ticker": "HIGHCHI-24JUN28-B80.5",
            "count": 30,
            "created_time": "2024-06-28T12:35:04.719902Z",
            "yes_price": 24,
            "no_price": 76,
            "taker_side": "no"
        },
        {
            "trade_id": "99c952cf-087d-40eb-b88a-9f52c152beb5",
            "ticker": "HIGHCHI-24JUN28-B80.5",
            "count": 15,
            "created_time": "2024-06-28T12:32:20.263083Z",
            "yes_price": 24,
            "no_price": 76,
            "taker_side": "no"
        },
        {
            "trade_id": "ad98e69c-531a-4398-bd7d-d639155886e9",
            "ticker": "HIGHCHI-24JUN28-B80.5",
            "count": 30,
            "created_time": "2024-06-28T12:29:47.519601Z",
            "yes_price": 24,
            "no_price": 76,
            "taker_side": "no"
        },
        {
            "trade_id": "e415538d-3fc8-4df7-aeed-e101396b7959",
            "ticker": "HIGHCHI-24JUN28-B80.5",
            "count": 15,
            "created_time": "2024-06-28T12:28:17.765068Z",
            "yes_price": 24,
            "no_price": 76,
            "taker_side": "no"
        },
        {
            "trade_id": "ead9fd67-9ea7-4c37-97ae-2839888c1140",
            "ticker": "HIGHCHI-24JUN28-B80.5",
            "count": 15,
            "created_time": "2024-06-28T12:27:23.309562Z",
            "yes_price": 24,
            "no_price": 76,
            "taker_side": "no"
        },
        {
            "trade_id": "bcd08fe5-dea4-47bd-a9bb-1eba7633de23",
            "ticker": "HIGHCHI-24JUN28-B80.5",
            "count": 30,
            "created_time": "2024-06-28T12:26:06.814886Z",
            "yes_price": 24,
            "no_price": 76,
            "taker_side": "no"
        },
        {
            "trade_id": "2eebb242-b514-47b2-821c-f5f157bb4ba9",
            "ticker": "HIGHCHI-24JUN28-B80.5",
            "count": 3,
            "created_time": "2024-06-28T12:17:53.065079Z",
            "yes_price": 23,
            "no_price": 77,
            "taker_side": "no"
        },
        {
            "trade_id": "6c3582be-94b7-4b1d-b31c-818d4fcec51d",
            "ticker": "HIGHCHI-24JUN28-B80.5",
            "count": 15,
            "created_time": "2024-06-28T12:00:38.869893Z",
            "yes_price": 24,
            "no_price": 76,
            "taker_side": "no"
        },
        {
            "trade_id": "e537b7f8-eed5-46ab-b689-2fcf9a2a5266",
            "ticker": "HIGHCHI-24JUN28-B80.5",
            "count": 18,
            "created_time": "2024-06-28T02:41:51.284192Z",
            "yes_price": 29,
            "no_price": 71,
            "taker_side": "yes"
        },
        {
            "trade_id": "06f5ae1a-edf5-440d-bcf5-02f889eb99ae",
            "ticker": "HIGHCHI-24JUN28-B80.5",
            "count": 15,
            "created_time": "2024-06-28T02:41:51.284192Z",
            "yes_price": 27,
            "no_price": 73,
            "taker_side": "yes"
        },
        {
            "trade_id": "b0fb5e50-11c5-4db6-b0f4-e6adbd49b30a",
            "ticker": "HIGHCHI-24JUN28-B80.5",
            "count": 90,
            "created_time": "2024-06-28T02:35:53.658627Z",
            "yes_price": 22,
            "no_price": 78,
            "taker_side": "no"
        },
        {
            "trade_id": "539261f4-1e7d-424b-b516-78dcb02be052",
            "ticker": "HIGHCHI-24JUN28-B80.5",
            "count": 90,
            "created_time": "2024-06-28T02:35:32.990471Z",
            "yes_price": 23,
            "no_price": 77,
            "taker_side": "no"
        },
        {
            "trade_id": "464adb3c-6f16-49cb-8ab0-a1006e667f30",
            "ticker": "HIGHCHI-24JUN28-B80.5",
            "count": 90,
            "created_time": "2024-06-28T02:35:14.492523Z",
            "yes_price": 24,
            "no_price": 76,
            "taker_side": "no"
        },
        {
            "trade_id": "a43ed8fe-2069-4674-b409-45d935123a04",
            "ticker": "HIGHCHI-24JUN28-B80.5",
            "count": 4,
            "created_time": "2024-06-27T22:23:43.264577Z",
            "yes_price": 27,
            "no_price": 73,
            "taker_side": "yes"
        },
        {
            "trade_id": "6266a02f-2587-4b75-8569-504d82d43fc1",
            "ticker": "HIGHCHI-24JUN28-B80.5",
            "count": 75,
            "created_time": "2024-06-27T22:23:43.264577Z",
            "yes_price": 28,
            "no_price": 72,
            "taker_side": "yes"
        },
        {
            "trade_id": "281e92a1-34be-47c1-ba9e-960b010aa6d3",
            "ticker": "HIGHCHI-24JUN28-B80.5",
            "count": 4,
            "created_time": "2024-06-27T21:41:04.626641Z",
            "yes_price": 23,
            "no_price": 77,
            "taker_side": "no"
        },
        {
            "trade_id": "1c175660-0562-4648-b5ce-01758f945540",
            "ticker": "HIGHCHI-24JUN28-B80.5",
            "count": 1,
            "created_time": "2024-06-27T21:39:13.201627Z",
            "yes_price": 23,
            "no_price": 77,
            "taker_side": "no"
        },
        {
            "trade_id": "128d87a8-7742-4969-bf62-1dfd641d1b6a",
            "ticker": "HIGHCHI-24JUN28-B80.5",
            "count": 26,
            "created_time": "2024-06-27T19:55:31.727007Z",
            "yes_price": 22,
            "no_price": 78,
            "taker_side": "yes"
        },
        {
            "trade_id": "d68dcccf-d958-47dc-b07a-7314bc182a7a",
            "ticker": "HIGHCHI-24JUN28-B80.5",
            "count": 1,
            "created_time": "2024-06-27T18:35:11.959841Z",
            "yes_price": 22,
            "no_price": 78,
            "taker_side": "yes"
        },
        {
            "trade_id": "484cb8e3-14a8-4a97-9908-f29f2b8bb808",
            "ticker": "HIGHCHI-24JUN28-B80.5",
            "count": 3,
            "created_time": "2024-06-27T18:32:38.24824Z",
            "yes_price": 22,
            "no_price": 78,
            "taker_side": "no"
        },
        {
            "trade_id": "4e64b56c-a433-4b34-9884-c4d6db1b6e0e",
            "ticker": "HIGHCHI-24JUN28-B80.5",
            "count": 10,
            "created_time": "2024-06-27T17:20:35.902072Z",
            "yes_price": 22,
            "no_price": 78,
            "taker_side": "yes"
        },
        {
            "trade_id": "2f50248a-037e-4bbd-8c75-64ceb0d61acf",
            "ticker": "HIGHCHI-24JUN28-B80.5",
            "count": 4,
            "created_time": "2024-06-27T15:20:43.644234Z",
            "yes_price": 17,
            "no_price": 83,
            "taker_side": "yes"
        },
        {
            "trade_id": "27e4701a-3231-4b0f-9b70-d5cdf8bc626b",
            "ticker": "HIGHCHI-24JUN28-B80.5",
            "count": 20,
            "created_time": "2024-06-27T14:44:31.034191Z",
            "yes_price": 13,
            "no_price": 87,
            "taker_side": "no"
        }
    ],
    "HIGHCHI-24JUN28-B82.5": [
        {
            "trade_id": "62cfe62b-ceca-4233-b006-d260d2f9ddb0",
            "ticker": "HIGHCHI-24JUN28-B82.5",
            "count": 414,
            "created_time": "2024-06-29T03:54:58.547362Z",
            "yes_price": 1,
            "no_price": 99,
            "taker_side": "no"
        },
        {
            "trade_id": "936da432-3a8d-4bb7-96cc-a2bef308a097",
            "ticker": "HIGHCHI-24JUN28-B82.5",
            "count": 110,
            "created_time": "2024-06-29T03:42:05.145152Z",
            "yes_price": 1,
            "no_price": 99,
            "taker_side": "no"
        },
        {
            "trade_id": "35feb0f1-0a88-49dd-9e2d-079c6ac63c00",
            "ticker": "HIGHCHI-24JUN28-B82.5",
            "count": 167,
            "created_time": "2024-06-29T03:30:48.441283Z",
            "yes_price": 1,
            "no_price": 99,
            "taker_side": "no"
        },
        {
            "trade_id": "0f47abae-10c3-4b3c-a54d-4169670ffa4d",
            "ticker": "HIGHCHI-24JUN28-B82.5",
            "count": 353,
            "created_time": "2024-06-28T17:49:53.219491Z",
            "yes_price": 3,
            "no_price": 97,
            "taker_side": "no"
        },
        {
            "trade_id": "1ec61eee-c639-4744-98e3-b9510bafd98e",
            "ticker": "HIGHCHI-24JUN28-B82.5",
            "count": 25,
            "created_time": "2024-06-28T17:10:59.214393Z",
            "yes_price": 3,
            "no_price": 97,
            "taker_side": "no"
        },
        {
            "trade_id": "67e2d414-3efe-4d55-bbd3-41a034ba1b5a",
            "ticker": "HIGHCHI-24JUN28-B82.5",
            "count": 60,
            "created_time": "2024-06-28T17:10:29.845547Z",
            "yes_price": 3,
            "no_price": 97,
            "taker_side": "no"
        },
        {
            "trade_id": "d644f148-0f6f-43ec-883c-886186f50286",
            "ticker": "HIGHCHI-24JUN28-B82.5",
            "count": 1,
            "created_time": "2024-06-28T17:08:03.918562Z",
            "yes_price": 3,
            "no_price": 97,
            "taker_side": "no"
        },
        {
            "trade_id": "420ef100-7e4e-42db-9bd3-f92caa5bb080",
            "ticker": "HIGHCHI-24JUN28-B82.5",
            "count": 15,
            "created_time": "2024-06-28T17:05:37.081956Z",
            "yes_price": 3,
            "no_price": 97,
            "taker_side": "no"
        },
        {
            "trade_id": "d18d13a3-19ab-4d41-876f-eb6c78e76d8a",
            "ticker": "HIGHCHI-24JUN28-B82.5",
            "count": 15,
            "created_time": "2024-06-28T17:01:21.214314Z",
            "yes_price": 3,
            "no_price": 97,
            "taker_side": "no"
        },
        {
            "trade_id": "2e1c6850-8d20-4128-ac0b-43eaf60b7f77",
            "ticker": "HIGHCHI-24JUN28-B82.5",
            "count": 175,
            "created_time": "2024-06-28T16:59:04.413361Z",
            "yes_price": 4,
            "no_price": 96,
            "taker_side": "no"
        },
        {
            "trade_id": "9feb98b9-22c2-4fbb-ac35-a0c5335febd9",
            "ticker": "HIGHCHI-24JUN28-B82.5",
            "count": 10,
            "created_time": "2024-06-28T16:39:45.928189Z",
            "yes_price": 4,
            "no_price": 96,
            "taker_side": "no"
        },
        {
            "trade_id": "6c110407-fc20-45ee-a1e6-1d391afb923b",
            "ticker": "HIGHCHI-24JUN28-B82.5",
            "count": 15,
            "created_time": "2024-06-28T16:39:28.735239Z",
            "yes_price": 4,
            "no_price": 96,
            "taker_side": "no"
        },
        {
            "trade_id": "fd43f2b4-ed79-4a9b-9a80-ecb7728eb82b",
            "ticker": "HIGHCHI-24JUN28-B82.5",
            "count": 9,
            "created_time": "2024-06-28T15:28:45.979096Z",
            "yes_price": 8,
            "no_price": 92,
            "taker_side": "no"
        },
        {
            "trade_id": "eaf68698-916a-4124-9ad5-75e90936265e",
            "ticker": "HIGHCHI-24JUN28-B82.5",
            "count": 3,
            "created_time": "2024-06-28T15:09:16.916916Z",
            "yes_price": 3,
            "no_price": 97,
            "taker_side": "no"
        },
        {
            "trade_id": "1c3cad38-8242-41f1-90b5-bd2907c15f81",
            "ticker": "HIGHCHI-24JUN28-B82.5",
            "count": 28,
            "created_time": "2024-06-28T14:38:22.264195Z",
            "yes_price": 3,
            "no_price": 97,
            "taker_side": "no"
        },
        {
            "trade_id": "38429185-cd10-4e3d-a385-1c0b96acbc1e",
            "ticker": "HIGHCHI-24JUN28-B82.5",
            "count": 30,
            "created_time": "2024-06-28T14:24:23.189703Z",
            "yes_price": 3,
            "no_price": 97,
            "taker_side": "no"
        },
        {
            "trade_id": "8e67f1ac-9600-4b3d-8d5d-084077591511",
            "ticker": "HIGHCHI-24JUN28-B82.5",
            "count": 60,
            "created_time": "2024-06-28T13:56:12.298909Z",
            "yes_price": 3,
            "no_price": 97,
            "taker_side": "no"
        },
        {
            "trade_id": "e160408b-8912-4139-9767-203bbef62ee4",
            "ticker": "HIGHCHI-24JUN28-B82.5",
            "count": 27,
            "created_time": "2024-06-28T03:10:02.352355Z",
            "yes_price": 35,
            "no_price": 65,
            "taker_side": "yes"
        },
        {
            "trade_id": "8969410d-fef3-4ba1-92d9-a61d17831785",
            "ticker": "HIGHCHI-24JUN28-B82.5",
            "count": 15,
            "created_time": "2024-06-28T02:41:31.800202Z",
            "yes_price": 34,
            "no_price": 66,
            "taker_side": "yes"
        },
        {
            "trade_id": "1d620e4d-c64f-4cf8-a434-86ad1c67d9a8",
            "ticker": "HIGHCHI-24JUN28-B82.5",
            "count": 12,
            "created_time": "2024-06-28T02:41:31.800202Z",
            "yes_price": 36,
            "no_price": 64,
            "taker_side": "yes"
        },
        {
            "trade_id": "97284578-c82e-4859-97d1-5ba5484189ba",
            "ticker": "HIGHCHI-24JUN28-B82.5",
            "count": 4,
            "created_time": "2024-06-27T21:40:58.433169Z",
            "yes_price": 27,
            "no_price": 73,
            "taker_side": "no"
        },
        {
            "trade_id": "aa4025f7-6e43-4b93-8498-d75eefec25bb",
            "ticker": "HIGHCHI-24JUN28-B82.5",
            "count": 1,
            "created_time": "2024-06-27T21:39:18.328789Z",
            "yes_price": 27,
            "no_price": 73,
            "taker_side": "no"
        },
        {
            "trade_id": "e675fc41-8199-4e83-ab89-aa046056cf21",
            "ticker": "HIGHCHI-24JUN28-B82.5",
            "count": 4,
            "created_time": "2024-06-27T19:55:56.205927Z",
            "yes_price": 29,
            "no_price": 71,
            "taker_side": "yes"
        },
        {
            "trade_id": "56601dd2-07a7-452e-84f9-b517c98b247c",
            "ticker": "HIGHCHI-24JUN28-B82.5",
            "count": 10,
            "created_time": "2024-06-27T19:55:56.205927Z",
            "yes_price": 29,
            "no_price": 71,
            "taker_side": "yes"
        }
    ],
    "HIGHCHI-24JUN28-B84.5": [
        {
            "trade_id": "47477b6d-76b6-4c8e-89e2-b5038cc3d55e",
            "ticker": "HIGHCHI-24JUN28-B84.5",
            "count": 50,
            "created_time": "2024-06-28T17:22:10.765981Z",
            "yes_price": 1,
            "no_price": 99,
            "taker_side": "no"
        },
        {
            "trade_id": "6e5ef8cf-52e9-40e8-acbf-870084ad040c",
            "ticker": "HIGHCHI-24JUN28-B84.5",
            "count": 25,
            "created_time": "2024-06-28T17:10:59.227001Z",
            "yes_price": 1,
            "no_price": 99,
            "taker_side": "no"
        },
        {
            "trade_id": "1b3d8742-17c2-488c-888a-22203baf7933",
            "ticker": "HIGHCHI-24JUN28-B84.5",
            "count": 60,
            "created_time": "2024-06-28T17:10:29.845988Z",
            "yes_price": 1,
            "no_price": 99,
            "taker_side": "no"
        },
        {
            "trade_id": "74a899a2-0297-4f7e-aef0-a58b981b944d",
            "ticker": "HIGHCHI-24JUN28-B84.5",
            "count": 1,
            "created_time": "2024-06-28T17:08:03.917626Z",
            "yes_price": 1,
            "no_price": 99,
            "taker_side": "no"
        },
        {
            "trade_id": "33bc7aa2-4abd-4e50-b34a-e94f7042628b",
            "ticker": "HIGHCHI-24JUN28-B84.5",
            "count": 15,
            "created_time": "2024-06-28T17:05:37.08339Z",
            "yes_price": 1,
            "no_price": 99,
            "taker_side": "no"
        },
        {
            "trade_id": "8cc9e4b9-8440-4895-8a51-e2d939e61c89",
            "ticker": "HIGHCHI-24JUN28-B84.5",
            "count": 15,
            "created_time": "2024-06-28T17:01:21.213519Z",
            "yes_price": 1,
            "no_price": 99,
            "taker_side": "no"
        },
        {
            "trade_id": "93a1efc8-b947-4b50-b519-402365c34ee7",
            "ticker": "HIGHCHI-24JUN28-B84.5",
            "count": 10,
            "created_time": "2024-06-28T16:39:45.927513Z",
            "yes_price": 1,
            "no_price": 99,
            "taker_side": "no"
        },
        {
            "trade_id": "d9b68ef4-a57f-4be0-b240-454d7127025f",
            "ticker": "HIGHCHI-24JUN28-B84.5",
            "count": 15,
            "created_time": "2024-06-28T16:39:28.733801Z",
            "yes_price": 1,
            "no_price": 99,
            "taker_side": "no"
        },
        {
            "trade_id": "c2dca5f9-33c6-4c17-971e-c1dd6351e67f",
            "ticker": "HIGHCHI-24JUN28-B84.5",
            "count": 9,
            "created_time": "2024-06-28T15:28:45.997419Z",
            "yes_price": 1,
            "no_price": 99,
            "taker_side": "no"
        },
        {
            "trade_id": "2a966fb6-aaf8-4c2f-8064-c7be63add3d8",
            "ticker": "HIGHCHI-24JUN28-B84.5",
            "count": 30,
            "created_time": "2024-06-28T14:24:23.170591Z",
            "yes_price": 3,
            "no_price": 97,
            "taker_side": "no"
        },
        {
            "trade_id": "d59801b3-a87b-4d77-b69f-7c5bbd9eb7a1",
            "ticker": "HIGHCHI-24JUN28-B84.5",
            "count": 60,
            "created_time": "2024-06-28T13:56:12.300138Z",
            "yes_price": 3,
            "no_price": 97,
            "taker_side": "no"
        },
        {
            "trade_id": "0d9e8165-851e-4fa5-b879-80a07ef0504e",
            "ticker": "HIGHCHI-24JUN28-B84.5",
            "count": 15,
            "created_time": "2024-06-28T12:00:38.879842Z",
            "yes_price": 15,
            "no_price": 85,
            "taker_side": "no"
        },
        {
            "trade_id": "af3ab7b3-e0cf-4c2d-a2f5-7ec17071d370",
            "ticker": "HIGHCHI-24JUN28-B84.5",
            "count": 24,
            "created_time": "2024-06-28T01:53:42.669204Z",
            "yes_price": 19,
            "no_price": 81,
            "taker_side": "no"
        },
        {
            "trade_id": "511365dd-c1d0-4425-9d1e-027a93b725f5",
            "ticker": "HIGHCHI-24JUN28-B84.5",
            "count": 15,
            "created_time": "2024-06-27T23:10:28.295256Z",
            "yes_price": 31,
            "no_price": 69,
            "taker_side": "yes"
        },
        {
            "trade_id": "7e944b99-7eae-4daf-985f-855788b733df",
            "ticker": "HIGHCHI-24JUN28-B84.5",
            "count": 3,
            "created_time": "2024-06-27T21:40:50.838484Z",
            "yes_price": 19,
            "no_price": 81,
            "taker_side": "no"
        },
        {
            "trade_id": "e078d2a0-2573-4e13-a995-1ac9af17a703",
            "ticker": "HIGHCHI-24JUN28-B84.5",
            "count": 1,
            "created_time": "2024-06-27T21:39:31.031225Z",
            "yes_price": 19,
            "no_price": 81,
            "taker_side": "no"
        },
        {
            "trade_id": "9254aff8-c73a-4368-8dc8-ac289e1e2632",
            "ticker": "HIGHCHI-24JUN28-B84.5",
            "count": 1,
            "created_time": "2024-06-27T21:39:24.997595Z",
            "yes_price": 19,
            "no_price": 81,
            "taker_side": "no"
        },
        {
            "trade_id": "83812bd0-4064-49c9-8810-1ffe4c2e2caa",
            "ticker": "HIGHCHI-24JUN28-B84.5",
            "count": 1,
            "created_time": "2024-06-27T18:35:12.836951Z",
            "yes_price": 24,
            "no_price": 76,
            "taker_side": "no"
        },
        {
            "trade_id": "b2fc54b8-b541-451a-8265-0a8bd4dad543",
            "ticker": "HIGHCHI-24JUN28-B84.5",
            "count": 55,
            "created_time": "2024-06-27T17:20:47.411778Z",
            "yes_price": 25,
            "no_price": 75,
            "taker_side": "no"
        },
        {
            "trade_id": "e9ccae06-42e1-48ae-9771-e20b7676ef14",
            "ticker": "HIGHCHI-24JUN28-B84.5",
            "count": 75,
            "created_time": "2024-06-27T17:20:35.974857Z",
            "yes_price": 25,
            "no_price": 75,
            "taker_side": "no"
        },
        {
            "trade_id": "d58d2ad4-8050-4abf-a7be-76ece3157056",
            "ticker": "HIGHCHI-24JUN28-B84.5",
            "count": 30,
            "created_time": "2024-06-27T15:36:26.89467Z",
            "yes_price": 25,
            "no_price": 75,
            "taker_side": "no"
        },
        {
            "trade_id": "d6b31587-5b99-4b07-838a-3d4342b18e77",
            "ticker": "HIGHCHI-24JUN28-B84.5",
            "count": 90,
            "created_time": "2024-06-27T15:32:50.948584Z",
            "yes_price": 25,
            "no_price": 75,
            "taker_side": "no"
        }
    ],
    "HIGHCHI-24JUN28-T85": [
        {
            "trade_id": "622abeed-6661-483f-a9fb-4296466e6873",
            "ticker": "HIGHCHI-24JUN28-T85",
            "count": 10,
            "created_time": "2024-06-28T16:39:45.92726Z",
            "yes_price": 1,
            "no_price": 99,
            "taker_side": "no"
        },
        {
            "trade_id": "1f747616-0ad1-484f-bb95-aee65aaa67f0",
            "ticker": "HIGHCHI-24JUN28-T85",
            "count": 15,
            "created_time": "2024-06-28T16:39:28.734887Z",
            "yes_price": 1,
            "no_price": 99,
            "taker_side": "no"
        },
        {
            "trade_id": "e956d497-0f87-4082-bef6-ea120b0f369a",
            "ticker": "HIGHCHI-24JUN28-T85",
            "count": 30,
            "created_time": "2024-06-28T14:24:23.190435Z",
            "yes_price": 1,
            "no_price": 99,
            "taker_side": "no"
        },
        {
            "trade_id": "f2edc160-d31b-4bfc-be8b-87110f7e90f0",
            "ticker": "HIGHCHI-24JUN28-T85",
            "count": 60,
            "created_time": "2024-06-28T13:56:12.301734Z",
            "yes_price": 1,
            "no_price": 99,
            "taker_side": "no"
        },
        {
            "trade_id": "0072de20-42b1-4f27-aa3f-860d3ff1cc24",
            "ticker": "HIGHCHI-24JUN28-T85",
            "count": 15,
            "created_time": "2024-06-28T12:00:38.879182Z",
            "yes_price": 3,
            "no_price": 97,
            "taker_side": "no"
        },
        {
            "trade_id": "ef00643e-1f0e-489a-9e35-94c8fe7c9c97",
            "ticker": "HIGHCHI-24JUN28-T85",
            "count": 90,
            "created_time": "2024-06-28T03:52:35.941725Z",
            "yes_price": 24,
            "no_price": 76,
            "taker_side": "yes"
        },
        {
            "trade_id": "e4cf35f0-a759-48b7-a2b0-da1a472842f2",
            "ticker": "HIGHCHI-24JUN28-T85",
            "count": 150,
            "created_time": "2024-06-28T03:52:35.941725Z",
            "yes_price": 26,
            "no_price": 74,
            "taker_side": "yes"
        },
        {
            "trade_id": "2e26a336-b6f2-4c00-b899-42b7a56e2b6c",
            "ticker": "HIGHCHI-24JUN28-T85",
            "count": 150,
            "created_time": "2024-06-28T03:52:35.941725Z",
            "yes_price": 28,
            "no_price": 72,
            "taker_side": "yes"
        },
        {
            "trade_id": "e3f317e8-d96e-43d7-b74c-08b3a0b401b2",
            "ticker": "HIGHCHI-24JUN28-T85",
            "count": 150,
            "created_time": "2024-06-28T03:49:01.594414Z",
            "yes_price": 25,
            "no_price": 75,
            "taker_side": "yes"
        },
        {
            "trade_id": "36bcc223-0ed2-4989-b7d3-434f88d54f64",
            "ticker": "HIGHCHI-24JUN28-T85",
            "count": 150,
            "created_time": "2024-06-28T03:49:01.594414Z",
            "yes_price": 27,
            "no_price": 73,
            "taker_side": "yes"
        },
        {
            "trade_id": "1aaf0211-6045-4ace-960c-187cd2556bc4",
            "ticker": "HIGHCHI-24JUN28-T85",
            "count": 90,
            "created_time": "2024-06-28T03:49:01.594414Z",
            "yes_price": 23,
            "no_price": 77,
            "taker_side": "yes"
        },
        {
            "trade_id": "fd549985-a75a-4946-b609-d3bfe39c06e4",
            "ticker": "HIGHCHI-24JUN28-T85",
            "count": 150,
            "created_time": "2024-06-28T03:48:50.811686Z",
            "yes_price": 21,
            "no_price": 79,
            "taker_side": "yes"
        },
        {
            "trade_id": "5308f8e7-f995-416e-885b-299c962493fc",
            "ticker": "HIGHCHI-24JUN28-T85",
            "count": 150,
            "created_time": "2024-06-28T03:48:50.811686Z",
            "yes_price": 22,
            "no_price": 78,
            "taker_side": "yes"
        },
        {
            "trade_id": "2d06c575-2723-4353-877e-70a1ba95a7e0",
            "ticker": "HIGHCHI-24JUN28-T85",
            "count": 30,
            "created_time": "2024-06-28T03:48:50.811686Z",
            "yes_price": 19,
            "no_price": 81,
            "taker_side": "yes"
        },
        {
            "trade_id": "5635347b-0880-4774-98da-d6fc67c6a8fc",
            "ticker": "HIGHCHI-24JUN28-T85",
            "count": 150,
            "created_time": "2024-06-27T21:14:24.510411Z",
            "yes_price": 1,
            "no_price": 99,
            "taker_side": "no"
        },
        {
            "trade_id": "16835413-00a5-4a05-a441-6db14baefe66",
            "ticker": "HIGHCHI-24JUN28-T85",
            "count": 1,
            "created_time": "2024-06-27T18:35:13.454885Z",
            "yes_price": 11,
            "no_price": 89,
            "taker_side": "no"
        },
        {
            "trade_id": "441ea2b6-59a3-4935-a946-d3bfbf3d7b96",
            "ticker": "HIGHCHI-24JUN28-T85",
            "count": 50,
            "created_time": "2024-06-27T15:20:43.532581Z",
            "yes_price": 21,
            "no_price": 79,
            "taker_side": "no"
        },
        {
            "trade_id": "b0536b39-f287-489e-8449-2d736a79c5c6",
            "ticker": "HIGHCHI-24JUN28-T85",
            "count": 10,
            "created_time": "2024-06-27T14:13:08.889376Z",
            "yes_price": 30,
            "no_price": 70,
            "taker_side": "no"
        },
        {
            "trade_id": "c946d81a-6dd3-4b44-8ecd-c9197cea5111",
            "ticker": "HIGHCHI-24JUN28-T85",
            "count": 90,
            "created_time": "2024-06-27T14:12:53.664446Z",
            "yes_price": 30,
            "no_price": 70,
            "taker_side": "no"
        },
        {
            "trade_id": "176fd2a8-2254-4e6b-b55d-8a234959d24c",
            "ticker": "HIGHCHI-24JUN28-T85",
            "count": 150,
            "created_time": "2024-06-27T14:12:53.642615Z",
            "yes_price": 30,
            "no_price": 70,
            "taker_side": "no"
        }
    ]
}