{
    "HIGHCHI-24JUL25-T76": [
        {
            "trade_id": "ae7e2d2e-6509-4ae6-89ea-708a2f24b43c",
            "ticker": "HIGHCHI-24JUL25-T76",
            "count": 935,
            "created_time": "2024-07-26T00:40:37.652003Z",
            "yes_price": 1,
            "no_price": 99,
            "taker_side": "yes"
        },
        {
            "trade_id": "030706d8-bb05-4187-aa2d-8db0a918be86",
            "ticker": "HIGHCHI-24JUL25-T76",
            "count": 1,
            "created_time": "2024-07-25T15:27:06.607479Z",
            "yes_price": 2,
            "no_price": 98,
            "taker_side": "yes"
        },
        {
            "trade_id": "fd46590c-ef0c-4335-beac-0482da8e020a",
            "ticker": "HIGHCHI-24JUL25-T76",
            "count": 24,
            "created_time": "2024-07-25T14:28:44.732478Z",
            "yes_price": 1,
            "no_price": 99,
            "taker_side": "yes"
        },
        {
            "trade_id": "6fcbcc3b-9629-457b-9b60-afcd7660e08b",
            "ticker": "HIGHCHI-24JUL25-T76",
            "count": 24,
            "created_time": "2024-07-25T14:28:44.732478Z",
            "yes_price": 1,
            "no_price": 99,
            "taker_side": "yes"
        },
        {
            "trade_id": "39d144d0-bd6b-4a18-8e7e-9997e1ac2306",
            "ticker": "HIGHCHI-24JUL25-T76",
            "count": 72,
            "created_time": "2024-07-25T14:28:44.732478Z",
            "yes_price": 1,
            "no_price": 99,
            "taker_side": "yes"
        },
        {
            "trade_id": "879f6083-9340-4cb5-9c9a-c8b8c8d92931",
            "ticker": "HIGHCHI-24JUL25-T76",
            "count": 47,
            "created_time": "2024-07-25T12:37:26.144513Z",
            "yes_price": 1,
            "no_price": 99,
            "taker_side": "no"
        },
        {
            "trade_id": "fce17e73-ffe5-4a43-a1eb-7814e741b7d6",
            "ticker": "HIGHCHI-24JUL25-T76",
            "count": 3,
            "created_time": "2024-07-25T12:02:52.766179Z",
            "yes_price": 1,
            "no_price": 99,
            "taker_side": "no"
        },
        {
            "trade_id": "e1990a3f-ef1c-466b-8f06-edb983f23afa",
            "ticker": "HIGHCHI-24JUL25-T76",
            "count": 30,
            "created_time": "2024-07-25T01:34:12.546275Z",
            "yes_price": 2,
            "no_price": 98,
            "taker_side": "yes"
        }
    ],
    "HIGHCHI-24JUL25-B76.5": [
        {
            "trade_id": "524215e1-b49b-41b3-970e-d870dc370530",
            "ticker": "HIGHCHI-24JUL25-B76.5",
            "count": 935,
            "created_time": "2024-07-26T01:01:06.715788Z",
            "yes_price": 1,
            "no_price": 99,
            "taker_side": "yes"
        },
        {
            "trade_id": "ab7e53dc-2830-473b-ae12-2400480c38d1",
            "ticker": "HIGHCHI-24JUL25-B76.5",
            "count": 200,
            "created_time": "2024-07-25T21:06:53.218213Z",
            "yes_price": 1,
            "no_price": 99,
            "taker_side": "yes"
        },
        {
            "trade_id": "8989ccce-a121-4b2f-bdae-9c38e8ade6cb",
            "ticker": "HIGHCHI-24JUL25-B76.5",
            "count": 5,
            "created_time": "2024-07-25T21:03:30.966367Z",
            "yes_price": 1,
            "no_price": 99,
            "taker_side": "yes"
        },
        {
            "trade_id": "fc6b1557-0d94-4723-9e01-16b2caf074e5",
            "ticker": "HIGHCHI-24JUL25-B76.5",
            "count": 80,
            "created_time": "2024-07-25T20:40:16.7905Z",
            "yes_price": 1,
            "no_price": 99,
            "taker_side": "yes"
        },
        {
            "trade_id": "2565b9ca-056d-4cc8-8698-f7cdf4ae7761",
            "ticker": "HIGHCHI-24JUL25-B76.5",
            "count": 34,
            "created_time": "2024-07-25T20:27:12.947443Z",
            "yes_price": 1,
            "no_price": 99,
            "taker_side": "yes"
        },
        {
            "trade_id": "7aefc429-8080-4569-9df1-37b46bb410e9",
            "ticker": "HIGHCHI-24JUL25-B76.5",
            "count": 5,
            "created_time": "2024-07-25T19:23:16.906927Z",
            "yes_price": 2,
            "no_price": 98,
            "taker_side": "no"
        },
        {
            "trade_id": "330f5076-e22d-4cf9-9269-36e4c87bc4c3",
            "ticker": "HIGHCHI-24JUL25-B76.5",
            "count": 50,
            "created_time": "2024-07-25T19:23:16.906927Z",
            "yes_price": 1,
            "no_price": 99,
            "taker_side": "no"
        },
        {
            "trade_id": "45510b4c-0410-49e7-8046-db28c437f9d0",
            "ticker": "HIGHCHI-24JUL25-B76.5",
            "count": 9,
            "created_time": "2024-07-25T14:57:53.646653Z",
            "yes_price": 28,
            "no_price": 72,
            "taker_side": "yes"
        },
        {
            "trade_id": "6a4353e8-532a-4ad7-af39-1c5475a0b2b8",
            "ticker": "HIGHCHI-24JUL25-B76.5",
            "count": 47,
            "created_time": "2024-07-25T14:56:37.640294Z",
            "yes_price": 26,
            "no_price": 74,
            "taker_side": "no"
        },
        {
            "trade_id": "6c22ab32-8fef-4a23-86c7-d7011ddaccbd",
            "ticker": "HIGHCHI-24JUL25-B76.5",
            "count": 36,
            "created_time": "2024-07-25T14:35:06.421482Z",
            "yes_price": 28,
            "no_price": 72,
            "taker_side": "no"
        },
        {
            "trade_id": "6f8cd1f2-8f07-469e-84f3-b5439579b402",
            "ticker": "HIGHCHI-24JUL25-B76.5",
            "count": 34,
            "created_time": "2024-07-25T14:20:22.11988Z",
            "yes_price": 32,
            "no_price": 68,
            "taker_side": "yes"
        },
        {
            "trade_id": "f85160ee-8cfe-458b-b562-1dd1e8254170",
            "ticker": "HIGHCHI-24JUL25-B76.5",
            "count": 34,
            "created_time": "2024-07-25T14:16:41.736036Z",
            "yes_price": 28,
            "no_price": 72,
            "taker_side": "no"
        },
        {
            "trade_id": "e8650e89-de95-473b-ba9f-997c8d97e33e",
            "ticker": "HIGHCHI-24JUL25-B76.5",
            "count": 26,
            "created_time": "2024-07-25T14:05:18.718502Z",
            "yes_price": 27,
            "no_price": 73,
            "taker_side": "no"
        },
        {
            "trade_id": "149e8739-726d-4d5b-8827-ea6f8a2028e6",
            "ticker": "HIGHCHI-24JUL25-B76.5",
            "count": 54,
            "created_time": "2024-07-25T14:05:18.718502Z",
            "yes_price": 28,
            "no_price": 72,
            "taker_side": "no"
        },
        {
            "trade_id": "f570ecc9-b4f5-4578-9004-43c7eab81d0b",
            "ticker": "HIGHCHI-24JUL25-B76.5",
            "count": 180,
            "created_time": "2024-07-25T13:59:43.280199Z",
            "yes_price": 27,
            "no_price": 73,
            "taker_side": "yes"
        },
        {
            "trade_id": "e8c05a80-6e80-4887-864b-f4fd474ca799",
            "ticker": "HIGHCHI-24JUL25-B76.5",
            "count": 162,
            "created_time": "2024-07-25T13:59:43.280199Z",
            "yes_price": 29,
            "no_price": 71,
            "taker_side": "yes"
        },
        {
            "trade_id": "93a48a6e-47cf-44e8-a569-636d52c8d074",
            "ticker": "HIGHCHI-24JUL25-B76.5",
            "count": 126,
            "created_time": "2024-07-25T13:59:43.280199Z",
            "yes_price": 25,
            "no_price": 75,
            "taker_side": "yes"
        },
        {
            "trade_id": "0bc2d4d9-fe3a-4dc1-91ea-32630643c8d6",
            "ticker": "HIGHCHI-24JUL25-B76.5",
            "count": 11,
            "created_time": "2024-07-25T13:25:00.041096Z",
            "yes_price": 23,
            "no_price": 77,
            "taker_side": "yes"
        },
        {
            "trade_id": "0ee11d8c-0aa4-4c93-b78e-39053291c4c3",
            "ticker": "HIGHCHI-24JUL25-B76.5",
            "count": 36,
            "created_time": "2024-07-25T13:24:26.832712Z",
            "yes_price": 23,
            "no_price": 77,
            "taker_side": "yes"
        },
        {
            "trade_id": "e5c28740-f8cd-4cb1-bfe7-c50834ec11ef",
            "ticker": "HIGHCHI-24JUL25-B76.5",
            "count": 24,
            "created_time": "2024-07-25T13:08:41.81845Z",
            "yes_price": 21,
            "no_price": 79,
            "taker_side": "yes"
        },
        {
            "trade_id": "d173f2e1-26fa-4576-bf84-43edc3756acd",
            "ticker": "HIGHCHI-24JUL25-B76.5",
            "count": 131,
            "created_time": "2024-07-25T13:08:41.81845Z",
            "yes_price": 21,
            "no_price": 79,
            "taker_side": "yes"
        },
        {
            "trade_id": "34b04e68-efeb-462d-935c-991a98f2048f",
            "ticker": "HIGHCHI-24JUL25-B76.5",
            "count": 180,
            "created_time": "2024-07-25T13:08:41.81845Z",
            "yes_price": 20,
            "no_price": 80,
            "taker_side": "yes"
        },
        {
            "trade_id": "16fef503-63bc-43b7-ac39-8eb43494d030",
            "ticker": "HIGHCHI-24JUL25-B76.5",
            "count": 144,
            "created_time": "2024-07-25T13:08:41.81845Z",
            "yes_price": 18,
            "no_price": 82,
            "taker_side": "yes"
        },
        {
            "trade_id": "655594e4-2076-4fed-ad4d-440588e9a029",
            "ticker": "HIGHCHI-24JUL25-B76.5",
            "count": 16,
            "created_time": "2024-07-25T12:05:37.910426Z",
            "yes_price": 17,
            "no_price": 83,
            "taker_side": "yes"
        },
        {
            "trade_id": "87d4c530-ae6a-4780-b8c1-24379517e0fd",
            "ticker": "HIGHCHI-24JUL25-B76.5",
            "count": 1,
            "created_time": "2024-07-25T02:39:58.437054Z",
            "yes_price": 20,
            "no_price": 80,
            "taker_side": "yes"
        },
        {
            "trade_id": "3bb8fcb0-5c1c-4d00-a9a6-524486371aa0",
            "ticker": "HIGHCHI-24JUL25-B76.5",
            "count": 126,
            "created_time": "2024-07-25T02:37:36.670021Z",
            "yes_price": 20,
            "no_price": 80,
            "taker_side": "yes"
        },
        {
            "trade_id": "d8f3fee5-85a3-47f3-ac54-f48076a2567b",
            "ticker": "HIGHCHI-24JUL25-B76.5",
            "count": 126,
            "created_time": "2024-07-25T02:37:04.270991Z",
            "yes_price": 19,
            "no_price": 81,
            "taker_side": "yes"
        },
        {
            "trade_id": "810ef820-cb55-4eae-a4f4-edac6476048b",
            "ticker": "HIGHCHI-24JUL25-B76.5",
            "count": 144,
            "created_time": "2024-07-25T02:36:43.186692Z",
            "yes_price": 18,
            "no_price": 82,
            "taker_side": "yes"
        },
        {
            "trade_id": "ee48aabc-e8c6-4831-a42f-8e3d103855dd",
            "ticker": "HIGHCHI-24JUL25-B76.5",
            "count": 36,
            "created_time": "2024-07-25T02:36:29.266872Z",
            "yes_price": 17,
            "no_price": 83,
            "taker_side": "yes"
        },
        {
            "trade_id": "fec729b5-4aa0-4a75-9177-32a100958071",
            "ticker": "HIGHCHI-24JUL25-B76.5",
            "count": 10,
            "created_time": "2024-07-25T02:25:49.218548Z",
            "yes_price": 11,
            "no_price": 89,
            "taker_side": "no"
        },
        {
            "trade_id": "51e6366b-7098-4d6f-bee2-4a0cfd8ee0c6",
            "ticker": "HIGHCHI-24JUL25-B76.5",
            "count": 5,
            "created_time": "2024-07-25T01:34:22.038965Z",
            "yes_price": 17,
            "no_price": 83,
            "taker_side": "yes"
        },
        {
            "trade_id": "29b4eb3d-facd-44ec-98ff-652b2ff524c1",
            "ticker": "HIGHCHI-24JUL25-B76.5",
            "count": 3,
            "created_time": "2024-07-24T23:58:21.580441Z",
            "yes_price": 11,
            "no_price": 89,
            "taker_side": "no"
        },
        {
            "trade_id": "a0410752-6305-40e2-b7ab-91a9688ff161",
            "ticker": "HIGHCHI-24JUL25-B76.5",
            "count": 5,
            "created_time": "2024-07-24T15:25:42.387065Z",
            "yes_price": 17,
            "no_price": 83,
            "taker_side": "yes"
        }
    ],
    "HIGHCHI-24JUL25-B78.5": [
        {
            "trade_id": "48ce69bc-4e38-489b-a2ed-64aefdd02917",
            "ticker": "HIGHCHI-24JUL25-B78.5",
            "count": 4,
            "created_time": "2024-07-25T23:49:14.56588Z",
            "yes_price": 90,
            "no_price": 10,
            "taker_side": "no"
        },
        {
            "trade_id": "430a5482-7a63-4e81-87e5-0b5546a7a9cc",
            "ticker": "HIGHCHI-24JUL25-B78.5",
            "count": 50,
            "created_time": "2024-07-25T21:52:50.325877Z",
            "yes_price": 99,
            "no_price": 1,
            "taker_side": "yes"
        },
        {
            "trade_id": "9965deb0-138e-4333-b6f0-16fea837e793",
            "ticker": "HIGHCHI-24JUL25-B78.5",
            "count": 10,
            "created_time": "2024-07-25T15:57:26.655482Z",
            "yes_price": 15,
            "no_price": 85,
            "taker_side": "no"
        },
        {
            "trade_id": "c71d3a60-5c0c-416d-9d09-2f1e7d441894",
            "ticker": "HIGHCHI-24JUL25-B78.5",
            "count": 1,
            "created_time": "2024-07-25T15:45:21.822107Z",
            "yes_price": 15,
            "no_price": 85,
            "taker_side": "no"
        },
        {
            "trade_id": "c8a6dda8-a777-4824-9576-0b9e1717940e",
            "ticker": "HIGHCHI-24JUL25-B78.5",
            "count": 23,
            "created_time": "2024-07-25T15:08:01.871011Z",
            "yes_price": 62,
            "no_price": 38,
            "taker_side": "yes"
        },
        {
            "trade_id": "d1e80ddc-b20b-426f-8514-a33413a46642",
            "ticker": "HIGHCHI-24JUL25-B78.5",
            "count": 64,
            "created_time": "2024-07-25T14:49:15.457769Z",
            "yes_price": 60,
            "no_price": 40,
            "taker_side": "yes"
        },
        {
            "trade_id": "5a6d9353-98aa-4c96-815a-8ab501091a5c",
            "ticker": "HIGHCHI-24JUL25-B78.5",
            "count": 16,
            "created_time": "2024-07-25T14:44:50.652945Z",
            "yes_price": 59,
            "no_price": 41,
            "taker_side": "yes"
        },
        {
            "trade_id": "4723abbe-3625-49f4-9c02-487e4da51a9b",
            "ticker": "HIGHCHI-24JUL25-B78.5",
            "count": 10,
            "created_time": "2024-07-25T13:32:26.285962Z",
            "yes_price": 54,
            "no_price": 46,
            "taker_side": "no"
        },
        {
            "trade_id": "fa6f1bf6-d9f4-4f21-8638-5a9ac70bf6bf",
            "ticker": "HIGHCHI-24JUL25-B78.5",
            "count": 35,
            "created_time": "2024-07-25T12:31:38.138759Z",
            "yes_price": 63,
            "no_price": 37,
            "taker_side": "yes"
        },
        {
            "trade_id": "2edc24cc-0753-4b25-b6fe-4aa39de82fad",
            "ticker": "HIGHCHI-24JUL25-B78.5",
            "count": 64,
            "created_time": "2024-07-25T03:32:58.763877Z",
            "yes_price": 46,
            "no_price": 54,
            "taker_side": "no"
        },
        {
            "trade_id": "a57ac14b-4c44-4680-b165-fdf8f989cd94",
            "ticker": "HIGHCHI-24JUL25-B78.5",
            "count": 36,
            "created_time": "2024-07-25T03:32:44.397695Z",
            "yes_price": 46,
            "no_price": 54,
            "taker_side": "no"
        },
        {
            "trade_id": "bd0697a8-7789-4169-bfd3-a0058e4f3dbc",
            "ticker": "HIGHCHI-24JUL25-B78.5",
            "count": 14,
            "created_time": "2024-07-25T02:45:08.717007Z",
            "yes_price": 54,
            "no_price": 46,
            "taker_side": "no"
        },
        {
            "trade_id": "4ae39d29-52ac-4f29-b628-3f730b6ea0d6",
            "ticker": "HIGHCHI-24JUL25-B78.5",
            "count": 36,
            "created_time": "2024-07-25T02:45:05.970174Z",
            "yes_price": 53,
            "no_price": 47,
            "taker_side": "yes"
        },
        {
            "trade_id": "fd46aa46-8fdd-4e52-9f78-85c447bbe102",
            "ticker": "HIGHCHI-24JUL25-B78.5",
            "count": 18,
            "created_time": "2024-07-25T02:44:53.906335Z",
            "yes_price": 53,
            "no_price": 47,
            "taker_side": "yes"
        },
        {
            "trade_id": "0353fc64-dd63-42f8-9bed-81b23294c199",
            "ticker": "HIGHCHI-24JUL25-B78.5",
            "count": 90,
            "created_time": "2024-07-25T02:42:58.385268Z",
            "yes_price": 50,
            "no_price": 50,
            "taker_side": "yes"
        },
        {
            "trade_id": "8298bd67-8f4b-4c0c-bc6d-b4db59d7de27",
            "ticker": "HIGHCHI-24JUL25-B78.5",
            "count": 18,
            "created_time": "2024-07-25T02:41:08.946825Z",
            "yes_price": 49,
            "no_price": 51,
            "taker_side": "yes"
        },
        {
            "trade_id": "aca36086-cee4-4afa-9a7e-3baf613deae2",
            "ticker": "HIGHCHI-24JUL25-B78.5",
            "count": 72,
            "created_time": "2024-07-25T02:39:28.791665Z",
            "yes_price": 48,
            "no_price": 52,
            "taker_side": "yes"
        },
        {
            "trade_id": "0f7d6c6f-ccff-4660-957a-5768e1efced9",
            "ticker": "HIGHCHI-24JUL25-B78.5",
            "count": 15,
            "created_time": "2024-07-25T02:39:28.791665Z",
            "yes_price": 48,
            "no_price": 52,
            "taker_side": "yes"
        },
        {
            "trade_id": "f1add096-ea45-4b64-84cd-d72cbe375fdb",
            "ticker": "HIGHCHI-24JUL25-B78.5",
            "count": 90,
            "created_time": "2024-07-25T02:39:12.401702Z",
            "yes_price": 47,
            "no_price": 53,
            "taker_side": "yes"
        },
        {
            "trade_id": "45e99cf4-2d6e-4c90-a0eb-6512f6a0d7da",
            "ticker": "HIGHCHI-24JUL25-B78.5",
            "count": 54,
            "created_time": "2024-07-25T02:37:57.937624Z",
            "yes_price": 46,
            "no_price": 54,
            "taker_side": "yes"
        },
        {
            "trade_id": "27fd0ae5-99fc-41bf-9bc7-8f057b7fa5b2",
            "ticker": "HIGHCHI-24JUL25-B78.5",
            "count": 18,
            "created_time": "2024-07-25T02:24:51.910507Z",
            "yes_price": 45,
            "no_price": 55,
            "taker_side": "yes"
        },
        {
            "trade_id": "311b4401-f4e4-457d-be71-ee2971040fae",
            "ticker": "HIGHCHI-24JUL25-B78.5",
            "count": 6,
            "created_time": "2024-07-25T00:02:48.255483Z",
            "yes_price": 44,
            "no_price": 56,
            "taker_side": "yes"
        },
        {
            "trade_id": "5e1678d1-2938-4b9b-8105-5c7b2cdd460c",
            "ticker": "HIGHCHI-24JUL25-B78.5",
            "count": 26,
            "created_time": "2024-07-24T23:58:21.645271Z",
            "yes_price": 44,
            "no_price": 56,
            "taker_side": "yes"
        },
        {
            "trade_id": "d22ce7f1-0c21-4995-aa9e-89f1f973475d",
            "ticker": "HIGHCHI-24JUL25-B78.5",
            "count": 13,
            "created_time": "2024-07-24T23:43:04.869755Z",
            "yes_price": 43,
            "no_price": 57,
            "taker_side": "yes"
        },
        {
            "trade_id": "1d334ebd-dc1a-4dbc-8fc7-b3fe4ecf7b96",
            "ticker": "HIGHCHI-24JUL25-B78.5",
            "count": 8,
            "created_time": "2024-07-24T23:43:04.869755Z",
            "yes_price": 45,
            "no_price": 55,
            "taker_side": "yes"
        },
        {
            "trade_id": "b788784f-b299-489d-8c8e-7abb2e925e00",
            "ticker": "HIGHCHI-24JUL25-B78.5",
            "count": 5,
            "created_time": "2024-07-24T23:39:22.429865Z",
            "yes_price": 43,
            "no_price": 57,
            "taker_side": "yes"
        },
        {
            "trade_id": "1a56d5f3-6d1d-45e4-a028-bb5fc324a03f",
            "ticker": "HIGHCHI-24JUL25-B78.5",
            "count": 8,
            "created_time": "2024-07-24T22:18:19.653539Z",
            "yes_price": 43,
            "no_price": 57,
            "taker_side": "yes"
        },
        {
            "trade_id": "483ec95a-9f42-4415-a69c-527026ab2804",
            "ticker": "HIGHCHI-24JUL25-B78.5",
            "count": 15,
            "created_time": "2024-07-24T18:55:47.42868Z",
            "yes_price": 38,
            "no_price": 62,
            "taker_side": "yes"
        },
        {
            "trade_id": "1c4d890c-52ce-4a37-a387-146e1c2de159",
            "ticker": "HIGHCHI-24JUL25-B78.5",
            "count": 90,
            "created_time": "2024-07-24T18:55:47.42868Z",
            "yes_price": 38,
            "no_price": 62,
            "taker_side": "yes"
        },
        {
            "trade_id": "f2cda8ed-e29f-4b5e-afa9-2b996da77fa3",
            "ticker": "HIGHCHI-24JUL25-B78.5",
            "count": 180,
            "created_time": "2024-07-24T18:55:28.043267Z",
            "yes_price": 37,
            "no_price": 63,
            "taker_side": "yes"
        },
        {
            "trade_id": "808c6132-1143-4387-8f08-272eb6a86baa",
            "ticker": "HIGHCHI-24JUL25-B78.5",
            "count": 108,
            "created_time": "2024-07-24T18:55:28.043267Z",
            "yes_price": 35,
            "no_price": 65,
            "taker_side": "yes"
        },
        {
            "trade_id": "7675aac5-1c97-452b-9ad3-2ec27befe11e",
            "ticker": "HIGHCHI-24JUL25-B78.5",
            "count": 7,
            "created_time": "2024-07-24T18:55:28.043267Z",
            "yes_price": 33,
            "no_price": 67,
            "taker_side": "yes"
        },
        {
            "trade_id": "aa320abb-1a96-40d8-8169-e94d398888c1",
            "ticker": "HIGHCHI-24JUL25-B78.5",
            "count": 3,
            "created_time": "2024-07-24T15:25:53.253128Z",
            "yes_price": 30,
            "no_price": 70,
            "taker_side": "yes"
        },
        {
            "trade_id": "105a07b2-2832-4013-bf05-47eaef4c683a",
            "ticker": "HIGHCHI-24JUL25-B78.5",
            "count": 24,
            "created_time": "2024-07-24T14:36:05.553749Z",
            "yes_price": 25,
            "no_price": 75,
            "taker_side": "no"
        }
    ],
    "HIGHCHI-24JUL25-B80.5": [
        {
            "trade_id": "1415ca67-2f66-40ba-a1e6-7910d96d980b",
            "ticker": "HIGHCHI-24JUL25-B80.5",
            "count": 1,
            "created_time": "2024-07-26T00:35:58.881042Z",
            "yes_price": 1,
            "no_price": 99,
            "taker_side": "yes"
        },
        {
            "trade_id": "32d83b95-0d9d-469a-af28-fe3002fae375",
            "ticker": "HIGHCHI-24JUL25-B80.5",
            "count": 4,
            "created_time": "2024-07-25T23:49:14.501081Z",
            "yes_price": 48,
            "no_price": 52,
            "taker_side": "yes"
        },
        {
            "trade_id": "603cd46e-3bab-4292-aced-ef1e8b2681f0",
            "ticker": "HIGHCHI-24JUL25-B80.5",
            "count": 50,
            "created_time": "2024-07-25T21:47:54.158055Z",
            "yes_price": 1,
            "no_price": 99,
            "taker_side": "no"
        },
        {
            "trade_id": "f2aa63bf-e3e5-44d0-a20e-e7d46556cb14",
            "ticker": "HIGHCHI-24JUL25-B80.5",
            "count": 2,
            "created_time": "2024-07-25T17:13:51.619011Z",
            "yes_price": 7,
            "no_price": 93,
            "taker_side": "no"
        },
        {
            "trade_id": "aa4c9716-a55a-4304-8e44-e65ae02ea83d",
            "ticker": "HIGHCHI-24JUL25-B80.5",
            "count": 28,
            "created_time": "2024-07-25T14:05:18.808524Z",
            "yes_price": 15,
            "no_price": 85,
            "taker_side": "no"
        },
        {
            "trade_id": "7e30294c-3fa8-4b28-a8e6-30188c6fbc64",
            "ticker": "HIGHCHI-24JUL25-B80.5",
            "count": 52,
            "created_time": "2024-07-25T14:05:18.808524Z",
            "yes_price": 9,
            "no_price": 91,
            "taker_side": "no"
        },
        {
            "trade_id": "4f3fc325-389e-4684-aac4-48f14480c65a",
            "ticker": "HIGHCHI-24JUL25-B80.5",
            "count": 100,
            "created_time": "2024-07-25T13:59:30.257242Z",
            "yes_price": 17,
            "no_price": 83,
            "taker_side": "no"
        },
        {
            "trade_id": "004c9f4b-cbc4-40be-965c-1bc38742431f",
            "ticker": "HIGHCHI-24JUL25-B80.5",
            "count": 122,
            "created_time": "2024-07-25T13:59:30.257242Z",
            "yes_price": 15,
            "no_price": 85,
            "taker_side": "no"
        },
        {
            "trade_id": "a11d0187-5872-4d05-8e81-2e843a34312b",
            "ticker": "HIGHCHI-24JUL25-B80.5",
            "count": 20,
            "created_time": "2024-07-25T13:25:29.284676Z",
            "yes_price": 21,
            "no_price": 79,
            "taker_side": "yes"
        },
        {
            "trade_id": "a8bcf640-8f2c-4ffe-8b10-d27588c216f9",
            "ticker": "HIGHCHI-24JUL25-B80.5",
            "count": 180,
            "created_time": "2024-07-25T12:03:26.495734Z",
            "yes_price": 24,
            "no_price": 76,
            "taker_side": "yes"
        },
        {
            "trade_id": "6914c3ba-243c-45a6-be2d-a0ef4331a207",
            "ticker": "HIGHCHI-24JUL25-B80.5",
            "count": 72,
            "created_time": "2024-07-25T12:03:26.495734Z",
            "yes_price": 22,
            "no_price": 78,
            "taker_side": "yes"
        },
        {
            "trade_id": "23c47230-ea4f-4bdc-8a99-2c683c2dcc42",
            "ticker": "HIGHCHI-24JUL25-B80.5",
            "count": 180,
            "created_time": "2024-07-25T12:03:26.495734Z",
            "yes_price": 26,
            "no_price": 74,
            "taker_side": "yes"
        },
        {
            "trade_id": "ba0cd245-0508-4bc3-a369-5d21107287e8",
            "ticker": "HIGHCHI-24JUL25-B80.5",
            "count": 108,
            "created_time": "2024-07-25T03:26:18.780391Z",
            "yes_price": 25,
            "no_price": 75,
            "taker_side": "yes"
        },
        {
            "trade_id": "c13d4bf9-50da-4fef-a325-edee2eeea1f4",
            "ticker": "HIGHCHI-24JUL25-B80.5",
            "count": 100,
            "created_time": "2024-07-25T03:26:04.772657Z",
            "yes_price": 24,
            "no_price": 76,
            "taker_side": "yes"
        },
        {
            "trade_id": "85fd0528-344b-4e6f-9f63-71b201bff247",
            "ticker": "HIGHCHI-24JUL25-B80.5",
            "count": 126,
            "created_time": "2024-07-25T03:26:04.772657Z",
            "yes_price": 24,
            "no_price": 76,
            "taker_side": "yes"
        },
        {
            "trade_id": "c892e376-d88f-4e23-a6c2-7162bb81b2e5",
            "ticker": "HIGHCHI-24JUL25-B80.5",
            "count": 54,
            "created_time": "2024-07-25T03:25:46.38859Z",
            "yes_price": 23,
            "no_price": 77,
            "taker_side": "yes"
        },
        {
            "trade_id": "7f13e316-bcde-4b69-8fc5-b8f9f225a66b",
            "ticker": "HIGHCHI-24JUL25-B80.5",
            "count": 144,
            "created_time": "2024-07-25T02:43:28.040311Z",
            "yes_price": 18,
            "no_price": 82,
            "taker_side": "no"
        },
        {
            "trade_id": "3b39710c-5e6c-4f4a-b92c-047d6a945ff1",
            "ticker": "HIGHCHI-24JUL25-B80.5",
            "count": 90,
            "created_time": "2024-07-25T02:35:49.362637Z",
            "yes_price": 24,
            "no_price": 76,
            "taker_side": "no"
        },
        {
            "trade_id": "787e46a5-b19b-4008-9c08-df5bedd48d17",
            "ticker": "HIGHCHI-24JUL25-B80.5",
            "count": 90,
            "created_time": "2024-07-25T02:35:16.552935Z",
            "yes_price": 30,
            "no_price": 70,
            "taker_side": "yes"
        },
        {
            "trade_id": "557111e9-48b7-4460-93c2-ea640c5476ca",
            "ticker": "HIGHCHI-24JUL25-B80.5",
            "count": 10,
            "created_time": "2024-07-25T02:35:16.552935Z",
            "yes_price": 32,
            "no_price": 68,
            "taker_side": "yes"
        },
        {
            "trade_id": "912e38fb-4047-4ece-91f4-1ebb2f62f1d8",
            "ticker": "HIGHCHI-24JUL25-B80.5",
            "count": 126,
            "created_time": "2024-07-25T02:35:06.996946Z",
            "yes_price": 24,
            "no_price": 76,
            "taker_side": "no"
        },
        {
            "trade_id": "4da23b7f-22cd-4089-bda0-1427a7ed83de",
            "ticker": "HIGHCHI-24JUL25-B80.5",
            "count": 36,
            "created_time": "2024-07-25T02:34:53.947064Z",
            "yes_price": 25,
            "no_price": 75,
            "taker_side": "no"
        },
        {
            "trade_id": "ebc4ae14-f7a1-4a42-be13-1246908a476c",
            "ticker": "HIGHCHI-24JUL25-B80.5",
            "count": 16,
            "created_time": "2024-07-25T00:06:05.386986Z",
            "yes_price": 29,
            "no_price": 71,
            "taker_side": "yes"
        },
        {
            "trade_id": "5252a4fc-5cea-46cb-b857-25bf16a0301b",
            "ticker": "HIGHCHI-24JUL25-B80.5",
            "count": 5,
            "created_time": "2024-07-24T23:39:34.073339Z",
            "yes_price": 30,
            "no_price": 70,
            "taker_side": "yes"
        },
        {
            "trade_id": "b5830726-3541-41a0-8639-0426341f2ef8",
            "ticker": "HIGHCHI-24JUL25-B80.5",
            "count": 10,
            "created_time": "2024-07-24T19:14:19.200699Z",
            "yes_price": 27,
            "no_price": 73,
            "taker_side": "yes"
        },
        {
            "trade_id": "cb099e52-2c97-4604-9654-db8a0b56d493",
            "ticker": "HIGHCHI-24JUL25-B80.5",
            "count": 2,
            "created_time": "2024-07-24T15:26:03.394505Z",
            "yes_price": 35,
            "no_price": 65,
            "taker_side": "yes"
        },
        {
            "trade_id": "06117849-b978-41b6-b2e3-e521831e3b9c",
            "ticker": "HIGHCHI-24JUL25-B80.5",
            "count": 22,
            "created_time": "2024-07-24T14:15:47.67907Z",
            "yes_price": 30,
            "no_price": 70,
            "taker_side": "no"
        }
    ],
    "HIGHCHI-24JUL25-B82.5": [
        {
            "trade_id": "4d305706-ee67-4ad2-a89e-294db9e71853",
            "ticker": "HIGHCHI-24JUL25-B82.5",
            "count": 45,
            "created_time": "2024-07-25T20:05:21.944453Z",
            "yes_price": 1,
            "no_price": 99,
            "taker_side": "no"
        },
        {
            "trade_id": "cbee3aaa-f2d9-4501-b02f-c5a52682771f",
            "ticker": "HIGHCHI-24JUL25-B82.5",
            "count": 2,
            "created_time": "2024-07-25T19:57:20.414689Z",
            "yes_price": 5,
            "no_price": 95,
            "taker_side": "yes"
        },
        {
            "trade_id": "f41f6c3c-72fe-4226-ba59-0b28394c7732",
            "ticker": "HIGHCHI-24JUL25-B82.5",
            "count": 5,
            "created_time": "2024-07-25T19:02:21.865921Z",
            "yes_price": 1,
            "no_price": 99,
            "taker_side": "no"
        },
        {
            "trade_id": "e0c53c22-61f8-48b5-b0f0-8b2adf51baf9",
            "ticker": "HIGHCHI-24JUL25-B82.5",
            "count": 175,
            "created_time": "2024-07-25T14:58:03.599067Z",
            "yes_price": 4,
            "no_price": 96,
            "taker_side": "no"
        },
        {
            "trade_id": "cf991083-29b9-4a0f-bd38-1e773154856a",
            "ticker": "HIGHCHI-24JUL25-B82.5",
            "count": 75,
            "created_time": "2024-07-25T14:05:18.889266Z",
            "yes_price": 4,
            "no_price": 96,
            "taker_side": "no"
        },
        {
            "trade_id": "b3613f0b-7f6c-429d-a3f0-3af9b16f4f28",
            "ticker": "HIGHCHI-24JUL25-B82.5",
            "count": 250,
            "created_time": "2024-07-25T13:59:34.989079Z",
            "yes_price": 6,
            "no_price": 94,
            "taker_side": "no"
        },
        {
            "trade_id": "983cb3e3-ecde-4caa-b1c8-d6f28f6e8f05",
            "ticker": "HIGHCHI-24JUL25-B82.5",
            "count": 17,
            "created_time": "2024-07-25T00:06:17.037105Z",
            "yes_price": 16,
            "no_price": 84,
            "taker_side": "yes"
        },
        {
            "trade_id": "f576fb5d-d43d-4bb5-9e2e-82faf1959a9f",
            "ticker": "HIGHCHI-24JUL25-B82.5",
            "count": 4,
            "created_time": "2024-07-24T14:16:45.666617Z",
            "yes_price": 18,
            "no_price": 82,
            "taker_side": "yes"
        },
        {
            "trade_id": "187fbaf1-0cdd-4a22-b80c-9442496ebab9",
            "ticker": "HIGHCHI-24JUL25-B82.5",
            "count": 18,
            "created_time": "2024-07-24T14:16:35.987435Z",
            "yes_price": 18,
            "no_price": 82,
            "taker_side": "no"
        }
    ],
    "HIGHCHI-24JUL25-T83": [
        {
            "trade_id": "baa018db-d79a-41bf-b481-44834c009839",
            "ticker": "HIGHCHI-24JUL25-T83",
            "count": 50,
            "created_time": "2024-07-25T12:38:40.244418Z",
            "yes_price": 1,
            "no_price": 99,
            "taker_side": "no"
        },
        {
            "trade_id": "e5c6eebc-3559-4838-8f07-8b5485fa80d4",
            "ticker": "HIGHCHI-24JUL25-T83",
            "count": 7,
            "created_time": "2024-07-25T00:06:27.766062Z",
            "yes_price": 6,
            "no_price": 94,
            "taker_side": "yes"
        },
        {
            "trade_id": "a1ebeaab-0c52-43e5-8b99-0b81d6dd5564",
            "ticker": "HIGHCHI-24JUL25-T83",
            "count": 4,
            "created_time": "2024-07-25T00:06:27.766062Z",
            "yes_price": 11,
            "no_price": 89,
            "taker_side": "yes"
        }
    ]
}