{
    "KXHIGHCHI-24NOV27-T39": [
        {
            "trade_id": "0e777d09-52cb-45bd-8660-54c93eda89ae",
            "ticker": "KXHIGHCHI-24NOV27-T39",
            "count": 1,
            "created_time": "2024-11-28T03:10:53.933044Z",
            "yes_price": 1,
            "no_price": 99,
            "taker_side": "yes"
        },
        {
            "trade_id": "90999cc8-7e1f-43f9-b219-aadc711f8685",
            "ticker": "KXHIGHCHI-24NOV27-T39",
            "count": 259,
            "created_time": "2024-11-28T02:10:57.162639Z",
            "yes_price": 1,
            "no_price": 99,
            "taker_side": "yes"
        },
        {
            "trade_id": "3a445b61-2660-4d55-bda5-de8d56010e44",
            "ticker": "KXHIGHCHI-24NOV27-T39",
            "count": 207,
            "created_time": "2024-11-28T02:10:57.162639Z",
            "yes_price": 1,
            "no_price": 99,
            "taker_side": "yes"
        },
        {
            "trade_id": "6c2a6a76-1751-4499-83a0-4a3850996308",
            "ticker": "KXHIGHCHI-24NOV27-T39",
            "count": 1777,
            "created_time": "2024-11-28T01:49:46.293842Z",
            "yes_price": 1,
            "no_price": 99,
            "taker_side": "yes"
        },
        {
            "trade_id": "4ea987db-f007-4000-85bf-e3e699f24ed2",
            "ticker": "KXHIGHCHI-24NOV27-T39",
            "count": 283,
            "created_time": "2024-11-28T01:49:46.293842Z",
            "yes_price": 1,
            "no_price": 99,
            "taker_side": "yes"
        },
        {
            "trade_id": "36bdbe0d-3b55-40fa-9444-e6dba08f1f59",
            "ticker": "KXHIGHCHI-24NOV27-T39",
            "count": 147,
            "created_time": "2024-11-28T01:49:46.293842Z",
            "yes_price": 1,
            "no_price": 99,
            "taker_side": "yes"
        },
        {
            "trade_id": "209c84ae-1b1c-4bb0-9675-33b4627d291a",
            "ticker": "KXHIGHCHI-24NOV27-T39",
            "count": 2466,
            "created_time": "2024-11-28T01:49:46.293842Z",
            "yes_price": 1,
            "no_price": 99,
            "taker_side": "yes"
        },
        {
            "trade_id": "491660c3-3cbd-4f8a-b230-dadae5891740",
            "ticker": "KXHIGHCHI-24NOV27-T39",
            "count": 1,
            "created_time": "2024-11-27T23:51:50.122665Z",
            "yes_price": 1,
            "no_price": 99,
            "taker_side": "yes"
        },
        {
            "trade_id": "a747732d-d97b-4342-be22-f788fae4fc2e",
            "ticker": "KXHIGHCHI-24NOV27-T39",
            "count": 150,
            "created_time": "2024-11-27T23:50:04.647856Z",
            "yes_price": 1,
            "no_price": 99,
            "taker_side": "yes"
        },
        {
            "trade_id": "31d12822-5e02-46f2-89f8-14f61389f21f",
            "ticker": "KXHIGHCHI-24NOV27-T39",
            "count": 366,
            "created_time": "2024-11-27T23:50:04.647856Z",
            "yes_price": 1,
            "no_price": 99,
            "taker_side": "yes"
        },
        {
            "trade_id": "b85a9204-0500-47a7-8459-aba7a3c45376",
            "ticker": "KXHIGHCHI-24NOV27-T39",
            "count": 100,
            "created_time": "2024-11-27T00:52:04.645738Z",
            "yes_price": 1,
            "no_price": 99,
            "taker_side": "yes"
        },
        {
            "trade_id": "895e860c-dee9-4385-8a1d-2f527a1a844a",
            "ticker": "KXHIGHCHI-24NOV27-T39",
            "count": 11,
            "created_time": "2024-11-27T00:52:04.645738Z",
            "yes_price": 6,
            "no_price": 94,
            "taker_side": "yes"
        },
        {
            "trade_id": "4bd373ce-dd7d-465c-8d1c-b95c2dd4bc18",
            "ticker": "KXHIGHCHI-24NOV27-T39",
            "count": 20,
            "created_time": "2024-11-27T00:52:04.645738Z",
            "yes_price": 1,
            "no_price": 99,
            "taker_side": "yes"
        },
        {
            "trade_id": "a90dec86-ea8c-43e4-995b-1ca43a8851a3",
            "ticker": "KXHIGHCHI-24NOV27-T39",
            "count": 1,
            "created_time": "2024-11-26T17:30:22.555345Z",
            "yes_price": 6,
            "no_price": 94,
            "taker_side": "yes"
        },
        {
            "trade_id": "a5cc65a4-1996-4eb4-accc-7807489a7d08",
            "ticker": "KXHIGHCHI-24NOV27-T39",
            "count": 100,
            "created_time": "2024-11-26T17:01:10.102871Z",
            "yes_price": 1,
            "no_price": 99,
            "taker_side": "no"
        },
        {
            "trade_id": "9b135769-2b24-4cdf-9ec0-4d3382755c62",
            "ticker": "KXHIGHCHI-24NOV27-T39",
            "count": 120,
            "created_time": "2024-11-26T15:08:26.702009Z",
            "yes_price": 1,
            "no_price": 99,
            "taker_side": "no"
        }
    ],
    "KXHIGHCHI-24NOV27-B39.5": [
        {
            "trade_id": "e1103960-63a2-49cf-8fd5-470cc601e1e5",
            "ticker": "KXHIGHCHI-24NOV27-B39.5",
            "count": 94,
            "created_time": "2024-11-27T13:01:40.39147Z",
            "yes_price": 1,
            "no_price": 99,
            "taker_side": "no"
        },
        {
            "trade_id": "8ccdfe03-6bd4-4adf-afed-92b7317f912d",
            "ticker": "KXHIGHCHI-24NOV27-B39.5",
            "count": 24,
            "created_time": "2024-11-27T13:01:40.39147Z",
            "yes_price": 1,
            "no_price": 99,
            "taker_side": "no"
        },
        {
            "trade_id": "75410957-9393-4d51-bcc4-70539946d8a9",
            "ticker": "KXHIGHCHI-24NOV27-B39.5",
            "count": 1,
            "created_time": "2024-11-27T07:30:31.686394Z",
            "yes_price": 1,
            "no_price": 99,
            "taker_side": "no"
        },
        {
            "trade_id": "63c09032-a538-47dc-b812-c410ec83a715",
            "ticker": "KXHIGHCHI-24NOV27-B39.5",
            "count": 26,
            "created_time": "2024-11-27T06:08:34.01882Z",
            "yes_price": 3,
            "no_price": 97,
            "taker_side": "yes"
        },
        {
            "trade_id": "0983d93e-6c25-4521-8b67-3d2d258231fa",
            "ticker": "KXHIGHCHI-24NOV27-B39.5",
            "count": 23,
            "created_time": "2024-11-27T06:04:56.719413Z",
            "yes_price": 1,
            "no_price": 99,
            "taker_side": "no"
        },
        {
            "trade_id": "d2dfdaba-4a8a-4405-82e3-2922aa298a5a",
            "ticker": "KXHIGHCHI-24NOV27-B39.5",
            "count": 2,
            "created_time": "2024-11-27T03:34:20.020762Z",
            "yes_price": 1,
            "no_price": 99,
            "taker_side": "no"
        },
        {
            "trade_id": "a7a4c188-de0e-4d1d-ad50-bb397a3cb508",
            "ticker": "KXHIGHCHI-24NOV27-B39.5",
            "count": 78,
            "created_time": "2024-11-27T00:51:49.14324Z",
            "yes_price": 6,
            "no_price": 94,
            "taker_side": "yes"
        },
        {
            "trade_id": "158c5fb9-7ef9-41c2-903e-7e6277532ae9",
            "ticker": "KXHIGHCHI-24NOV27-B39.5",
            "count": 24,
            "created_time": "2024-11-26T23:12:57.458062Z",
            "yes_price": 3,
            "no_price": 97,
            "taker_side": "no"
        },
        {
            "trade_id": "9db144ec-1a26-4c64-b6ba-a22a23549f90",
            "ticker": "KXHIGHCHI-24NOV27-B39.5",
            "count": 11,
            "created_time": "2024-11-26T22:07:15.910219Z",
            "yes_price": 3,
            "no_price": 97,
            "taker_side": "no"
        },
        {
            "trade_id": "84846a83-79c0-4ab4-b9b5-d804b9a1b54e",
            "ticker": "KXHIGHCHI-24NOV27-B39.5",
            "count": 9,
            "created_time": "2024-11-26T22:06:15.600905Z",
            "yes_price": 3,
            "no_price": 97,
            "taker_side": "no"
        },
        {
            "trade_id": "585e7669-83f7-4def-9856-2b2d8512295e",
            "ticker": "KXHIGHCHI-24NOV27-B39.5",
            "count": 16,
            "created_time": "2024-11-26T22:05:41.292517Z",
            "yes_price": 3,
            "no_price": 97,
            "taker_side": "no"
        },
        {
            "trade_id": "c47a33f4-b1a6-4240-a11d-23f7c0ca45c9",
            "ticker": "KXHIGHCHI-24NOV27-B39.5",
            "count": 20,
            "created_time": "2024-11-26T21:30:58.108217Z",
            "yes_price": 3,
            "no_price": 97,
            "taker_side": "no"
        },
        {
            "trade_id": "f44b4b69-4095-47af-b15b-86ee74d92c38",
            "ticker": "KXHIGHCHI-24NOV27-B39.5",
            "count": 20,
            "created_time": "2024-11-26T21:30:57.900283Z",
            "yes_price": 3,
            "no_price": 97,
            "taker_side": "no"
        }
    ],
    "KXHIGHCHI-24NOV27-B41.5": [
        {
            "trade_id": "9f30fa67-a43c-43d7-8949-7a66f81f5134",
            "ticker": "KXHIGHCHI-24NOV27-B41.5",
            "count": 508,
            "created_time": "2024-11-28T04:13:25.679261Z",
            "yes_price": 1,
            "no_price": 99,
            "taker_side": "yes"
        },
        {
            "trade_id": "8b046f33-6ba4-48a9-a79c-24a2cd627d81",
            "ticker": "KXHIGHCHI-24NOV27-B41.5",
            "count": 1263,
            "created_time": "2024-11-28T04:13:25.679261Z",
            "yes_price": 1,
            "no_price": 99,
            "taker_side": "yes"
        },
        {
            "trade_id": "22cd2184-b5c5-4a61-828b-5e164142a5bc",
            "ticker": "KXHIGHCHI-24NOV27-B41.5",
            "count": 1000,
            "created_time": "2024-11-28T04:13:25.679261Z",
            "yes_price": 1,
            "no_price": 99,
            "taker_side": "yes"
        },
        {
            "trade_id": "1b1be7f1-e1e6-4994-8d49-1cab2f401f32",
            "ticker": "KXHIGHCHI-24NOV27-B41.5",
            "count": 499,
            "created_time": "2024-11-28T04:13:25.679261Z",
            "yes_price": 1,
            "no_price": 99,
            "taker_side": "yes"
        },
        {
            "trade_id": "46e553d8-c65a-465f-922d-a92fa94a10a4",
            "ticker": "KXHIGHCHI-24NOV27-B41.5",
            "count": 47,
            "created_time": "2024-11-27T14:27:06.851852Z",
            "yes_price": 1,
            "no_price": 99,
            "taker_side": "no"
        },
        {
            "trade_id": "55351987-a312-4e24-aa5e-6734253623f0",
            "ticker": "KXHIGHCHI-24NOV27-B41.5",
            "count": 4,
            "created_time": "2024-11-27T14:26:01.412565Z",
            "yes_price": 1,
            "no_price": 99,
            "taker_side": "no"
        },
        {
            "trade_id": "34d30469-a2ad-4356-8e91-de9a1963bf4b",
            "ticker": "KXHIGHCHI-24NOV27-B41.5",
            "count": 43,
            "created_time": "2024-11-27T14:23:36.324505Z",
            "yes_price": 1,
            "no_price": 99,
            "taker_side": "no"
        },
        {
            "trade_id": "f6ae5f50-8c7a-4ff7-82de-bca08fdc597d",
            "ticker": "KXHIGHCHI-24NOV27-B41.5",
            "count": 41,
            "created_time": "2024-11-27T14:18:50.665487Z",
            "yes_price": 4,
            "no_price": 96,
            "taker_side": "yes"
        },
        {
            "trade_id": "5ed320db-16ed-4f56-b330-1f1e519652da",
            "ticker": "KXHIGHCHI-24NOV27-B41.5",
            "count": 100,
            "created_time": "2024-11-27T14:18:50.665487Z",
            "yes_price": 3,
            "no_price": 97,
            "taker_side": "yes"
        },
        {
            "trade_id": "ff90e9a7-63de-4358-916e-f6a25b1d1cfa",
            "ticker": "KXHIGHCHI-24NOV27-B41.5",
            "count": 25,
            "created_time": "2024-11-27T14:16:08.246728Z",
            "yes_price": 2,
            "no_price": 98,
            "taker_side": "no"
        },
        {
            "trade_id": "e47ef089-384f-4e67-b2eb-86fa7e05c448",
            "ticker": "KXHIGHCHI-24NOV27-B41.5",
            "count": 76,
            "created_time": "2024-11-27T13:53:28.66306Z",
            "yes_price": 1,
            "no_price": 99,
            "taker_side": "no"
        },
        {
            "trade_id": "bf2b32d9-4657-46e0-b49f-d012def1f957",
            "ticker": "KXHIGHCHI-24NOV27-B41.5",
            "count": 4,
            "created_time": "2024-11-27T13:53:28.66306Z",
            "yes_price": 2,
            "no_price": 98,
            "taker_side": "no"
        },
        {
            "trade_id": "af0c4098-efad-4eed-9090-50342db5a4c6",
            "ticker": "KXHIGHCHI-24NOV27-B41.5",
            "count": 120,
            "created_time": "2024-11-27T13:53:28.66306Z",
            "yes_price": 1,
            "no_price": 99,
            "taker_side": "no"
        },
        {
            "trade_id": "69e26497-5cbf-4fdf-925f-432cfb54c97d",
            "ticker": "KXHIGHCHI-24NOV27-B41.5",
            "count": 63,
            "created_time": "2024-11-27T13:41:43.829478Z",
            "yes_price": 2,
            "no_price": 98,
            "taker_side": "no"
        },
        {
            "trade_id": "e19edf2e-a362-488d-beeb-14aa86fe525a",
            "ticker": "KXHIGHCHI-24NOV27-B41.5",
            "count": 1,
            "created_time": "2024-11-27T13:32:32.904959Z",
            "yes_price": 6,
            "no_price": 94,
            "taker_side": "yes"
        },
        {
            "trade_id": "b75146a1-b5e6-4bdf-aa18-040f008bd1d4",
            "ticker": "KXHIGHCHI-24NOV27-B41.5",
            "count": 25,
            "created_time": "2024-11-27T13:32:32.904959Z",
            "yes_price": 6,
            "no_price": 94,
            "taker_side": "yes"
        },
        {
            "trade_id": "9ceb581c-cca4-4a14-bf7c-61bf1fdfeb32",
            "ticker": "KXHIGHCHI-24NOV27-B41.5",
            "count": 72,
            "created_time": "2024-11-27T13:32:32.904959Z",
            "yes_price": 7,
            "no_price": 93,
            "taker_side": "yes"
        },
        {
            "trade_id": "40533781-63d0-4f5b-9d06-f805a91523f5",
            "ticker": "KXHIGHCHI-24NOV27-B41.5",
            "count": 25,
            "created_time": "2024-11-27T13:32:32.904959Z",
            "yes_price": 5,
            "no_price": 95,
            "taker_side": "yes"
        },
        {
            "trade_id": "34c3c63a-6637-4183-973e-f10b2327ec21",
            "ticker": "KXHIGHCHI-24NOV27-B41.5",
            "count": 100,
            "created_time": "2024-11-27T13:32:32.904959Z",
            "yes_price": 6,
            "no_price": 94,
            "taker_side": "yes"
        },
        {
            "trade_id": "1e766abf-b102-4a7a-89d5-8a89630c8d28",
            "ticker": "KXHIGHCHI-24NOV27-B41.5",
            "count": 1,
            "created_time": "2024-11-27T13:32:32.904959Z",
            "yes_price": 5,
            "no_price": 95,
            "taker_side": "yes"
        },
        {
            "trade_id": "898d2798-8455-4d69-8a08-cfd0532a6d74",
            "ticker": "KXHIGHCHI-24NOV27-B41.5",
            "count": 25,
            "created_time": "2024-11-27T13:14:01.633191Z",
            "yes_price": 2,
            "no_price": 98,
            "taker_side": "no"
        },
        {
            "trade_id": "0dbcb289-910c-4929-a987-7b4de0dca7db",
            "ticker": "KXHIGHCHI-24NOV27-B41.5",
            "count": 1,
            "created_time": "2024-11-27T07:30:43.951312Z",
            "yes_price": 4,
            "no_price": 96,
            "taker_side": "no"
        },
        {
            "trade_id": "bae42d40-d5d4-408e-8966-a0c2e5ca33f8",
            "ticker": "KXHIGHCHI-24NOV27-B41.5",
            "count": 23,
            "created_time": "2024-11-27T06:04:56.647787Z",
            "yes_price": 2,
            "no_price": 98,
            "taker_side": "no"
        },
        {
            "trade_id": "b9983718-66d9-4caf-ba4e-ec23e47b254c",
            "ticker": "KXHIGHCHI-24NOV27-B41.5",
            "count": 21,
            "created_time": "2024-11-27T05:36:34.882944Z",
            "yes_price": 2,
            "no_price": 98,
            "taker_side": "no"
        },
        {
            "trade_id": "c2bc777c-df55-4b00-bcfa-96e163ee7b53",
            "ticker": "KXHIGHCHI-24NOV27-B41.5",
            "count": 21,
            "created_time": "2024-11-27T05:06:57.030448Z",
            "yes_price": 2,
            "no_price": 98,
            "taker_side": "no"
        },
        {
            "trade_id": "65049761-e458-418e-a24c-558cc540f8fa",
            "ticker": "KXHIGHCHI-24NOV27-B41.5",
            "count": 10,
            "created_time": "2024-11-27T04:28:15.341237Z",
            "yes_price": 2,
            "no_price": 98,
            "taker_side": "no"
        },
        {
            "trade_id": "6192531b-d584-4c8c-a784-822a9b5eeff5",
            "ticker": "KXHIGHCHI-24NOV27-B41.5",
            "count": 224,
            "created_time": "2024-11-27T02:30:58.985067Z",
            "yes_price": 3,
            "no_price": 97,
            "taker_side": "no"
        },
        {
            "trade_id": "e789e83a-8dde-4ac4-9648-a2795327c40c",
            "ticker": "KXHIGHCHI-24NOV27-B41.5",
            "count": 20,
            "created_time": "2024-11-27T02:21:16.12176Z",
            "yes_price": 5,
            "no_price": 95,
            "taker_side": "yes"
        },
        {
            "trade_id": "25826e9d-b8b7-4f84-95eb-cd611118bde6",
            "ticker": "KXHIGHCHI-24NOV27-B41.5",
            "count": 75,
            "created_time": "2024-11-27T00:51:37.809206Z",
            "yes_price": 5,
            "no_price": 95,
            "taker_side": "yes"
        },
        {
            "trade_id": "821dd3b9-5934-4507-9aff-99c9e1757850",
            "ticker": "KXHIGHCHI-24NOV27-B41.5",
            "count": 30,
            "created_time": "2024-11-27T00:48:03.638079Z",
            "yes_price": 5,
            "no_price": 95,
            "taker_side": "yes"
        },
        {
            "trade_id": "ba91a832-cf84-4adf-8be7-331b19dc5851",
            "ticker": "KXHIGHCHI-24NOV27-B41.5",
            "count": 20,
            "created_time": "2024-11-27T00:44:47.115969Z",
            "yes_price": 5,
            "no_price": 95,
            "taker_side": "yes"
        },
        {
            "trade_id": "5566c35f-3b57-40a2-a46e-333e23469e31",
            "ticker": "KXHIGHCHI-24NOV27-B41.5",
            "count": 93,
            "created_time": "2024-11-27T00:39:59.373964Z",
            "yes_price": 5,
            "no_price": 95,
            "taker_side": "yes"
        },
        {
            "trade_id": "8139dc4a-0086-4582-b9a3-4eae21b71730",
            "ticker": "KXHIGHCHI-24NOV27-B41.5",
            "count": 7,
            "created_time": "2024-11-26T23:36:37.877775Z",
            "yes_price": 6,
            "no_price": 94,
            "taker_side": "yes"
        },
        {
            "trade_id": "769b91cf-3ed1-414a-8b3e-80daa161aa2a",
            "ticker": "KXHIGHCHI-24NOV27-B41.5",
            "count": 11,
            "created_time": "2024-11-26T22:07:15.338765Z",
            "yes_price": 3,
            "no_price": 97,
            "taker_side": "no"
        },
        {
            "trade_id": "42157fbc-db06-4b6d-903a-b5aa0171b567",
            "ticker": "KXHIGHCHI-24NOV27-B41.5",
            "count": 9,
            "created_time": "2024-11-26T22:06:14.903851Z",
            "yes_price": 3,
            "no_price": 97,
            "taker_side": "no"
        },
        {
            "trade_id": "037ae8b8-9fb3-4404-8604-a60f8ccde02c",
            "ticker": "KXHIGHCHI-24NOV27-B41.5",
            "count": 16,
            "created_time": "2024-11-26T22:05:41.305584Z",
            "yes_price": 3,
            "no_price": 97,
            "taker_side": "no"
        },
        {
            "trade_id": "4fa44f2b-6575-40e9-9d1a-8f01467a31f4",
            "ticker": "KXHIGHCHI-24NOV27-B41.5",
            "count": 70,
            "created_time": "2024-11-26T21:57:07.974644Z",
            "yes_price": 6,
            "no_price": 94,
            "taker_side": "yes"
        },
        {
            "trade_id": "d955426e-29a0-4e7a-8d04-71dcbbe77560",
            "ticker": "KXHIGHCHI-24NOV27-B41.5",
            "count": 20,
            "created_time": "2024-11-26T21:30:58.064062Z",
            "yes_price": 3,
            "no_price": 97,
            "taker_side": "no"
        },
        {
            "trade_id": "5c1fd122-aa16-42d4-8d69-fc1a08aa6493",
            "ticker": "KXHIGHCHI-24NOV27-B41.5",
            "count": 20,
            "created_time": "2024-11-26T21:30:57.895737Z",
            "yes_price": 3,
            "no_price": 97,
            "taker_side": "no"
        },
        {
            "trade_id": "543573a4-0b41-4892-8df6-97919057ffef",
            "ticker": "KXHIGHCHI-24NOV27-B41.5",
            "count": 45,
            "created_time": "2024-11-26T18:39:18.187956Z",
            "yes_price": 7,
            "no_price": 93,
            "taker_side": "yes"
        },
        {
            "trade_id": "2affa4b7-cc73-4c81-a8c2-6a6b3a139e62",
            "ticker": "KXHIGHCHI-24NOV27-B41.5",
            "count": 89,
            "created_time": "2024-11-26T18:39:18.187956Z",
            "yes_price": 7,
            "no_price": 93,
            "taker_side": "yes"
        },
        {
            "trade_id": "97427757-c2a8-4776-8746-9950cbfe277b",
            "ticker": "KXHIGHCHI-24NOV27-B41.5",
            "count": 10,
            "created_time": "2024-11-26T18:25:51.975354Z",
            "yes_price": 7,
            "no_price": 93,
            "taker_side": "yes"
        },
        {
            "trade_id": "cdec793f-4ac4-49a7-ab32-964460667120",
            "ticker": "KXHIGHCHI-24NOV27-B41.5",
            "count": 1,
            "created_time": "2024-11-26T17:30:23.124729Z",
            "yes_price": 7,
            "no_price": 93,
            "taker_side": "yes"
        },
        {
            "trade_id": "2bf794a6-1f4f-47d2-8a84-52082ce6bf02",
            "ticker": "KXHIGHCHI-24NOV27-B41.5",
            "count": 62,
            "created_time": "2024-11-26T15:30:27.498455Z",
            "yes_price": 8,
            "no_price": 92,
            "taker_side": "no"
        },
        {
            "trade_id": "8db05839-783b-4b39-92bc-f57d1596dd34",
            "ticker": "KXHIGHCHI-24NOV27-B41.5",
            "count": 94,
            "created_time": "2024-11-26T15:27:35.4792Z",
            "yes_price": 10,
            "no_price": 90,
            "taker_side": "no"
        },
        {
            "trade_id": "1636fece-588f-4a57-acf3-c65680ecd0f4",
            "ticker": "KXHIGHCHI-24NOV27-B41.5",
            "count": 60,
            "created_time": "2024-11-26T15:19:08.818758Z",
            "yes_price": 15,
            "no_price": 85,
            "taker_side": "yes"
        },
        {
            "trade_id": "43c92c3e-7999-4421-9111-a3aa7d5ba1cb",
            "ticker": "KXHIGHCHI-24NOV27-B41.5",
            "count": 40,
            "created_time": "2024-11-26T15:17:49.630059Z",
            "yes_price": 15,
            "no_price": 85,
            "taker_side": "yes"
        },
        {
            "trade_id": "b3f7c5f3-e799-49c2-a39c-ab7d87af16dd",
            "ticker": "KXHIGHCHI-24NOV27-B41.5",
            "count": 94,
            "created_time": "2024-11-26T15:12:30.44094Z",
            "yes_price": 20,
            "no_price": 80,
            "taker_side": "no"
        },
        {
            "trade_id": "78c4ae5b-2301-4722-aa57-0f1d95b5478a",
            "ticker": "KXHIGHCHI-24NOV27-B41.5",
            "count": 5,
            "created_time": "2024-11-26T15:12:30.44094Z",
            "yes_price": 21,
            "no_price": 79,
            "taker_side": "no"
        },
        {
            "trade_id": "aa41e395-8fcf-4a82-aebe-414eccbc2257",
            "ticker": "KXHIGHCHI-24NOV27-B41.5",
            "count": 18,
            "created_time": "2024-11-26T15:04:33.394632Z",
            "yes_price": 29,
            "no_price": 71,
            "taker_side": "yes"
        },
        {
            "trade_id": "298f93df-f323-4c04-b386-c38a0c3d1e58",
            "ticker": "KXHIGHCHI-24NOV27-B41.5",
            "count": 6,
            "created_time": "2024-11-26T15:03:32.533595Z",
            "yes_price": 20,
            "no_price": 80,
            "taker_side": "no"
        }
    ],
    "KXHIGHCHI-24NOV27-B43.5": [
        {
            "trade_id": "e639447b-a88c-408e-9452-bcc9fec0861c",
            "ticker": "KXHIGHCHI-24NOV27-B43.5",
            "count": 321,
            "created_time": "2024-11-28T04:26:25.009869Z",
            "yes_price": 98,
            "no_price": 2,
            "taker_side": "no"
        },
        {
            "trade_id": "d5f9faa8-3114-40e8-af73-f6b3685f3612",
            "ticker": "KXHIGHCHI-24NOV27-B43.5",
            "count": 500,
            "created_time": "2024-11-28T04:26:25.009869Z",
            "yes_price": 98,
            "no_price": 2,
            "taker_side": "no"
        },
        {
            "trade_id": "a54bcf75-61f5-4982-b138-f31824bb620f",
            "ticker": "KXHIGHCHI-24NOV27-B43.5",
            "count": 14,
            "created_time": "2024-11-28T04:26:25.009869Z",
            "yes_price": 84,
            "no_price": 16,
            "taker_side": "no"
        },
        {
            "trade_id": "70c76213-b946-477c-ab07-748468a346c0",
            "ticker": "KXHIGHCHI-24NOV27-B43.5",
            "count": 203,
            "created_time": "2024-11-28T04:24:17.87427Z",
            "yes_price": 99,
            "no_price": 1,
            "taker_side": "no"
        },
        {
            "trade_id": "38999002-be25-4fd0-a725-ee149058b847",
            "ticker": "KXHIGHCHI-24NOV27-B43.5",
            "count": 187,
            "created_time": "2024-11-28T04:16:43.547478Z",
            "yes_price": 99,
            "no_price": 1,
            "taker_side": "no"
        },
        {
            "trade_id": "20614ac1-1576-4adb-a84e-b1afa30dc777",
            "ticker": "KXHIGHCHI-24NOV27-B43.5",
            "count": 93,
            "created_time": "2024-11-28T04:16:17.961903Z",
            "yes_price": 99,
            "no_price": 1,
            "taker_side": "no"
        },
        {
            "trade_id": "6cc13bb4-7c9e-4c06-a9c4-3b0c3f4dbc43",
            "ticker": "KXHIGHCHI-24NOV27-B43.5",
            "count": 87,
            "created_time": "2024-11-28T03:54:26.167197Z",
            "yes_price": 99,
            "no_price": 1,
            "taker_side": "no"
        },
        {
            "trade_id": "18ecd0fa-8d6d-4b01-a86e-ecfd39cffe73",
            "ticker": "KXHIGHCHI-24NOV27-B43.5",
            "count": 165,
            "created_time": "2024-11-28T03:32:01.517498Z",
            "yes_price": 99,
            "no_price": 1,
            "taker_side": "no"
        },
        {
            "trade_id": "6851c62b-4685-4516-a93a-c565c0d93fad",
            "ticker": "KXHIGHCHI-24NOV27-B43.5",
            "count": 10,
            "created_time": "2024-11-28T03:27:14.896311Z",
            "yes_price": 99,
            "no_price": 1,
            "taker_side": "no"
        },
        {
            "trade_id": "36e0aff8-aac4-462e-b5ca-548be94f7bfc",
            "ticker": "KXHIGHCHI-24NOV27-B43.5",
            "count": 46,
            "created_time": "2024-11-28T02:52:50.162503Z",
            "yes_price": 98,
            "no_price": 2,
            "taker_side": "no"
        },
        {
            "trade_id": "4183c816-683b-4d85-b765-60e69a337fff",
            "ticker": "KXHIGHCHI-24NOV27-B43.5",
            "count": 495,
            "created_time": "2024-11-28T02:48:14.482007Z",
            "yes_price": 99,
            "no_price": 1,
            "taker_side": "no"
        },
        {
            "trade_id": "66d5deb4-26f4-43fe-b694-11ffb1374ba7",
            "ticker": "KXHIGHCHI-24NOV27-B43.5",
            "count": 93,
            "created_time": "2024-11-28T01:07:18.299372Z",
            "yes_price": 99,
            "no_price": 1,
            "taker_side": "no"
        },
        {
            "trade_id": "fe20fd83-f2d2-475f-854b-15b4a75de0c2",
            "ticker": "KXHIGHCHI-24NOV27-B43.5",
            "count": 549,
            "created_time": "2024-11-28T00:49:43.689345Z",
            "yes_price": 99,
            "no_price": 1,
            "taker_side": "no"
        },
        {
            "trade_id": "b0529e02-2a23-4b8d-8b35-ed5116b7beee",
            "ticker": "KXHIGHCHI-24NOV27-B43.5",
            "count": 63,
            "created_time": "2024-11-28T00:48:25.511509Z",
            "yes_price": 99,
            "no_price": 1,
            "taker_side": "no"
        },
        {
            "trade_id": "dc9e28b8-2641-4ee0-84e4-cc8816236fc5",
            "ticker": "KXHIGHCHI-24NOV27-B43.5",
            "count": 5,
            "created_time": "2024-11-28T00:14:42.804782Z",
            "yes_price": 99,
            "no_price": 1,
            "taker_side": "yes"
        },
        {
            "trade_id": "d5949aff-326f-4910-816a-e647ad072789",
            "ticker": "KXHIGHCHI-24NOV27-B43.5",
            "count": 1158,
            "created_time": "2024-11-28T00:14:42.804782Z",
            "yes_price": 99,
            "no_price": 1,
            "taker_side": "yes"
        },
        {
            "trade_id": "b681935d-48e2-4e3c-927f-9142036ab7e8",
            "ticker": "KXHIGHCHI-24NOV27-B43.5",
            "count": 4805,
            "created_time": "2024-11-28T00:14:42.804782Z",
            "yes_price": 99,
            "no_price": 1,
            "taker_side": "yes"
        },
        {
            "trade_id": "4c0d1358-332b-49a8-8d46-0ce0f6f83cb7",
            "ticker": "KXHIGHCHI-24NOV27-B43.5",
            "count": 6,
            "created_time": "2024-11-28T00:11:08.259731Z",
            "yes_price": 99,
            "no_price": 1,
            "taker_side": "yes"
        },
        {
            "trade_id": "55bb402a-efa6-4a3f-8f8c-badda236f389",
            "ticker": "KXHIGHCHI-24NOV27-B43.5",
            "count": 510,
            "created_time": "2024-11-28T00:05:33.403728Z",
            "yes_price": 99,
            "no_price": 1,
            "taker_side": "yes"
        },
        {
            "trade_id": "3959d652-6640-4580-8e83-e3cb8d794cf4",
            "ticker": "KXHIGHCHI-24NOV27-B43.5",
            "count": 215,
            "created_time": "2024-11-28T00:02:44.694114Z",
            "yes_price": 99,
            "no_price": 1,
            "taker_side": "yes"
        },
        {
            "trade_id": "10cbea64-64a3-4539-b28e-af4aae0f78dd",
            "ticker": "KXHIGHCHI-24NOV27-B43.5",
            "count": 20,
            "created_time": "2024-11-28T00:00:32.062958Z",
            "yes_price": 99,
            "no_price": 1,
            "taker_side": "yes"
        },
        {
            "trade_id": "d5504d28-fa2d-4b44-9347-c84fba64fd8e",
            "ticker": "KXHIGHCHI-24NOV27-B43.5",
            "count": 1880,
            "created_time": "2024-11-28T00:00:25.184231Z",
            "yes_price": 99,
            "no_price": 1,
            "taker_side": "yes"
        },
        {
            "trade_id": "29f03be9-fd62-4934-a4c5-141f84cbb44a",
            "ticker": "KXHIGHCHI-24NOV27-B43.5",
            "count": 755,
            "created_time": "2024-11-27T23:53:18.992642Z",
            "yes_price": 99,
            "no_price": 1,
            "taker_side": "yes"
        },
        {
            "trade_id": "b2193080-1955-4dfc-ae79-e58d5616d944",
            "ticker": "KXHIGHCHI-24NOV27-B43.5",
            "count": 64,
            "created_time": "2024-11-27T23:47:52.62708Z",
            "yes_price": 98,
            "no_price": 2,
            "taker_side": "no"
        },
        {
            "trade_id": "453989fc-c7c2-46a0-99f5-6e8871518000",
            "ticker": "KXHIGHCHI-24NOV27-B43.5",
            "count": 135,
            "created_time": "2024-11-27T23:47:00.386393Z",
            "yes_price": 99,
            "no_price": 1,
            "taker_side": "yes"
        },
        {
            "trade_id": "cea351bb-f4ff-4e23-90d8-6e2478cb9547",
            "ticker": "KXHIGHCHI-24NOV27-B43.5",
            "count": 221,
            "created_time": "2024-11-27T23:45:57.182406Z",
            "yes_price": 99,
            "no_price": 1,
            "taker_side": "yes"
        },
        {
            "trade_id": "85053a13-ebd5-4668-80bc-64a50e6c2778",
            "ticker": "KXHIGHCHI-24NOV27-B43.5",
            "count": 1,
            "created_time": "2024-11-27T23:40:52.925196Z",
            "yes_price": 98,
            "no_price": 2,
            "taker_side": "no"
        },
        {
            "trade_id": "e469222f-3517-4b4a-8b8a-c2487f6198ec",
            "ticker": "KXHIGHCHI-24NOV27-B43.5",
            "count": 168,
            "created_time": "2024-11-27T23:27:35.43587Z",
            "yes_price": 98,
            "no_price": 2,
            "taker_side": "no"
        },
        {
            "trade_id": "e1d1a47d-f1c7-47a6-8639-d0e46278e2c2",
            "ticker": "KXHIGHCHI-24NOV27-B43.5",
            "count": 8,
            "created_time": "2024-11-27T23:27:35.43587Z",
            "yes_price": 98,
            "no_price": 2,
            "taker_side": "no"
        },
        {
            "trade_id": "7f10c5c6-84aa-4054-a3da-5b323ce46af5",
            "ticker": "KXHIGHCHI-24NOV27-B43.5",
            "count": 1000,
            "created_time": "2024-11-27T23:23:22.545957Z",
            "yes_price": 99,
            "no_price": 1,
            "taker_side": "yes"
        },
        {
            "trade_id": "f0670714-5dae-4b42-bb61-855bf6e8326f",
            "ticker": "KXHIGHCHI-24NOV27-B43.5",
            "count": 2100,
            "created_time": "2024-11-27T23:21:35.030022Z",
            "yes_price": 99,
            "no_price": 1,
            "taker_side": "yes"
        },
        {
            "trade_id": "c1371a46-2cd1-4323-a197-f3f941af018d",
            "ticker": "KXHIGHCHI-24NOV27-B43.5",
            "count": 90,
            "created_time": "2024-11-27T23:21:35.030022Z",
            "yes_price": 99,
            "no_price": 1,
            "taker_side": "yes"
        },
        {
            "trade_id": "939f2627-d727-424e-8b4f-1f612d112939",
            "ticker": "KXHIGHCHI-24NOV27-B43.5",
            "count": 2556,
            "created_time": "2024-11-27T23:21:35.030022Z",
            "yes_price": 99,
            "no_price": 1,
            "taker_side": "yes"
        },
        {
            "trade_id": "db0f3306-2119-4181-bd05-a794f32209d4",
            "ticker": "KXHIGHCHI-24NOV27-B43.5",
            "count": 1938,
            "created_time": "2024-11-27T23:15:39.454055Z",
            "yes_price": 98,
            "no_price": 2,
            "taker_side": "yes"
        },
        {
            "trade_id": "d5818f12-0eaf-43ac-99b1-9ea62aa81f46",
            "ticker": "KXHIGHCHI-24NOV27-B43.5",
            "count": 180,
            "created_time": "2024-11-27T23:12:45.525437Z",
            "yes_price": 98,
            "no_price": 2,
            "taker_side": "no"
        },
        {
            "trade_id": "011ef63e-0b48-46bb-9516-1e35c3fa3132",
            "ticker": "KXHIGHCHI-24NOV27-B43.5",
            "count": 200,
            "created_time": "2024-11-27T23:12:45.081862Z",
            "yes_price": 99,
            "no_price": 1,
            "taker_side": "yes"
        },
        {
            "trade_id": "436afe22-961c-44cd-b28f-2177b3d2e0c7",
            "ticker": "KXHIGHCHI-24NOV27-B43.5",
            "count": 90,
            "created_time": "2024-11-27T23:10:41.886139Z",
            "yes_price": 98,
            "no_price": 2,
            "taker_side": "no"
        },
        {
            "trade_id": "f8656acf-2c38-4fb1-887f-e3e0dcf6d7b5",
            "ticker": "KXHIGHCHI-24NOV27-B43.5",
            "count": 120,
            "created_time": "2024-11-27T23:10:26.623583Z",
            "yes_price": 99,
            "no_price": 1,
            "taker_side": "yes"
        },
        {
            "trade_id": "f6b4dba2-1bb8-496e-8659-6ab558b4c883",
            "ticker": "KXHIGHCHI-24NOV27-B43.5",
            "count": 80,
            "created_time": "2024-11-27T23:10:26.623583Z",
            "yes_price": 99,
            "no_price": 1,
            "taker_side": "yes"
        },
        {
            "trade_id": "e45427c5-e5b8-412e-8976-edfd65113f87",
            "ticker": "KXHIGHCHI-24NOV27-B43.5",
            "count": 100,
            "created_time": "2024-11-27T23:10:26.623583Z",
            "yes_price": 99,
            "no_price": 1,
            "taker_side": "yes"
        },
        {
            "trade_id": "b335ce0b-5d63-43ba-9326-ca55e451dc1a",
            "ticker": "KXHIGHCHI-24NOV27-B43.5",
            "count": 1000,
            "created_time": "2024-11-27T23:10:26.623583Z",
            "yes_price": 99,
            "no_price": 1,
            "taker_side": "yes"
        },
        {
            "trade_id": "3ed673e6-02e2-4fb9-823b-768037819112",
            "ticker": "KXHIGHCHI-24NOV27-B43.5",
            "count": 244,
            "created_time": "2024-11-27T23:10:26.623583Z",
            "yes_price": 99,
            "no_price": 1,
            "taker_side": "yes"
        },
        {
            "trade_id": "88bc5e17-2270-4e04-b182-dc7d5c1382e1",
            "ticker": "KXHIGHCHI-24NOV27-B43.5",
            "count": 25,
            "created_time": "2024-11-27T23:08:19.115787Z",
            "yes_price": 97,
            "no_price": 3,
            "taker_side": "no"
        },
        {
            "trade_id": "7af47700-1d86-4409-8133-cfd2140468cc",
            "ticker": "KXHIGHCHI-24NOV27-B43.5",
            "count": 93,
            "created_time": "2024-11-27T23:08:05.167002Z",
            "yes_price": 97,
            "no_price": 3,
            "taker_side": "no"
        },
        {
            "trade_id": "d6b54949-d8c0-4107-a369-ca5c5d9c0207",
            "ticker": "KXHIGHCHI-24NOV27-B43.5",
            "count": 500,
            "created_time": "2024-11-27T23:06:02.097764Z",
            "yes_price": 98,
            "no_price": 2,
            "taker_side": "no"
        },
        {
            "trade_id": "d2ab55a5-5403-48af-b254-03c817a2453b",
            "ticker": "KXHIGHCHI-24NOV27-B43.5",
            "count": 1,
            "created_time": "2024-11-27T23:06:02.097764Z",
            "yes_price": 98,
            "no_price": 2,
            "taker_side": "no"
        },
        {
            "trade_id": "5c209cdd-cf31-4bfa-8f06-7f119bc7835b",
            "ticker": "KXHIGHCHI-24NOV27-B43.5",
            "count": 54,
            "created_time": "2024-11-27T23:04:23.078629Z",
            "yes_price": 98,
            "no_price": 2,
            "taker_side": "yes"
        },
        {
            "trade_id": "1094d4a2-0aeb-47b3-9491-e4dc20662380",
            "ticker": "KXHIGHCHI-24NOV27-B43.5",
            "count": 67,
            "created_time": "2024-11-27T23:04:23.078629Z",
            "yes_price": 98,
            "no_price": 2,
            "taker_side": "yes"
        },
        {
            "trade_id": "7cdd4690-d20d-421e-9ba4-bc35c70d24c2",
            "ticker": "KXHIGHCHI-24NOV27-B43.5",
            "count": 1,
            "created_time": "2024-11-27T23:04:11.84801Z",
            "yes_price": 98,
            "no_price": 2,
            "taker_side": "yes"
        },
        {
            "trade_id": "4801795c-84c6-4fff-b01e-36786a1eb64b",
            "ticker": "KXHIGHCHI-24NOV27-B43.5",
            "count": 1,
            "created_time": "2024-11-27T23:04:06.171433Z",
            "yes_price": 98,
            "no_price": 2,
            "taker_side": "yes"
        },
        {
            "trade_id": "792eb871-4b6c-4c0e-ae21-4015e40f9083",
            "ticker": "KXHIGHCHI-24NOV27-B43.5",
            "count": 772,
            "created_time": "2024-11-27T23:04:06.16596Z",
            "yes_price": 98,
            "no_price": 2,
            "taker_side": "yes"
        },
        {
            "trade_id": "2b9694e6-3fa1-4bad-bc6e-7c4af1fbac83",
            "ticker": "KXHIGHCHI-24NOV27-B43.5",
            "count": 1172,
            "created_time": "2024-11-27T23:04:02.5891Z",
            "yes_price": 98,
            "no_price": 2,
            "taker_side": "yes"
        },
        {
            "trade_id": "09bd4626-c06f-4076-bd2f-8c02d6f659ab",
            "ticker": "KXHIGHCHI-24NOV27-B43.5",
            "count": 328,
            "created_time": "2024-11-27T23:04:02.5891Z",
            "yes_price": 98,
            "no_price": 2,
            "taker_side": "yes"
        },
        {
            "trade_id": "500c8158-8f5f-4f31-af61-8c0c80188baf",
            "ticker": "KXHIGHCHI-24NOV27-B43.5",
            "count": 18,
            "created_time": "2024-11-27T23:03:54.747072Z",
            "yes_price": 98,
            "no_price": 2,
            "taker_side": "yes"
        },
        {
            "trade_id": "2e2a7d92-065a-453b-977f-42d72dc0bc1c",
            "ticker": "KXHIGHCHI-24NOV27-B43.5",
            "count": 587,
            "created_time": "2024-11-27T23:03:54.304253Z",
            "yes_price": 98,
            "no_price": 2,
            "taker_side": "yes"
        },
        {
            "trade_id": "a6ab12c2-0d75-4eff-8bb5-9dedb5412505",
            "ticker": "KXHIGHCHI-24NOV27-B43.5",
            "count": 1067,
            "created_time": "2024-11-27T23:03:54.161184Z",
            "yes_price": 98,
            "no_price": 2,
            "taker_side": "yes"
        },
        {
            "trade_id": "154c0fe0-5782-470e-9c02-7aa6b74b5ab6",
            "ticker": "KXHIGHCHI-24NOV27-B43.5",
            "count": 90,
            "created_time": "2024-11-27T23:03:54.161184Z",
            "yes_price": 98,
            "no_price": 2,
            "taker_side": "yes"
        },
        {
            "trade_id": "ddb6f9c3-50c9-4663-96ba-7232aa4316c4",
            "ticker": "KXHIGHCHI-24NOV27-B43.5",
            "count": 957,
            "created_time": "2024-11-27T23:03:16.708881Z",
            "yes_price": 98,
            "no_price": 2,
            "taker_side": "yes"
        },
        {
            "trade_id": "f9e01f39-7bfa-4f70-9f81-a6d7227a5295",
            "ticker": "KXHIGHCHI-24NOV27-B43.5",
            "count": 35,
            "created_time": "2024-11-27T23:00:53.221389Z",
            "yes_price": 98,
            "no_price": 2,
            "taker_side": "yes"
        },
        {
            "trade_id": "b662e4a9-9265-49dc-8981-db9e0ad9ac54",
            "ticker": "KXHIGHCHI-24NOV27-B43.5",
            "count": 75,
            "created_time": "2024-11-27T23:00:30.706575Z",
            "yes_price": 98,
            "no_price": 2,
            "taker_side": "yes"
        },
        {
            "trade_id": "3532eb99-3d4b-4324-ba4c-f4afae3a5683",
            "ticker": "KXHIGHCHI-24NOV27-B43.5",
            "count": 253,
            "created_time": "2024-11-27T22:59:36.067562Z",
            "yes_price": 98,
            "no_price": 2,
            "taker_side": "yes"
        },
        {
            "trade_id": "18550a6a-5eaa-4eb1-b70a-800ebb769f87",
            "ticker": "KXHIGHCHI-24NOV27-B43.5",
            "count": 1500,
            "created_time": "2024-11-27T22:59:21.125521Z",
            "yes_price": 98,
            "no_price": 2,
            "taker_side": "yes"
        },
        {
            "trade_id": "d8c5b117-7452-4bee-a143-3d58f59e0c72",
            "ticker": "KXHIGHCHI-24NOV27-B43.5",
            "count": 6516,
            "created_time": "2024-11-27T22:59:12.638315Z",
            "yes_price": 98,
            "no_price": 2,
            "taker_side": "yes"
        },
        {
            "trade_id": "2781e7b3-073c-43ca-9389-2eb6e56b8b75",
            "ticker": "KXHIGHCHI-24NOV27-B43.5",
            "count": 2619,
            "created_time": "2024-11-27T22:56:52.203231Z",
            "yes_price": 97,
            "no_price": 3,
            "taker_side": "yes"
        },
        {
            "trade_id": "cfd17955-999b-488e-a898-f38f29076f81",
            "ticker": "KXHIGHCHI-24NOV27-B43.5",
            "count": 5061,
            "created_time": "2024-11-27T22:56:20.470806Z",
            "yes_price": 97,
            "no_price": 3,
            "taker_side": "yes"
        },
        {
            "trade_id": "c501a0d3-9299-4ec4-bfe7-e5f693b4c72d",
            "ticker": "KXHIGHCHI-24NOV27-B43.5",
            "count": 100,
            "created_time": "2024-11-27T22:55:11.60069Z",
            "yes_price": 97,
            "no_price": 3,
            "taker_side": "yes"
        },
        {
            "trade_id": "7cb86314-6d43-44b0-9cf5-64fd4335b2df",
            "ticker": "KXHIGHCHI-24NOV27-B43.5",
            "count": 30,
            "created_time": "2024-11-27T22:54:31.417213Z",
            "yes_price": 97,
            "no_price": 3,
            "taker_side": "yes"
        },
        {
            "trade_id": "0b4713a1-d842-4a8d-b74b-32b1631cbbdd",
            "ticker": "KXHIGHCHI-24NOV27-B43.5",
            "count": 1,
            "created_time": "2024-11-27T22:53:50.6123Z",
            "yes_price": 97,
            "no_price": 3,
            "taker_side": "yes"
        },
        {
            "trade_id": "ca11ae00-56ba-49e4-be2e-6da0038ba798",
            "ticker": "KXHIGHCHI-24NOV27-B43.5",
            "count": 352,
            "created_time": "2024-11-27T22:53:06.797894Z",
            "yes_price": 97,
            "no_price": 3,
            "taker_side": "yes"
        },
        {
            "trade_id": "ef85a6eb-0087-488e-8b4a-42cb7f8a995a",
            "ticker": "KXHIGHCHI-24NOV27-B43.5",
            "count": 1000,
            "created_time": "2024-11-27T22:52:31.261133Z",
            "yes_price": 97,
            "no_price": 3,
            "taker_side": "yes"
        },
        {
            "trade_id": "c7db89f4-b4f9-47fc-8d02-5bd0dbe88fb4",
            "ticker": "KXHIGHCHI-24NOV27-B43.5",
            "count": 176,
            "created_time": "2024-11-27T22:52:12.620548Z",
            "yes_price": 97,
            "no_price": 3,
            "taker_side": "yes"
        },
        {
            "trade_id": "822153fb-1450-4a33-9485-de2870a51ef4",
            "ticker": "KXHIGHCHI-24NOV27-B43.5",
            "count": 300,
            "created_time": "2024-11-27T22:52:11.616198Z",
            "yes_price": 97,
            "no_price": 3,
            "taker_side": "yes"
        },
        {
            "trade_id": "f6562e2a-f1a4-47b9-88a0-8ffc1f79235b",
            "ticker": "KXHIGHCHI-24NOV27-B43.5",
            "count": 50,
            "created_time": "2024-11-27T22:52:09.246506Z",
            "yes_price": 97,
            "no_price": 3,
            "taker_side": "yes"
        },
        {
            "trade_id": "60f94169-bea7-4458-9ad9-967c86c01caa",
            "ticker": "KXHIGHCHI-24NOV27-B43.5",
            "count": 1,
            "created_time": "2024-11-27T22:52:09.246506Z",
            "yes_price": 97,
            "no_price": 3,
            "taker_side": "yes"
        },
        {
            "trade_id": "3b11973b-8daf-40c3-953b-fb20c9af6d47",
            "ticker": "KXHIGHCHI-24NOV27-B43.5",
            "count": 361,
            "created_time": "2024-11-27T22:52:09.246506Z",
            "yes_price": 97,
            "no_price": 3,
            "taker_side": "yes"
        },
        {
            "trade_id": "2dd01d00-826f-4108-9072-df394a754e17",
            "ticker": "KXHIGHCHI-24NOV27-B43.5",
            "count": 288,
            "created_time": "2024-11-27T22:52:09.246506Z",
            "yes_price": 97,
            "no_price": 3,
            "taker_side": "yes"
        },
        {
            "trade_id": "20d876e9-b8c5-4fe7-b238-392c20690e98",
            "ticker": "KXHIGHCHI-24NOV27-B43.5",
            "count": 300,
            "created_time": "2024-11-27T22:52:09.246506Z",
            "yes_price": 97,
            "no_price": 3,
            "taker_side": "yes"
        },
        {
            "trade_id": "1df4118a-3b16-40f7-8f56-53fc97e0232a",
            "ticker": "KXHIGHCHI-24NOV27-B43.5",
            "count": 1000,
            "created_time": "2024-11-27T22:51:31.088795Z",
            "yes_price": 97,
            "no_price": 3,
            "taker_side": "yes"
        },
        {
            "trade_id": "00c2f5b4-e4e6-4352-883e-7e0a30d628cd",
            "ticker": "KXHIGHCHI-24NOV27-B43.5",
            "count": 104,
            "created_time": "2024-11-27T22:50:57.176704Z",
            "yes_price": 96,
            "no_price": 4,
            "taker_side": "no"
        },
        {
            "trade_id": "db04055a-1738-44f4-9ee4-d0e07cd2550b",
            "ticker": "KXHIGHCHI-24NOV27-B43.5",
            "count": 4,
            "created_time": "2024-11-27T22:50:29.975031Z",
            "yes_price": 97,
            "no_price": 3,
            "taker_side": "yes"
        },
        {
            "trade_id": "39931ca8-0356-4c73-80eb-b76de221816a",
            "ticker": "KXHIGHCHI-24NOV27-B43.5",
            "count": 1,
            "created_time": "2024-11-27T22:49:10.466946Z",
            "yes_price": 96,
            "no_price": 4,
            "taker_side": "no"
        },
        {
            "trade_id": "7568459f-43ab-4dd4-abb4-e4edb258015a",
            "ticker": "KXHIGHCHI-24NOV27-B43.5",
            "count": 400,
            "created_time": "2024-11-27T22:48:07.082837Z",
            "yes_price": 97,
            "no_price": 3,
            "taker_side": "yes"
        },
        {
            "trade_id": "f647d67a-ae98-4513-bf3b-491aa955263f",
            "ticker": "KXHIGHCHI-24NOV27-B43.5",
            "count": 1,
            "created_time": "2024-11-27T22:47:57.753693Z",
            "yes_price": 97,
            "no_price": 3,
            "taker_side": "yes"
        },
        {
            "trade_id": "528f7136-8aac-452a-8db8-7c29008bfb04",
            "ticker": "KXHIGHCHI-24NOV27-B43.5",
            "count": 817,
            "created_time": "2024-11-27T22:47:42.95521Z",
            "yes_price": 97,
            "no_price": 3,
            "taker_side": "yes"
        },
        {
            "trade_id": "f6c88bb1-f35c-4069-ae1f-d72f6765aef2",
            "ticker": "KXHIGHCHI-24NOV27-B43.5",
            "count": 6,
            "created_time": "2024-11-27T22:46:50.853688Z",
            "yes_price": 94,
            "no_price": 6,
            "taker_side": "no"
        },
        {
            "trade_id": "c137c2d7-2c71-4c3a-aa61-66a6d79d5839",
            "ticker": "KXHIGHCHI-24NOV27-B43.5",
            "count": 10,
            "created_time": "2024-11-27T22:46:50.853688Z",
            "yes_price": 96,
            "no_price": 4,
            "taker_side": "no"
        },
        {
            "trade_id": "75114a82-072c-4072-a324-d2bbbb17876e",
            "ticker": "KXHIGHCHI-24NOV27-B43.5",
            "count": 10,
            "created_time": "2024-11-27T22:45:47.144651Z",
            "yes_price": 97,
            "no_price": 3,
            "taker_side": "yes"
        },
        {
            "trade_id": "2fbed795-f4a4-4ec2-998e-a5d1899899f3",
            "ticker": "KXHIGHCHI-24NOV27-B43.5",
            "count": 73,
            "created_time": "2024-11-27T22:45:26.371549Z",
            "yes_price": 97,
            "no_price": 3,
            "taker_side": "yes"
        },
        {
            "trade_id": "b0c6755b-6955-4d56-8fc0-e03124d556af",
            "ticker": "KXHIGHCHI-24NOV27-B43.5",
            "count": 1000,
            "created_time": "2024-11-27T22:45:25.638673Z",
            "yes_price": 97,
            "no_price": 3,
            "taker_side": "yes"
        },
        {
            "trade_id": "6db953f1-8165-4c4e-a906-f2db87b43e4e",
            "ticker": "KXHIGHCHI-24NOV27-B43.5",
            "count": 1000,
            "created_time": "2024-11-27T22:44:54.971341Z",
            "yes_price": 97,
            "no_price": 3,
            "taker_side": "yes"
        },
        {
            "trade_id": "2f74ce85-5709-46f8-b846-bb350dec3e90",
            "ticker": "KXHIGHCHI-24NOV27-B43.5",
            "count": 100,
            "created_time": "2024-11-27T22:44:51.910373Z",
            "yes_price": 97,
            "no_price": 3,
            "taker_side": "yes"
        },
        {
            "trade_id": "9852ac30-fd38-4ffc-b230-86b7179d2d73",
            "ticker": "KXHIGHCHI-24NOV27-B43.5",
            "count": 3000,
            "created_time": "2024-11-27T22:44:40.235411Z",
            "yes_price": 97,
            "no_price": 3,
            "taker_side": "yes"
        },
        {
            "trade_id": "86b2bb2d-1d49-4b39-acd2-6a39ae83321e",
            "ticker": "KXHIGHCHI-24NOV27-B43.5",
            "count": 10,
            "created_time": "2024-11-27T22:43:54.174052Z",
            "yes_price": 97,
            "no_price": 3,
            "taker_side": "yes"
        },
        {
            "trade_id": "b7386f96-fbba-4edf-9936-a26441f5fd2e",
            "ticker": "KXHIGHCHI-24NOV27-B43.5",
            "count": 1000,
            "created_time": "2024-11-27T22:42:54.158141Z",
            "yes_price": 97,
            "no_price": 3,
            "taker_side": "yes"
        },
        {
            "trade_id": "8f3f10c1-d9db-4a4f-add9-b76f29fd146d",
            "ticker": "KXHIGHCHI-24NOV27-B43.5",
            "count": 89,
            "created_time": "2024-11-27T22:42:40.55645Z",
            "yes_price": 97,
            "no_price": 3,
            "taker_side": "yes"
        },
        {
            "trade_id": "87485c9c-4e18-4b0c-ae4b-06be31ddb1f6",
            "ticker": "KXHIGHCHI-24NOV27-B43.5",
            "count": 100,
            "created_time": "2024-11-27T22:42:20.819648Z",
            "yes_price": 97,
            "no_price": 3,
            "taker_side": "yes"
        },
        {
            "trade_id": "8ddbfd71-0662-4e83-9881-bc3271877803",
            "ticker": "KXHIGHCHI-24NOV27-B43.5",
            "count": 6555,
            "created_time": "2024-11-27T22:42:03.586464Z",
            "yes_price": 97,
            "no_price": 3,
            "taker_side": "yes"
        },
        {
            "trade_id": "5c82ed29-40c0-4b71-9eeb-c09782ec0717",
            "ticker": "KXHIGHCHI-24NOV27-B43.5",
            "count": 10000,
            "created_time": "2024-11-27T22:42:03.586464Z",
            "yes_price": 97,
            "no_price": 3,
            "taker_side": "yes"
        },
        {
            "trade_id": "a8579fd7-811f-4098-bfef-5424c634d6b6",
            "ticker": "KXHIGHCHI-24NOV27-B43.5",
            "count": 30,
            "created_time": "2024-11-27T22:41:43.683524Z",
            "yes_price": 97,
            "no_price": 3,
            "taker_side": "yes"
        },
        {
            "trade_id": "e2502531-3fe0-43d9-b42c-f1eb706e2358",
            "ticker": "KXHIGHCHI-24NOV27-B43.5",
            "count": 222,
            "created_time": "2024-11-27T22:41:14.153925Z",
            "yes_price": 97,
            "no_price": 3,
            "taker_side": "yes"
        },
        {
            "trade_id": "eaeedff4-7209-40e6-90ad-0665c3c0f2bd",
            "ticker": "KXHIGHCHI-24NOV27-B43.5",
            "count": 333,
            "created_time": "2024-11-27T22:41:06.929931Z",
            "yes_price": 97,
            "no_price": 3,
            "taker_side": "yes"
        },
        {
            "trade_id": "9bfc0ad0-80d3-464f-bbce-cccde6c87007",
            "ticker": "KXHIGHCHI-24NOV27-B43.5",
            "count": 222,
            "created_time": "2024-11-27T22:41:01.010511Z",
            "yes_price": 97,
            "no_price": 3,
            "taker_side": "yes"
        },
        {
            "trade_id": "eb5f49d6-665f-456e-9503-4d150cd3f1a7",
            "ticker": "KXHIGHCHI-24NOV27-B43.5",
            "count": 2638,
            "created_time": "2024-11-27T22:41:00.430289Z",
            "yes_price": 97,
            "no_price": 3,
            "taker_side": "yes"
        },
        {
            "trade_id": "35e6404c-3f45-4315-8956-dc21cef75d16",
            "ticker": "KXHIGHCHI-24NOV27-B43.5",
            "count": 362,
            "created_time": "2024-11-27T22:41:00.430289Z",
            "yes_price": 97,
            "no_price": 3,
            "taker_side": "yes"
        },
        {
            "trade_id": "d7f50a2e-454e-469b-8fdb-88f851503290",
            "ticker": "KXHIGHCHI-24NOV27-B43.5",
            "count": 30,
            "created_time": "2024-11-27T22:40:55.654159Z",
            "yes_price": 97,
            "no_price": 3,
            "taker_side": "yes"
        },
        {
            "trade_id": "62d1e8fe-d406-4eec-8f72-94f7c1fba8e7",
            "ticker": "KXHIGHCHI-24NOV27-B43.5",
            "count": 55,
            "created_time": "2024-11-27T22:40:52.279517Z",
            "yes_price": 97,
            "no_price": 3,
            "taker_side": "yes"
        },
        {
            "trade_id": "d27319c6-5d97-4b1b-a863-16a4b47b0449",
            "ticker": "KXHIGHCHI-24NOV27-B43.5",
            "count": 549,
            "created_time": "2024-11-27T22:40:50.521331Z",
            "yes_price": 97,
            "no_price": 3,
            "taker_side": "yes"
        },
        {
            "trade_id": "041d6d00-1cda-4770-a667-b17d07c0e238",
            "ticker": "KXHIGHCHI-24NOV27-B43.5",
            "count": 108,
            "created_time": "2024-11-27T22:40:34.441402Z",
            "yes_price": 97,
            "no_price": 3,
            "taker_side": "yes"
        },
        {
            "trade_id": "8596eef5-1535-4e9a-874c-451d8312e32a",
            "ticker": "KXHIGHCHI-24NOV27-B43.5",
            "count": 2057,
            "created_time": "2024-11-27T22:40:32.699377Z",
            "yes_price": 97,
            "no_price": 3,
            "taker_side": "yes"
        },
        {
            "trade_id": "cb2a59a0-e2bf-4837-8b2a-6a11093b4e6f",
            "ticker": "KXHIGHCHI-24NOV27-B43.5",
            "count": 2291,
            "created_time": "2024-11-27T22:40:25.321976Z",
            "yes_price": 97,
            "no_price": 3,
            "taker_side": "yes"
        },
        {
            "trade_id": "e2494003-b069-4b87-b943-3bfa00ffadd6",
            "ticker": "KXHIGHCHI-24NOV27-B43.5",
            "count": 76,
            "created_time": "2024-11-27T22:40:14.796999Z",
            "yes_price": 87,
            "no_price": 13,
            "taker_side": "no"
        },
        {
            "trade_id": "7bc51ffd-364c-4704-8624-852782b9d6de",
            "ticker": "KXHIGHCHI-24NOV27-B43.5",
            "count": 4444,
            "created_time": "2024-11-27T22:40:01.262958Z",
            "yes_price": 97,
            "no_price": 3,
            "taker_side": "yes"
        },
        {
            "trade_id": "96243ff2-6d55-4c47-9176-94e9df5f3708",
            "ticker": "KXHIGHCHI-24NOV27-B43.5",
            "count": 25,
            "created_time": "2024-11-27T22:39:53.666173Z",
            "yes_price": 96,
            "no_price": 4,
            "taker_side": "no"
        },
        {
            "trade_id": "11f41406-e8e7-4bf6-af08-4671bdf21311",
            "ticker": "KXHIGHCHI-24NOV27-B43.5",
            "count": 74,
            "created_time": "2024-11-27T22:39:39.978188Z",
            "yes_price": 97,
            "no_price": 3,
            "taker_side": "yes"
        },
        {
            "trade_id": "d026a2c6-99cb-4685-8db9-f238c990d336",
            "ticker": "KXHIGHCHI-24NOV27-B43.5",
            "count": 30,
            "created_time": "2024-11-27T22:39:38.408934Z",
            "yes_price": 97,
            "no_price": 3,
            "taker_side": "yes"
        },
        {
            "trade_id": "d4d7c1c6-197f-448a-bfbe-9923a869ed92",
            "ticker": "KXHIGHCHI-24NOV27-B43.5",
            "count": 20000,
            "created_time": "2024-11-27T22:39:17.478842Z",
            "yes_price": 98,
            "no_price": 2,
            "taker_side": "yes"
        },
        {
            "trade_id": "c9c91572-1dc1-470c-a37b-c84459874242",
            "ticker": "KXHIGHCHI-24NOV27-B43.5",
            "count": 3000,
            "created_time": "2024-11-27T22:39:11.186783Z",
            "yes_price": 96,
            "no_price": 4,
            "taker_side": "yes"
        },
        {
            "trade_id": "87abab2d-4445-4d9d-b69a-dcead1f96485",
            "ticker": "KXHIGHCHI-24NOV27-B43.5",
            "count": 527,
            "created_time": "2024-11-27T22:39:11.186783Z",
            "yes_price": 98,
            "no_price": 2,
            "taker_side": "yes"
        },
        {
            "trade_id": "5beb8cf4-74f4-42c4-a48a-ccc166fee60f",
            "ticker": "KXHIGHCHI-24NOV27-B43.5",
            "count": 50,
            "created_time": "2024-11-27T22:39:11.186783Z",
            "yes_price": 98,
            "no_price": 2,
            "taker_side": "yes"
        },
        {
            "trade_id": "576970bd-66b4-4162-b415-2701f8b7e957",
            "ticker": "KXHIGHCHI-24NOV27-B43.5",
            "count": 424,
            "created_time": "2024-11-27T22:39:11.186783Z",
            "yes_price": 97,
            "no_price": 3,
            "taker_side": "yes"
        },
        {
            "trade_id": "2aeb46c3-106b-4014-bc40-6df6484f6541",
            "ticker": "KXHIGHCHI-24NOV27-B43.5",
            "count": 1950,
            "created_time": "2024-11-27T22:39:11.186783Z",
            "yes_price": 98,
            "no_price": 2,
            "taker_side": "yes"
        },
        {
            "trade_id": "0ca8e3ab-141b-403f-890d-945094b486dc",
            "ticker": "KXHIGHCHI-24NOV27-B43.5",
            "count": 100,
            "created_time": "2024-11-27T22:39:11.186783Z",
            "yes_price": 98,
            "no_price": 2,
            "taker_side": "yes"
        },
        {
            "trade_id": "d76167b2-5a71-44cf-b8ff-91de986c98a1",
            "ticker": "KXHIGHCHI-24NOV27-B43.5",
            "count": 1038,
            "created_time": "2024-11-27T22:37:55.71299Z",
            "yes_price": 96,
            "no_price": 4,
            "taker_side": "yes"
        },
        {
            "trade_id": "c116c26e-fdaa-4a0b-be2a-55a1cb1ac2a3",
            "ticker": "KXHIGHCHI-24NOV27-B43.5",
            "count": 194,
            "created_time": "2024-11-27T22:37:55.71299Z",
            "yes_price": 95,
            "no_price": 5,
            "taker_side": "yes"
        },
        {
            "trade_id": "bab2a6af-3e3e-4e2d-9a8d-52bc278576d2",
            "ticker": "KXHIGHCHI-24NOV27-B43.5",
            "count": 76,
            "created_time": "2024-11-27T22:37:55.71299Z",
            "yes_price": 97,
            "no_price": 3,
            "taker_side": "yes"
        },
        {
            "trade_id": "6c94c962-6094-424b-bb25-5c12c43df045",
            "ticker": "KXHIGHCHI-24NOV27-B43.5",
            "count": 100,
            "created_time": "2024-11-27T22:37:55.71299Z",
            "yes_price": 97,
            "no_price": 3,
            "taker_side": "yes"
        },
        {
            "trade_id": "55cc5044-25c5-4de9-b278-ce128a36100c",
            "ticker": "KXHIGHCHI-24NOV27-B43.5",
            "count": 45,
            "created_time": "2024-11-27T22:37:55.71299Z",
            "yes_price": 97,
            "no_price": 3,
            "taker_side": "yes"
        },
        {
            "trade_id": "91f652a1-8861-49cc-bfbd-a23d51497d2a",
            "ticker": "KXHIGHCHI-24NOV27-B43.5",
            "count": 5678,
            "created_time": "2024-11-27T22:35:26.061068Z",
            "yes_price": 88,
            "no_price": 12,
            "taker_side": "yes"
        },
        {
            "trade_id": "971fdb51-481f-4e0f-b704-f23c0f361241",
            "ticker": "KXHIGHCHI-24NOV27-B43.5",
            "count": 200,
            "created_time": "2024-11-27T22:34:51.837887Z",
            "yes_price": 88,
            "no_price": 12,
            "taker_side": "yes"
        },
        {
            "trade_id": "a6290707-046b-4085-b5fd-23a1cbb152e2",
            "ticker": "KXHIGHCHI-24NOV27-B43.5",
            "count": 55,
            "created_time": "2024-11-27T22:28:11.787289Z",
            "yes_price": 90,
            "no_price": 10,
            "taker_side": "yes"
        },
        {
            "trade_id": "4b946096-e5c8-4b12-8d9d-15c11320829b",
            "ticker": "KXHIGHCHI-24NOV27-B43.5",
            "count": 67,
            "created_time": "2024-11-27T22:27:52.212578Z",
            "yes_price": 90,
            "no_price": 10,
            "taker_side": "yes"
        },
        {
            "trade_id": "a6be212f-766f-4e83-83c9-11982a05d0c7",
            "ticker": "KXHIGHCHI-24NOV27-B43.5",
            "count": 39,
            "created_time": "2024-11-27T22:27:16.950584Z",
            "yes_price": 91,
            "no_price": 9,
            "taker_side": "yes"
        },
        {
            "trade_id": "6ecef250-958f-43eb-943d-e1bd82900dc3",
            "ticker": "KXHIGHCHI-24NOV27-B43.5",
            "count": 47,
            "created_time": "2024-11-27T22:25:35.943414Z",
            "yes_price": 83,
            "no_price": 17,
            "taker_side": "no"
        },
        {
            "trade_id": "c95a90f9-b5bf-4e86-adca-5c088344601b",
            "ticker": "KXHIGHCHI-24NOV27-B43.5",
            "count": 370,
            "created_time": "2024-11-27T22:22:42.405695Z",
            "yes_price": 81,
            "no_price": 19,
            "taker_side": "no"
        },
        {
            "trade_id": "506c8950-35ba-4134-be29-a57c046fbcf7",
            "ticker": "KXHIGHCHI-24NOV27-B43.5",
            "count": 29,
            "created_time": "2024-11-27T22:22:42.405695Z",
            "yes_price": 82,
            "no_price": 18,
            "taker_side": "no"
        },
        {
            "trade_id": "49653354-633b-4e52-b1b4-491bb76ed979",
            "ticker": "KXHIGHCHI-24NOV27-B43.5",
            "count": 34,
            "created_time": "2024-11-27T22:22:22.742868Z",
            "yes_price": 82,
            "no_price": 18,
            "taker_side": "no"
        },
        {
            "trade_id": "2a8e3712-b68f-4c94-b8b6-0f760f50a521",
            "ticker": "KXHIGHCHI-24NOV27-B43.5",
            "count": 71,
            "created_time": "2024-11-27T22:22:22.742868Z",
            "yes_price": 82,
            "no_price": 18,
            "taker_side": "no"
        },
        {
            "trade_id": "fd4f6e67-93da-4aac-ba71-21989010f675",
            "ticker": "KXHIGHCHI-24NOV27-B43.5",
            "count": 95,
            "created_time": "2024-11-27T22:22:07.238944Z",
            "yes_price": 85,
            "no_price": 15,
            "taker_side": "no"
        },
        {
            "trade_id": "856689e0-ca0d-45fd-ad3f-f677a026fae2",
            "ticker": "KXHIGHCHI-24NOV27-B43.5",
            "count": 2000,
            "created_time": "2024-11-27T22:22:07.238944Z",
            "yes_price": 85,
            "no_price": 15,
            "taker_side": "no"
        },
        {
            "trade_id": "6ad44a45-d705-4149-b5ee-78631ad5a5fb",
            "ticker": "KXHIGHCHI-24NOV27-B43.5",
            "count": 100,
            "created_time": "2024-11-27T22:21:57.659269Z",
            "yes_price": 86,
            "no_price": 14,
            "taker_side": "no"
        },
        {
            "trade_id": "3c9d98e6-265f-4f7e-8e82-f2b87e94ca5e",
            "ticker": "KXHIGHCHI-24NOV27-B43.5",
            "count": 500,
            "created_time": "2024-11-27T22:21:57.659269Z",
            "yes_price": 86,
            "no_price": 14,
            "taker_side": "no"
        },
        {
            "trade_id": "dbdcdd35-585a-4b07-9f0c-3d5bd9717b9e",
            "ticker": "KXHIGHCHI-24NOV27-B43.5",
            "count": 8,
            "created_time": "2024-11-27T22:19:27.74875Z",
            "yes_price": 91,
            "no_price": 9,
            "taker_side": "yes"
        },
        {
            "trade_id": "9b41cae9-b8da-4b22-beed-6c3394ac36c8",
            "ticker": "KXHIGHCHI-24NOV27-B43.5",
            "count": 100,
            "created_time": "2024-11-27T22:19:08.51509Z",
            "yes_price": 87,
            "no_price": 13,
            "taker_side": "no"
        },
        {
            "trade_id": "5ec370ae-7193-485a-b42d-5682788b8a49",
            "ticker": "KXHIGHCHI-24NOV27-B43.5",
            "count": 27,
            "created_time": "2024-11-27T22:19:08.51509Z",
            "yes_price": 87,
            "no_price": 13,
            "taker_side": "no"
        },
        {
            "trade_id": "2241cc78-6e79-4b1f-957a-ee933a6c8126",
            "ticker": "KXHIGHCHI-24NOV27-B43.5",
            "count": 1,
            "created_time": "2024-11-27T22:18:54.264724Z",
            "yes_price": 88,
            "no_price": 12,
            "taker_side": "no"
        },
        {
            "trade_id": "a532cb7c-6dd3-45a6-92c2-6e629f0f8e36",
            "ticker": "KXHIGHCHI-24NOV27-B43.5",
            "count": 96,
            "created_time": "2024-11-27T22:18:42.347631Z",
            "yes_price": 88,
            "no_price": 12,
            "taker_side": "no"
        },
        {
            "trade_id": "97feeed8-2211-4014-b801-381dc3f781de",
            "ticker": "KXHIGHCHI-24NOV27-B43.5",
            "count": 4,
            "created_time": "2024-11-27T22:18:42.347631Z",
            "yes_price": 88,
            "no_price": 12,
            "taker_side": "no"
        },
        {
            "trade_id": "24f8b59b-d14b-49e0-b547-64882d3ed0fd",
            "ticker": "KXHIGHCHI-24NOV27-B43.5",
            "count": 4,
            "created_time": "2024-11-27T22:18:24.452758Z",
            "yes_price": 88,
            "no_price": 12,
            "taker_side": "no"
        },
        {
            "trade_id": "9948e826-0bc2-4451-b28c-ea8651990521",
            "ticker": "KXHIGHCHI-24NOV27-B43.5",
            "count": 100,
            "created_time": "2024-11-27T22:18:01.810812Z",
            "yes_price": 87,
            "no_price": 13,
            "taker_side": "no"
        },
        {
            "trade_id": "dfa24cbc-67d1-4d77-9e42-01029b1fb39a",
            "ticker": "KXHIGHCHI-24NOV27-B43.5",
            "count": 100,
            "created_time": "2024-11-27T22:17:51.687906Z",
            "yes_price": 88,
            "no_price": 12,
            "taker_side": "no"
        },
        {
            "trade_id": "7bf9f880-fc10-4844-af6f-2d540dd90673",
            "ticker": "KXHIGHCHI-24NOV27-B43.5",
            "count": 73,
            "created_time": "2024-11-27T22:16:25.497264Z",
            "yes_price": 87,
            "no_price": 13,
            "taker_side": "no"
        },
        {
            "trade_id": "717e8c99-1405-4b35-a833-05493bd0b338",
            "ticker": "KXHIGHCHI-24NOV27-B43.5",
            "count": 62,
            "created_time": "2024-11-27T22:16:25.497264Z",
            "yes_price": 88,
            "no_price": 12,
            "taker_side": "no"
        },
        {
            "trade_id": "d4828b47-efc8-47cf-b927-1234a1247fbb",
            "ticker": "KXHIGHCHI-24NOV27-B43.5",
            "count": 38,
            "created_time": "2024-11-27T22:16:25.493237Z",
            "yes_price": 88,
            "no_price": 12,
            "taker_side": "no"
        },
        {
            "trade_id": "9997136e-632f-4fff-9e57-29f4c56fe34e",
            "ticker": "KXHIGHCHI-24NOV27-B43.5",
            "count": 97,
            "created_time": "2024-11-27T22:16:25.493237Z",
            "yes_price": 88,
            "no_price": 12,
            "taker_side": "no"
        },
        {
            "trade_id": "de84cdec-8a18-48e7-b76f-dabd74a26978",
            "ticker": "KXHIGHCHI-24NOV27-B43.5",
            "count": 103,
            "created_time": "2024-11-27T22:16:25.408636Z",
            "yes_price": 89,
            "no_price": 11,
            "taker_side": "no"
        },
        {
            "trade_id": "4fd3709e-0f31-4157-94db-44a920397138",
            "ticker": "KXHIGHCHI-24NOV27-B43.5",
            "count": 32,
            "created_time": "2024-11-27T22:16:25.408636Z",
            "yes_price": 89,
            "no_price": 11,
            "taker_side": "no"
        },
        {
            "trade_id": "b399e707-4f19-451e-9e93-b75bb6192800",
            "ticker": "KXHIGHCHI-24NOV27-B43.5",
            "count": 1,
            "created_time": "2024-11-27T22:14:31.987894Z",
            "yes_price": 89,
            "no_price": 11,
            "taker_side": "no"
        },
        {
            "trade_id": "c0d2eb65-1dd3-4106-a07b-9c7fccd50b4a",
            "ticker": "KXHIGHCHI-24NOV27-B43.5",
            "count": 32,
            "created_time": "2024-11-27T22:14:02.032712Z",
            "yes_price": 91,
            "no_price": 9,
            "taker_side": "yes"
        },
        {
            "trade_id": "60ef9fc2-c615-4e04-8fa5-5a961d160e11",
            "ticker": "KXHIGHCHI-24NOV27-B43.5",
            "count": 104,
            "created_time": "2024-11-27T22:13:02.804492Z",
            "yes_price": 90,
            "no_price": 10,
            "taker_side": "no"
        },
        {
            "trade_id": "561cdb28-3c2f-4fdd-871b-04630bc5be96",
            "ticker": "KXHIGHCHI-24NOV27-B43.5",
            "count": 396,
            "created_time": "2024-11-27T22:13:02.804492Z",
            "yes_price": 89,
            "no_price": 11,
            "taker_side": "no"
        },
        {
            "trade_id": "b1eae17a-b156-4fbe-b971-e0adca2e6dc1",
            "ticker": "KXHIGHCHI-24NOV27-B43.5",
            "count": 154,
            "created_time": "2024-11-27T22:12:53.265617Z",
            "yes_price": 90,
            "no_price": 10,
            "taker_side": "no"
        },
        {
            "trade_id": "c222614e-61be-4599-91f9-0b40a4a78846",
            "ticker": "KXHIGHCHI-24NOV27-B43.5",
            "count": 6,
            "created_time": "2024-11-27T22:10:47.806471Z",
            "yes_price": 95,
            "no_price": 5,
            "taker_side": "yes"
        },
        {
            "trade_id": "5e9e3b33-05cc-4bd3-bad2-f395e6b9c87c",
            "ticker": "KXHIGHCHI-24NOV27-B43.5",
            "count": 3,
            "created_time": "2024-11-27T22:10:30.658248Z",
            "yes_price": 88,
            "no_price": 12,
            "taker_side": "no"
        },
        {
            "trade_id": "9f7891bc-356f-4919-aba9-e2e507d3122a",
            "ticker": "KXHIGHCHI-24NOV27-B43.5",
            "count": 50,
            "created_time": "2024-11-27T22:07:47.89592Z",
            "yes_price": 93,
            "no_price": 7,
            "taker_side": "yes"
        },
        {
            "trade_id": "73e116dc-70ec-451c-a87c-ab89159c54af",
            "ticker": "KXHIGHCHI-24NOV27-B43.5",
            "count": 50,
            "created_time": "2024-11-27T22:07:47.89592Z",
            "yes_price": 94,
            "no_price": 6,
            "taker_side": "yes"
        },
        {
            "trade_id": "6b9e68c7-4060-4782-b426-bb2e46851c57",
            "ticker": "KXHIGHCHI-24NOV27-B43.5",
            "count": 212,
            "created_time": "2024-11-27T22:07:47.89592Z",
            "yes_price": 96,
            "no_price": 4,
            "taker_side": "yes"
        },
        {
            "trade_id": "5ecf3fd3-daa1-4ee3-ad04-58202aacdf41",
            "ticker": "KXHIGHCHI-24NOV27-B43.5",
            "count": 135,
            "created_time": "2024-11-27T22:07:47.89592Z",
            "yes_price": 92,
            "no_price": 8,
            "taker_side": "yes"
        },
        {
            "trade_id": "36974c60-6dca-4985-9918-a2eb2825fb48",
            "ticker": "KXHIGHCHI-24NOV27-B43.5",
            "count": 500,
            "created_time": "2024-11-27T22:07:47.89592Z",
            "yes_price": 95,
            "no_price": 5,
            "taker_side": "yes"
        },
        {
            "trade_id": "1af5e8d0-182f-436b-9998-fcfe7c934bfc",
            "ticker": "KXHIGHCHI-24NOV27-B43.5",
            "count": 100,
            "created_time": "2024-11-27T22:07:46.013692Z",
            "yes_price": 92,
            "no_price": 8,
            "taker_side": "yes"
        },
        {
            "trade_id": "bebec4c9-cc46-4cb8-bf56-7806eb0b15d2",
            "ticker": "KXHIGHCHI-24NOV27-B43.5",
            "count": 4568,
            "created_time": "2024-11-27T22:07:31.995688Z",
            "yes_price": 85,
            "no_price": 15,
            "taker_side": "no"
        },
        {
            "trade_id": "6b963f9f-a4d4-41d8-bc4a-b472cff0b355",
            "ticker": "KXHIGHCHI-24NOV27-B43.5",
            "count": 2000,
            "created_time": "2024-11-27T22:07:27.95974Z",
            "yes_price": 86,
            "no_price": 14,
            "taker_side": "no"
        },
        {
            "trade_id": "318fc010-4d19-4bee-b46b-489ccc238d8f",
            "ticker": "KXHIGHCHI-24NOV27-B43.5",
            "count": 2000,
            "created_time": "2024-11-27T22:07:06.106606Z",
            "yes_price": 87,
            "no_price": 13,
            "taker_side": "no"
        },
        {
            "trade_id": "19b5e362-e9bd-4891-ad00-0c527890e592",
            "ticker": "KXHIGHCHI-24NOV27-B43.5",
            "count": 1000,
            "created_time": "2024-11-27T22:06:47.561679Z",
            "yes_price": 88,
            "no_price": 12,
            "taker_side": "no"
        },
        {
            "trade_id": "00553a87-56cc-436f-a7bb-10bacf8730ea",
            "ticker": "KXHIGHCHI-24NOV27-B43.5",
            "count": 50,
            "created_time": "2024-11-27T22:06:42.91097Z",
            "yes_price": 89,
            "no_price": 11,
            "taker_side": "no"
        },
        {
            "trade_id": "a7c5e0dc-dd9e-41b5-bf87-2cf854f72265",
            "ticker": "KXHIGHCHI-24NOV27-B43.5",
            "count": 13,
            "created_time": "2024-11-27T22:05:49.858293Z",
            "yes_price": 95,
            "no_price": 5,
            "taker_side": "yes"
        },
        {
            "trade_id": "6cc5b562-fc78-4a06-b203-d4560fbc6b7d",
            "ticker": "KXHIGHCHI-24NOV27-B43.5",
            "count": 200,
            "created_time": "2024-11-27T22:05:20.7191Z",
            "yes_price": 89,
            "no_price": 11,
            "taker_side": "no"
        },
        {
            "trade_id": "2a9dd2cd-d917-47ac-a3ae-365622c53303",
            "ticker": "KXHIGHCHI-24NOV27-B43.5",
            "count": 50,
            "created_time": "2024-11-27T22:05:20.7191Z",
            "yes_price": 89,
            "no_price": 11,
            "taker_side": "no"
        },
        {
            "trade_id": "22677b73-b110-4eb5-84d3-358016f6d5c6",
            "ticker": "KXHIGHCHI-24NOV27-B43.5",
            "count": 235,
            "created_time": "2024-11-27T22:05:20.7191Z",
            "yes_price": 89,
            "no_price": 11,
            "taker_side": "no"
        },
        {
            "trade_id": "90b4dc5a-4e7a-4e5e-ac12-cf6667d526cf",
            "ticker": "KXHIGHCHI-24NOV27-B43.5",
            "count": 5,
            "created_time": "2024-11-27T22:04:16.817368Z",
            "yes_price": 95,
            "no_price": 5,
            "taker_side": "yes"
        },
        {
            "trade_id": "6883e25b-3dd3-4ed8-8b1e-64bb70de9675",
            "ticker": "KXHIGHCHI-24NOV27-B43.5",
            "count": 47,
            "created_time": "2024-11-27T22:04:16.817368Z",
            "yes_price": 94,
            "no_price": 6,
            "taker_side": "yes"
        },
        {
            "trade_id": "f2916fb1-3bef-4a14-a739-aa504d467deb",
            "ticker": "KXHIGHCHI-24NOV27-B43.5",
            "count": 80,
            "created_time": "2024-11-27T22:03:52.72062Z",
            "yes_price": 89,
            "no_price": 11,
            "taker_side": "no"
        },
        {
            "trade_id": "d073983b-8d2d-42a0-ab25-35bfed38df47",
            "ticker": "KXHIGHCHI-24NOV27-B43.5",
            "count": 2000,
            "created_time": "2024-11-27T22:03:52.72062Z",
            "yes_price": 89,
            "no_price": 11,
            "taker_side": "no"
        },
        {
            "trade_id": "00795935-bc06-4392-b8ec-9049f807298b",
            "ticker": "KXHIGHCHI-24NOV27-B43.5",
            "count": 400,
            "created_time": "2024-11-27T22:03:47.653988Z",
            "yes_price": 90,
            "no_price": 10,
            "taker_side": "no"
        },
        {
            "trade_id": "c41f78d9-3e13-4f9e-a950-aaec1a0d2d98",
            "ticker": "KXHIGHCHI-24NOV27-B43.5",
            "count": 3,
            "created_time": "2024-11-27T22:03:12.331226Z",
            "yes_price": 94,
            "no_price": 6,
            "taker_side": "yes"
        },
        {
            "trade_id": "329338a1-5508-4ad8-94a6-8f19aac27cc1",
            "ticker": "KXHIGHCHI-24NOV27-B43.5",
            "count": 39,
            "created_time": "2024-11-27T22:02:30.439795Z",
            "yes_price": 94,
            "no_price": 6,
            "taker_side": "yes"
        },
        {
            "trade_id": "295745f3-d6e5-402c-a46d-515629f2f061",
            "ticker": "KXHIGHCHI-24NOV27-B43.5",
            "count": 13,
            "created_time": "2024-11-27T22:02:30.439795Z",
            "yes_price": 95,
            "no_price": 5,
            "taker_side": "yes"
        },
        {
            "trade_id": "e733d87a-be91-4318-bf98-b8de0e891e7c",
            "ticker": "KXHIGHCHI-24NOV27-B43.5",
            "count": 133,
            "created_time": "2024-11-27T22:02:27.645757Z",
            "yes_price": 90,
            "no_price": 10,
            "taker_side": "no"
        },
        {
            "trade_id": "43372cce-638d-45e1-8fce-3c4d8d07ebd4",
            "ticker": "KXHIGHCHI-24NOV27-B43.5",
            "count": 2000,
            "created_time": "2024-11-27T22:02:27.645757Z",
            "yes_price": 90,
            "no_price": 10,
            "taker_side": "no"
        },
        {
            "trade_id": "a62483d7-bcd6-4705-aa76-6233a7f8f163",
            "ticker": "KXHIGHCHI-24NOV27-B43.5",
            "count": 50,
            "created_time": "2024-11-27T22:02:23.249719Z",
            "yes_price": 91,
            "no_price": 9,
            "taker_side": "no"
        },
        {
            "trade_id": "f5124b00-5e34-48db-8511-f119b7b4e84c",
            "ticker": "KXHIGHCHI-24NOV27-B43.5",
            "count": 1000,
            "created_time": "2024-11-27T22:01:20.228509Z",
            "yes_price": 90,
            "no_price": 10,
            "taker_side": "no"
        },
        {
            "trade_id": "a697d0d9-a437-430e-a366-0472ce505908",
            "ticker": "KXHIGHCHI-24NOV27-B43.5",
            "count": 32,
            "created_time": "2024-11-27T22:01:16.205307Z",
            "yes_price": 91,
            "no_price": 9,
            "taker_side": "no"
        },
        {
            "trade_id": "bd5a92a4-d4c8-4991-8977-acf0696d3f8d",
            "ticker": "KXHIGHCHI-24NOV27-B43.5",
            "count": 90,
            "created_time": "2024-11-27T22:01:12.294702Z",
            "yes_price": 92,
            "no_price": 8,
            "taker_side": "no"
        },
        {
            "trade_id": "e32e7de2-f28b-42ba-870e-319024a68126",
            "ticker": "KXHIGHCHI-24NOV27-B43.5",
            "count": 25,
            "created_time": "2024-11-27T22:01:04.372291Z",
            "yes_price": 95,
            "no_price": 5,
            "taker_side": "yes"
        },
        {
            "trade_id": "6763887c-d571-465d-b6d1-4c6fa5b2baa4",
            "ticker": "KXHIGHCHI-24NOV27-B43.5",
            "count": 200,
            "created_time": "2024-11-27T21:58:03.156223Z",
            "yes_price": 89,
            "no_price": 11,
            "taker_side": "no"
        },
        {
            "trade_id": "65439643-9918-4ae5-bd57-f75355634ffa",
            "ticker": "KXHIGHCHI-24NOV27-B43.5",
            "count": 2000,
            "created_time": "2024-11-27T21:58:03.156223Z",
            "yes_price": 89,
            "no_price": 11,
            "taker_side": "no"
        },
        {
            "trade_id": "0022f207-a332-433a-ae09-e9a37a8428d4",
            "ticker": "KXHIGHCHI-24NOV27-B43.5",
            "count": 50,
            "created_time": "2024-11-27T21:57:45.879211Z",
            "yes_price": 90,
            "no_price": 10,
            "taker_side": "no"
        },
        {
            "trade_id": "aabc67fd-9d13-4c50-903b-0fa523f14ffc",
            "ticker": "KXHIGHCHI-24NOV27-B43.5",
            "count": 1,
            "created_time": "2024-11-27T21:56:54.516695Z",
            "yes_price": 94,
            "no_price": 6,
            "taker_side": "yes"
        },
        {
            "trade_id": "72c8ccb2-e37a-4106-b365-43ab220c2b55",
            "ticker": "KXHIGHCHI-24NOV27-B43.5",
            "count": 2000,
            "created_time": "2024-11-27T21:56:28.861822Z",
            "yes_price": 90,
            "no_price": 10,
            "taker_side": "no"
        },
        {
            "trade_id": "a979dd0f-7582-47d7-be4e-b802c5fd10e8",
            "ticker": "KXHIGHCHI-24NOV27-B43.5",
            "count": 251,
            "created_time": "2024-11-27T21:56:15.271778Z",
            "yes_price": 90,
            "no_price": 10,
            "taker_side": "no"
        },
        {
            "trade_id": "33aed4ad-c0c2-4397-87f4-b6252c6f9a21",
            "ticker": "KXHIGHCHI-24NOV27-B43.5",
            "count": 252,
            "created_time": "2024-11-27T21:56:11.25015Z",
            "yes_price": 90,
            "no_price": 10,
            "taker_side": "no"
        },
        {
            "trade_id": "85002a54-248f-4a47-883c-d26fd2e518a7",
            "ticker": "KXHIGHCHI-24NOV27-B43.5",
            "count": 252,
            "created_time": "2024-11-27T21:56:00.803944Z",
            "yes_price": 90,
            "no_price": 10,
            "taker_side": "no"
        },
        {
            "trade_id": "a9ea14a3-d1af-40e0-b22c-77a4adc5f325",
            "ticker": "KXHIGHCHI-24NOV27-B43.5",
            "count": 250,
            "created_time": "2024-11-27T21:55:59.510254Z",
            "yes_price": 91,
            "no_price": 9,
            "taker_side": "yes"
        },
        {
            "trade_id": "8e49a5c6-081e-4d77-8aa1-2dc4fcd9391a",
            "ticker": "KXHIGHCHI-24NOV27-B43.5",
            "count": 251,
            "created_time": "2024-11-27T21:55:49.483444Z",
            "yes_price": 91,
            "no_price": 9,
            "taker_side": "no"
        },
        {
            "trade_id": "10a52a83-499e-439e-9416-97e6a1e53fc9",
            "ticker": "KXHIGHCHI-24NOV27-B43.5",
            "count": 251,
            "created_time": "2024-11-27T21:55:45.117037Z",
            "yes_price": 91,
            "no_price": 9,
            "taker_side": "no"
        },
        {
            "trade_id": "04433b44-f69b-4488-91f8-d3652e6a2d7e",
            "ticker": "KXHIGHCHI-24NOV27-B43.5",
            "count": 252,
            "created_time": "2024-11-27T21:55:38.653135Z",
            "yes_price": 91,
            "no_price": 9,
            "taker_side": "no"
        },
        {
            "trade_id": "9eed7233-f35b-4312-9953-eb3387d156e2",
            "ticker": "KXHIGHCHI-24NOV27-B43.5",
            "count": 2000,
            "created_time": "2024-11-27T21:53:08.885011Z",
            "yes_price": 89,
            "no_price": 11,
            "taker_side": "no"
        },
        {
            "trade_id": "52305670-8356-442e-97da-9addeae0f58d",
            "ticker": "KXHIGHCHI-24NOV27-B43.5",
            "count": 2000,
            "created_time": "2024-11-27T21:53:03.343065Z",
            "yes_price": 88,
            "no_price": 12,
            "taker_side": "no"
        },
        {
            "trade_id": "ab6e0aca-6ca6-4fd2-858e-a1e585461249",
            "ticker": "KXHIGHCHI-24NOV27-B43.5",
            "count": 1017,
            "created_time": "2024-11-27T21:52:06.430874Z",
            "yes_price": 89,
            "no_price": 11,
            "taker_side": "no"
        },
        {
            "trade_id": "43a74f35-5872-4ebb-8573-3fc759293d83",
            "ticker": "KXHIGHCHI-24NOV27-B43.5",
            "count": 3,
            "created_time": "2024-11-27T21:51:56.946874Z",
            "yes_price": 89,
            "no_price": 11,
            "taker_side": "no"
        },
        {
            "trade_id": "8d41b5d8-28cc-441f-8283-bd236a63657a",
            "ticker": "KXHIGHCHI-24NOV27-B43.5",
            "count": 20,
            "created_time": "2024-11-27T21:50:08.168264Z",
            "yes_price": 89,
            "no_price": 11,
            "taker_side": "no"
        },
        {
            "trade_id": "6ddf4e54-8add-4395-93bc-7606b64c1d2a",
            "ticker": "KXHIGHCHI-24NOV27-B43.5",
            "count": 980,
            "created_time": "2024-11-27T21:50:08.168264Z",
            "yes_price": 89,
            "no_price": 11,
            "taker_side": "no"
        },
        {
            "trade_id": "5df3d362-489f-47aa-b1ca-88f811d60da2",
            "ticker": "KXHIGHCHI-24NOV27-B43.5",
            "count": 2000,
            "created_time": "2024-11-27T21:48:48.149975Z",
            "yes_price": 89,
            "no_price": 11,
            "taker_side": "no"
        },
        {
            "trade_id": "5c5109d0-60ab-4754-96fd-caf17c4233da",
            "ticker": "KXHIGHCHI-24NOV27-B43.5",
            "count": 2,
            "created_time": "2024-11-27T21:48:37.844003Z",
            "yes_price": 89,
            "no_price": 11,
            "taker_side": "no"
        },
        {
            "trade_id": "4b705193-31b6-47ff-9605-a1e75595a296",
            "ticker": "KXHIGHCHI-24NOV27-B43.5",
            "count": 2000,
            "created_time": "2024-11-27T21:48:37.844003Z",
            "yes_price": 89,
            "no_price": 11,
            "taker_side": "no"
        },
        {
            "trade_id": "2685925e-d033-49f1-8b67-d9fa4cd32c05",
            "ticker": "KXHIGHCHI-24NOV27-B43.5",
            "count": 3200,
            "created_time": "2024-11-27T21:44:51.535367Z",
            "yes_price": 89,
            "no_price": 11,
            "taker_side": "no"
        },
        {
            "trade_id": "3bd0862a-da6c-47aa-8145-1eeeb8195af8",
            "ticker": "KXHIGHCHI-24NOV27-B43.5",
            "count": 2000,
            "created_time": "2024-11-27T21:44:32.094572Z",
            "yes_price": 90,
            "no_price": 10,
            "taker_side": "no"
        },
        {
            "trade_id": "47263a81-c989-4643-b347-582ef1e9b2bd",
            "ticker": "KXHIGHCHI-24NOV27-B43.5",
            "count": 257,
            "created_time": "2024-11-27T21:43:42.257731Z",
            "yes_price": 91,
            "no_price": 9,
            "taker_side": "no"
        },
        {
            "trade_id": "44fab748-a80e-4cf0-b5e5-2ed136f94fcd",
            "ticker": "KXHIGHCHI-24NOV27-B43.5",
            "count": 257,
            "created_time": "2024-11-27T21:43:37.198228Z",
            "yes_price": 91,
            "no_price": 9,
            "taker_side": "no"
        },
        {
            "trade_id": "6b2089ce-a04d-4e41-9a5e-83c6b0ac8ce5",
            "ticker": "KXHIGHCHI-24NOV27-B43.5",
            "count": 257,
            "created_time": "2024-11-27T21:43:32.202912Z",
            "yes_price": 91,
            "no_price": 9,
            "taker_side": "no"
        },
        {
            "trade_id": "f5a1dacd-085d-431f-a2c7-4d35c415f64f",
            "ticker": "KXHIGHCHI-24NOV27-B43.5",
            "count": 257,
            "created_time": "2024-11-27T21:43:26.347168Z",
            "yes_price": 91,
            "no_price": 9,
            "taker_side": "no"
        },
        {
            "trade_id": "29ec7cb4-ab93-471f-a273-93d971e24709",
            "ticker": "KXHIGHCHI-24NOV27-B43.5",
            "count": 100,
            "created_time": "2024-11-27T21:43:04.202523Z",
            "yes_price": 91,
            "no_price": 9,
            "taker_side": "no"
        },
        {
            "trade_id": "f27e0aff-0506-4424-b16a-9fdf5b62c300",
            "ticker": "KXHIGHCHI-24NOV27-B43.5",
            "count": 46,
            "created_time": "2024-11-27T21:42:56.265499Z",
            "yes_price": 92,
            "no_price": 8,
            "taker_side": "no"
        },
        {
            "trade_id": "546a89fb-9645-4b2e-8c9c-6030fac4fa94",
            "ticker": "KXHIGHCHI-24NOV27-B43.5",
            "count": 257,
            "created_time": "2024-11-27T21:42:43.958163Z",
            "yes_price": 91,
            "no_price": 9,
            "taker_side": "no"
        },
        {
            "trade_id": "35046c53-f5ab-4af6-a5a7-821690ad8c06",
            "ticker": "KXHIGHCHI-24NOV27-B43.5",
            "count": 257,
            "created_time": "2024-11-27T21:42:39.105809Z",
            "yes_price": 91,
            "no_price": 9,
            "taker_side": "no"
        },
        {
            "trade_id": "830fe3f3-9cd5-4e10-9bd9-fef5c6cf7ad3",
            "ticker": "KXHIGHCHI-24NOV27-B43.5",
            "count": 3,
            "created_time": "2024-11-27T21:42:35.340496Z",
            "yes_price": 95,
            "no_price": 5,
            "taker_side": "yes"
        },
        {
            "trade_id": "ec997614-a549-4377-a297-c51979f45c93",
            "ticker": "KXHIGHCHI-24NOV27-B43.5",
            "count": 257,
            "created_time": "2024-11-27T21:42:33.318579Z",
            "yes_price": 91,
            "no_price": 9,
            "taker_side": "no"
        },
        {
            "trade_id": "3b305614-5a7f-4694-8fdd-8c8d6a28ecbe",
            "ticker": "KXHIGHCHI-24NOV27-B43.5",
            "count": 257,
            "created_time": "2024-11-27T21:42:22.665615Z",
            "yes_price": 91,
            "no_price": 9,
            "taker_side": "no"
        },
        {
            "trade_id": "ceaef758-b726-4300-8dbc-3d6d6b1f0c22",
            "ticker": "KXHIGHCHI-24NOV27-B43.5",
            "count": 257,
            "created_time": "2024-11-27T21:42:17.829677Z",
            "yes_price": 91,
            "no_price": 9,
            "taker_side": "no"
        },
        {
            "trade_id": "4046071c-c62a-4de8-9216-9c9d3ce45e52",
            "ticker": "KXHIGHCHI-24NOV27-B43.5",
            "count": 257,
            "created_time": "2024-11-27T21:42:11.724266Z",
            "yes_price": 91,
            "no_price": 9,
            "taker_side": "no"
        },
        {
            "trade_id": "ff0d0110-dc7b-481e-a504-3f6edf0fd337",
            "ticker": "KXHIGHCHI-24NOV27-B43.5",
            "count": 257,
            "created_time": "2024-11-27T21:42:02.696555Z",
            "yes_price": 91,
            "no_price": 9,
            "taker_side": "no"
        },
        {
            "trade_id": "1b1da025-f4de-400b-8365-7cc4e462e06d",
            "ticker": "KXHIGHCHI-24NOV27-B43.5",
            "count": 257,
            "created_time": "2024-11-27T21:41:56.351487Z",
            "yes_price": 91,
            "no_price": 9,
            "taker_side": "no"
        },
        {
            "trade_id": "b47708d2-1e08-42b0-8fb9-11abc496fff4",
            "ticker": "KXHIGHCHI-24NOV27-B43.5",
            "count": 257,
            "created_time": "2024-11-27T21:41:49.269167Z",
            "yes_price": 91,
            "no_price": 9,
            "taker_side": "no"
        },
        {
            "trade_id": "6d5326e4-8120-4c50-966d-7eb4ec1fea23",
            "ticker": "KXHIGHCHI-24NOV27-B43.5",
            "count": 257,
            "created_time": "2024-11-27T21:41:44.228603Z",
            "yes_price": 91,
            "no_price": 9,
            "taker_side": "no"
        },
        {
            "trade_id": "ea2c3aa5-85cd-4e86-be29-939496c011b6",
            "ticker": "KXHIGHCHI-24NOV27-B43.5",
            "count": 257,
            "created_time": "2024-11-27T21:41:38.181712Z",
            "yes_price": 91,
            "no_price": 9,
            "taker_side": "no"
        },
        {
            "trade_id": "9e0b8992-5284-483b-a80b-9c8bdcf2eaf8",
            "ticker": "KXHIGHCHI-24NOV27-B43.5",
            "count": 257,
            "created_time": "2024-11-27T21:41:28.376641Z",
            "yes_price": 91,
            "no_price": 9,
            "taker_side": "no"
        },
        {
            "trade_id": "6b5489b7-0792-48d7-afe7-d4ad1f92737c",
            "ticker": "KXHIGHCHI-24NOV27-B43.5",
            "count": 30,
            "created_time": "2024-11-27T21:41:23.97245Z",
            "yes_price": 95,
            "no_price": 5,
            "taker_side": "yes"
        },
        {
            "trade_id": "72f51f9f-052e-43bd-a26e-fd9d3944442e",
            "ticker": "KXHIGHCHI-24NOV27-B43.5",
            "count": 257,
            "created_time": "2024-11-27T21:41:15.117216Z",
            "yes_price": 91,
            "no_price": 9,
            "taker_side": "no"
        },
        {
            "trade_id": "ff4d1292-3e90-4a03-b32b-de13ad077eae",
            "ticker": "KXHIGHCHI-24NOV27-B43.5",
            "count": 205,
            "created_time": "2024-11-27T21:41:10.936905Z",
            "yes_price": 91,
            "no_price": 9,
            "taker_side": "no"
        },
        {
            "trade_id": "771bd893-6150-4ee8-ab28-cf5882ecc1be",
            "ticker": "KXHIGHCHI-24NOV27-B43.5",
            "count": 52,
            "created_time": "2024-11-27T21:40:04.807033Z",
            "yes_price": 91,
            "no_price": 9,
            "taker_side": "no"
        },
        {
            "trade_id": "5e7835c8-1afd-489b-874a-ff50ea934037",
            "ticker": "KXHIGHCHI-24NOV27-B43.5",
            "count": 258,
            "created_time": "2024-11-27T21:38:11.236709Z",
            "yes_price": 91,
            "no_price": 9,
            "taker_side": "no"
        },
        {
            "trade_id": "bb4a293c-9dd9-4fa3-b2c2-d5443291c50d",
            "ticker": "KXHIGHCHI-24NOV27-B43.5",
            "count": 259,
            "created_time": "2024-11-27T21:37:59.197931Z",
            "yes_price": 91,
            "no_price": 9,
            "taker_side": "no"
        },
        {
            "trade_id": "eaac40b1-ac87-469d-a6f8-c353376c2f18",
            "ticker": "KXHIGHCHI-24NOV27-B43.5",
            "count": 261,
            "created_time": "2024-11-27T21:37:53.054172Z",
            "yes_price": 91,
            "no_price": 9,
            "taker_side": "no"
        },
        {
            "trade_id": "dfc9a54f-6eec-4cb5-89c2-37fd8abf1e9f",
            "ticker": "KXHIGHCHI-24NOV27-B43.5",
            "count": 262,
            "created_time": "2024-11-27T21:37:42.50537Z",
            "yes_price": 91,
            "no_price": 9,
            "taker_side": "no"
        },
        {
            "trade_id": "f649f036-924e-4d25-9b11-3ab4d5a700d4",
            "ticker": "KXHIGHCHI-24NOV27-B43.5",
            "count": 257,
            "created_time": "2024-11-27T21:36:51.704258Z",
            "yes_price": 94,
            "no_price": 6,
            "taker_side": "no"
        },
        {
            "trade_id": "711fb23c-95d5-4a0b-be16-7781089bffb3",
            "ticker": "KXHIGHCHI-24NOV27-B43.5",
            "count": 262,
            "created_time": "2024-11-27T21:36:46.125023Z",
            "yes_price": 92,
            "no_price": 8,
            "taker_side": "no"
        },
        {
            "trade_id": "e3db140d-7768-47ef-a106-304fe80945ca",
            "ticker": "KXHIGHCHI-24NOV27-B43.5",
            "count": 267,
            "created_time": "2024-11-27T21:36:37.874873Z",
            "yes_price": 90,
            "no_price": 10,
            "taker_side": "no"
        },
        {
            "trade_id": "eba43654-324c-4f0d-b5b3-d5a991bb85b8",
