{
    "HIGHCHI-24SEP04-T78": [
        {
            "trade_id": "676edddd-96ff-4c47-bc13-c090956e35bb",
            "ticker": "HIGHCHI-24SEP04-T78",
            "count": 50,
            "created_time": "2024-09-03T14:14:27.386017Z",
            "yes_price": 1,
            "no_price": 99,
            "taker_side": "no"
        }
    ],
    "HIGHCHI-24SEP04-B78.5": [
        {
            "trade_id": "176e7e34-9746-4aff-9d57-5a673f7f9f30",
            "ticker": "HIGHCHI-24SEP04-B78.5",
            "count": 50,
            "created_time": "2024-09-03T15:06:57.154751Z",
            "yes_price": 1,
            "no_price": 99,
            "taker_side": "no"
        }
    ],
    "HIGHCHI-24SEP04-B80.5": [
        {
            "trade_id": "e9276b40-ded5-4384-a5cf-072666c6b0b1",
            "ticker": "HIGHCHI-24SEP04-B80.5",
            "count": 78,
            "created_time": "2024-09-04T01:59:21.875574Z",
            "yes_price": 1,
            "no_price": 99,
            "taker_side": "no"
        },
        {
            "trade_id": "62ab2fdd-e5ee-4182-a403-e143a6a28ad4",
            "ticker": "HIGHCHI-24SEP04-B80.5",
            "count": 18,
            "created_time": "2024-09-04T01:58:21.322649Z",
            "yes_price": 1,
            "no_price": 99,
            "taker_side": "no"
        },
        {
            "trade_id": "3eda21a8-6792-48b1-9fb5-0acaa5d2d662",
            "ticker": "HIGHCHI-24SEP04-B80.5",
            "count": 16,
            "created_time": "2024-09-04T01:37:00.827136Z",
            "yes_price": 1,
            "no_price": 99,
            "taker_side": "no"
        },
        {
            "trade_id": "3a188958-ecc4-47a9-895a-4b70718258a8",
            "ticker": "HIGHCHI-24SEP04-B80.5",
            "count": 20,
            "created_time": "2024-09-04T01:36:51.953127Z",
            "yes_price": 1,
            "no_price": 99,
            "taker_side": "no"
        },
        {
            "trade_id": "d3fe36d6-de6e-4609-8d53-3b0ef4c13e84",
            "ticker": "HIGHCHI-24SEP04-B80.5",
            "count": 7,
            "created_time": "2024-09-04T01:36:43.544113Z",
            "yes_price": 1,
            "no_price": 99,
            "taker_side": "no"
        },
        {
            "trade_id": "db25f04f-b95f-4726-838a-b33298fe19d5",
            "ticker": "HIGHCHI-24SEP04-B80.5",
            "count": 1,
            "created_time": "2024-09-04T01:25:37.730522Z",
            "yes_price": 1,
            "no_price": 99,
            "taker_side": "no"
        },
        {
            "trade_id": "94c50fbf-eb7c-4cd3-a78f-7aa7471f3715",
            "ticker": "HIGHCHI-24SEP04-B80.5",
            "count": 1,
            "created_time": "2024-09-04T01:25:37.725305Z",
            "yes_price": 1,
            "no_price": 99,
            "taker_side": "no"
        },
        {
            "trade_id": "6360ca76-c134-428f-ae40-f81886a43d28",
            "ticker": "HIGHCHI-24SEP04-B80.5",
            "count": 10,
            "created_time": "2024-09-04T01:23:45.309953Z",
            "yes_price": 1,
            "no_price": 99,
            "taker_side": "no"
        },
        {
            "trade_id": "71a85503-47b2-4a73-8d93-8b1d53b6c59d",
            "ticker": "HIGHCHI-24SEP04-B80.5",
            "count": 18,
            "created_time": "2024-09-03T22:30:55.832356Z",
            "yes_price": 1,
            "no_price": 99,
            "taker_side": "no"
        },
        {
            "trade_id": "a64fada0-e566-4336-b5db-3104fd5f64aa",
            "ticker": "HIGHCHI-24SEP04-B80.5",
            "count": 32,
            "created_time": "2024-09-03T22:30:28.425049Z",
            "yes_price": 1,
            "no_price": 99,
            "taker_side": "no"
        },
        {
            "trade_id": "260060d7-a3d5-454d-b149-c2718c8c9b63",
            "ticker": "HIGHCHI-24SEP04-B80.5",
            "count": 18,
            "created_time": "2024-09-03T22:30:04.643968Z",
            "yes_price": 1,
            "no_price": 99,
            "taker_side": "no"
        },
        {
            "trade_id": "897d89e9-559c-46b6-9fee-e2ae2e3092a8",
            "ticker": "HIGHCHI-24SEP04-B80.5",
            "count": 50,
            "created_time": "2024-09-03T19:40:57.226796Z",
            "yes_price": 1,
            "no_price": 99,
            "taker_side": "no"
        },
        {
            "trade_id": "4404d1e6-b7d0-4dc3-8b2f-4c7e0450805d",
            "ticker": "HIGHCHI-24SEP04-B80.5",
            "count": 50,
            "created_time": "2024-09-03T19:40:57.226796Z",
            "yes_price": 1,
            "no_price": 99,
            "taker_side": "no"
        },
        {
            "trade_id": "7ef1e421-73f5-4800-95a0-b536179c133e",
            "ticker": "HIGHCHI-24SEP04-B80.5",
            "count": 5,
            "created_time": "2024-09-03T15:30:13.270057Z",
            "yes_price": 11,
            "no_price": 89,
            "taker_side": "yes"
        }
    ],
    "HIGHCHI-24SEP04-B82.5": [
        {
            "trade_id": "82425a5e-dd53-43ed-991c-5156e562a689",
            "ticker": "HIGHCHI-24SEP04-B82.5",
            "count": 10,
            "created_time": "2024-09-04T20:43:09.962755Z",
            "yes_price": 1,
            "no_price": 99,
            "taker_side": "no"
        },
        {
            "trade_id": "22c3925f-0bb6-4107-9d48-2e99d9872148",
            "ticker": "HIGHCHI-24SEP04-B82.5",
            "count": 85,
            "created_time": "2024-09-04T20:43:09.858969Z",
            "yes_price": 1,
            "no_price": 99,
            "taker_side": "no"
        },
        {
            "trade_id": "3536cad4-e215-43f0-96da-7c6997999212",
            "ticker": "HIGHCHI-24SEP04-B82.5",
            "count": 85,
            "created_time": "2024-09-04T20:43:09.753217Z",
            "yes_price": 1,
            "no_price": 99,
            "taker_side": "no"
        },
        {
            "trade_id": "353d5d55-6719-4de0-b408-a14c973ebfe4",
            "ticker": "HIGHCHI-24SEP04-B82.5",
            "count": 85,
            "created_time": "2024-09-04T20:43:09.653304Z",
            "yes_price": 1,
            "no_price": 99,
            "taker_side": "no"
        },
        {
            "trade_id": "eb4d388e-0570-46f2-8999-93e52e8a4d4b",
            "ticker": "HIGHCHI-24SEP04-B82.5",
            "count": 35,
            "created_time": "2024-09-04T20:43:09.521153Z",
            "yes_price": 1,
            "no_price": 99,
            "taker_side": "no"
        },
        {
            "trade_id": "4c4a6c1a-3656-4eaa-8811-988dd604cc63",
            "ticker": "HIGHCHI-24SEP04-B82.5",
            "count": 50,
            "created_time": "2024-09-04T20:43:09.521153Z",
            "yes_price": 1,
            "no_price": 99,
            "taker_side": "no"
        },
        {
            "trade_id": "c866fbf3-36b5-42fa-a3ea-de7bb46367af",
            "ticker": "HIGHCHI-24SEP04-B82.5",
            "count": 5,
            "created_time": "2024-09-04T18:30:42.288375Z",
            "yes_price": 42,
            "no_price": 58,
            "taker_side": "yes"
        },
        {
            "trade_id": "9d1bbe82-adc5-4cc0-8c2d-ca8509cf5bff",
            "ticker": "HIGHCHI-24SEP04-B82.5",
            "count": 250,
            "created_time": "2024-09-04T18:09:45.449155Z",
            "yes_price": 15,
            "no_price": 85,
            "taker_side": "yes"
        },
        {
            "trade_id": "f12822ec-3882-4a2f-bf30-367c36ec6adf",
            "ticker": "HIGHCHI-24SEP04-B82.5",
            "count": 54,
            "created_time": "2024-09-04T15:42:39.962417Z",
            "yes_price": 38,
            "no_price": 62,
            "taker_side": "yes"
        },
        {
            "trade_id": "ac294e65-3a8e-4aa1-834e-e6bec3632d1f",
            "ticker": "HIGHCHI-24SEP04-B82.5",
            "count": 108,
            "created_time": "2024-09-04T14:31:04.361557Z",
            "yes_price": 39,
            "no_price": 61,
            "taker_side": "yes"
        },
        {
            "trade_id": "bacec85b-76de-450b-b402-051d46f5bb13",
            "ticker": "HIGHCHI-24SEP04-B82.5",
            "count": 25,
            "created_time": "2024-09-04T14:22:28.531158Z",
            "yes_price": 38,
            "no_price": 62,
            "taker_side": "yes"
        },
        {
            "trade_id": "5abe4b22-abe1-41ea-b887-220004ebcb7f",
            "ticker": "HIGHCHI-24SEP04-B82.5",
            "count": 62,
            "created_time": "2024-09-04T14:21:53.61254Z",
            "yes_price": 37,
            "no_price": 63,
            "taker_side": "yes"
        },
        {
            "trade_id": "4c5e39a8-ceed-4dc7-9813-ee025feb78d4",
            "ticker": "HIGHCHI-24SEP04-B82.5",
            "count": 36,
            "created_time": "2024-09-04T14:00:56.990205Z",
            "yes_price": 32,
            "no_price": 68,
            "taker_side": "yes"
        },
        {
            "trade_id": "15a1663f-7bc3-44c5-b032-1d603610828c",
            "ticker": "HIGHCHI-24SEP04-B82.5",
            "count": 180,
            "created_time": "2024-09-04T14:00:56.990205Z",
            "yes_price": 34,
            "no_price": 66,
            "taker_side": "yes"
        },
        {
            "trade_id": "6b671c60-ad6c-46f1-b8da-aebf26c13ece",
            "ticker": "HIGHCHI-24SEP04-B82.5",
            "count": 28,
            "created_time": "2024-09-04T12:48:53.434034Z",
            "yes_price": 34,
            "no_price": 66,
            "taker_side": "yes"
        },
        {
            "trade_id": "773a6968-8c24-4fdf-a314-206f9fadc471",
            "ticker": "HIGHCHI-24SEP04-B82.5",
            "count": 180,
            "created_time": "2024-09-04T03:46:26.12519Z",
            "yes_price": 39,
            "no_price": 61,
            "taker_side": "yes"
        },
        {
            "trade_id": "459e571b-d718-440f-9962-f07e96461c03",
            "ticker": "HIGHCHI-24SEP04-B82.5",
            "count": 36,
            "created_time": "2024-09-04T03:46:26.12519Z",
            "yes_price": 37,
            "no_price": 63,
            "taker_side": "yes"
        },
        {
            "trade_id": "bd7d9ca5-7a66-45ab-b20f-65b2d3ed1a0a",
            "ticker": "HIGHCHI-24SEP04-B82.5",
            "count": 90,
            "created_time": "2024-09-04T03:41:55.479035Z",
            "yes_price": 36,
            "no_price": 64,
            "taker_side": "yes"
        },
        {
            "trade_id": "5e7155f8-ed74-4943-8838-0922d71975b2",
            "ticker": "HIGHCHI-24SEP04-B82.5",
            "count": 10,
            "created_time": "2024-09-04T02:13:16.942784Z",
            "yes_price": 35,
            "no_price": 65,
            "taker_side": "yes"
        },
        {
            "trade_id": "fcbaaaa3-2250-4604-b0fd-05f8a37789b8",
            "ticker": "HIGHCHI-24SEP04-B82.5",
            "count": 36,
            "created_time": "2024-09-04T02:11:01.237331Z",
            "yes_price": 34,
            "no_price": 66,
            "taker_side": "yes"
        },
        {
            "trade_id": "93e331c6-2489-422c-a94c-999bec8ae0b6",
            "ticker": "HIGHCHI-24SEP04-B82.5",
            "count": 1,
            "created_time": "2024-09-04T02:11:01.237331Z",
            "yes_price": 34,
            "no_price": 66,
            "taker_side": "yes"
        },
        {
            "trade_id": "b2d7c909-e7e7-4232-a74e-eba89dc5b934",
            "ticker": "HIGHCHI-24SEP04-B82.5",
            "count": 77,
            "created_time": "2024-09-04T01:59:21.87409Z",
            "yes_price": 33,
            "no_price": 67,
            "taker_side": "no"
        },
        {
            "trade_id": "8a71f3bd-4b8a-494b-8b24-e120adbe6e69",
            "ticker": "HIGHCHI-24SEP04-B82.5",
            "count": 1,
            "created_time": "2024-09-04T01:59:21.87409Z",
            "yes_price": 33,
            "no_price": 67,
            "taker_side": "no"
        },
        {
            "trade_id": "04154fa0-c686-4b06-89d6-8ce104667ac6",
            "ticker": "HIGHCHI-24SEP04-B82.5",
            "count": 18,
            "created_time": "2024-09-04T01:58:21.325777Z",
            "yes_price": 33,
            "no_price": 67,
            "taker_side": "no"
        },
        {
            "trade_id": "2285f27d-a315-4d13-9018-d869e08f2ae3",
            "ticker": "HIGHCHI-24SEP04-B82.5",
            "count": 16,
            "created_time": "2024-09-04T01:37:00.816372Z",
            "yes_price": 33,
            "no_price": 67,
            "taker_side": "no"
        },
        {
            "trade_id": "c91a1e15-a7d0-4fbf-bae7-a80f43f43b48",
            "ticker": "HIGHCHI-24SEP04-B82.5",
            "count": 20,
            "created_time": "2024-09-04T01:36:51.956183Z",
            "yes_price": 33,
            "no_price": 67,
            "taker_side": "no"
        },
        {
            "trade_id": "d6fb2e52-1562-422e-a414-bf9a9e44371b",
            "ticker": "HIGHCHI-24SEP04-B82.5",
            "count": 7,
            "created_time": "2024-09-04T01:36:43.457429Z",
            "yes_price": 33,
            "no_price": 67,
            "taker_side": "no"
        },
        {
            "trade_id": "06b562db-bf08-4315-bd77-1d3b6c872108",
            "ticker": "HIGHCHI-24SEP04-B82.5",
            "count": 1,
            "created_time": "2024-09-04T01:25:37.734155Z",
            "yes_price": 33,
            "no_price": 67,
            "taker_side": "no"
        },
        {
            "trade_id": "376460be-4258-45d3-8082-9d71ef7a8fe3",
            "ticker": "HIGHCHI-24SEP04-B82.5",
            "count": 1,
            "created_time": "2024-09-04T01:25:37.724941Z",
            "yes_price": 33,
            "no_price": 67,
            "taker_side": "no"
        },
        {
            "trade_id": "0697c9ea-87d3-4c6b-b3cd-f3e0d9533f39",
            "ticker": "HIGHCHI-24SEP04-B82.5",
            "count": 10,
            "created_time": "2024-09-04T01:23:45.334757Z",
            "yes_price": 33,
            "no_price": 67,
            "taker_side": "no"
        },
        {
            "trade_id": "ba9cbd41-9487-4e11-a590-dca8e7fd8631",
            "ticker": "HIGHCHI-24SEP04-B82.5",
            "count": 108,
            "created_time": "2024-09-03T23:54:05.482085Z",
            "yes_price": 35,
            "no_price": 65,
            "taker_side": "yes"
        },
        {
            "trade_id": "fb50942f-9f46-457e-b72a-07c321d92921",
            "ticker": "HIGHCHI-24SEP04-B82.5",
            "count": 180,
            "created_time": "2024-09-03T23:49:35.710092Z",
            "yes_price": 33,
            "no_price": 67,
            "taker_side": "yes"
        },
        {
            "trade_id": "df120168-c6f7-420b-8b11-83c3b5788f92",
            "ticker": "HIGHCHI-24SEP04-B82.5",
            "count": 36,
            "created_time": "2024-09-03T23:49:35.710092Z",
            "yes_price": 31,
            "no_price": 69,
            "taker_side": "yes"
        },
        {
            "trade_id": "3aa177f0-f6e2-4e25-8ca5-55ac894dc085",
            "ticker": "HIGHCHI-24SEP04-B82.5",
            "count": 72,
            "created_time": "2024-09-03T23:40:56.97012Z",
            "yes_price": 30,
            "no_price": 70,
            "taker_side": "yes"
        },
        {
            "trade_id": "0eaa3a45-30c0-40e9-995a-f12aea61edd4",
            "ticker": "HIGHCHI-24SEP04-B82.5",
            "count": 7,
            "created_time": "2024-09-03T23:34:41.847831Z",
            "yes_price": 24,
            "no_price": 76,
            "taker_side": "no"
        },
        {
            "trade_id": "644b0077-7bec-48d2-94b1-f6052b440541",
            "ticker": "HIGHCHI-24SEP04-B82.5",
            "count": 180,
            "created_time": "2024-09-03T22:31:48.307988Z",
            "yes_price": 29,
            "no_price": 71,
            "taker_side": "yes"
        },
        {
            "trade_id": "84c1f2b0-48ff-452f-bb0a-a39c6bff86a3",
            "ticker": "HIGHCHI-24SEP04-B82.5",
            "count": 36,
            "created_time": "2024-09-03T22:31:39.926356Z",
            "yes_price": 27,
            "no_price": 73,
            "taker_side": "yes"
        },
        {
            "trade_id": "dd3ad113-c1fc-4b10-88fe-c0520d5feba1",
            "ticker": "HIGHCHI-24SEP04-B82.5",
            "count": 36,
            "created_time": "2024-09-03T22:30:55.694428Z",
            "yes_price": 28,
            "no_price": 72,
            "taker_side": "yes"
        },
        {
            "trade_id": "5d1949c4-587e-46bd-a0a3-950a55e100d2",
            "ticker": "HIGHCHI-24SEP04-B82.5",
            "count": 18,
            "created_time": "2024-09-03T22:30:55.694428Z",
            "yes_price": 28,
            "no_price": 72,
            "taker_side": "yes"
        },
        {
            "trade_id": "75887eec-eddb-485f-ad26-308238a85ab0",
            "ticker": "HIGHCHI-24SEP04-B82.5",
            "count": 32,
            "created_time": "2024-09-03T22:30:28.304442Z",
            "yes_price": 27,
            "no_price": 73,
            "taker_side": "yes"
        },
        {
            "trade_id": "ea64de7e-0789-4f7a-b47a-9436f66d4498",
            "ticker": "HIGHCHI-24SEP04-B82.5",
            "count": 126,
            "created_time": "2024-09-03T22:30:04.451107Z",
            "yes_price": 26,
            "no_price": 74,
            "taker_side": "yes"
        },
        {
            "trade_id": "900a14e8-88e5-4e2d-8be6-2f32b3c3b849",
            "ticker": "HIGHCHI-24SEP04-B82.5",
            "count": 18,
            "created_time": "2024-09-03T22:30:04.451107Z",
            "yes_price": 26,
            "no_price": 74,
            "taker_side": "yes"
        },
        {
            "trade_id": "4bb6c93b-325c-452d-8fd8-b388590dc1fb",
            "ticker": "HIGHCHI-24SEP04-B82.5",
            "count": 180,
            "created_time": "2024-09-03T22:30:04.451107Z",
            "yes_price": 28,
            "no_price": 72,
            "taker_side": "yes"
        },
        {
            "trade_id": "a57c9e23-2506-475a-b5c6-5c29d244a468",
            "ticker": "HIGHCHI-24SEP04-B82.5",
            "count": 36,
            "created_time": "2024-09-03T21:58:50.129355Z",
            "yes_price": 30,
            "no_price": 70,
            "taker_side": "yes"
        },
        {
            "trade_id": "f4c01499-503b-4747-a635-97e4f3b08580",
            "ticker": "HIGHCHI-24SEP04-B82.5",
            "count": 30,
            "created_time": "2024-09-03T21:58:05.137986Z",
            "yes_price": 29,
            "no_price": 71,
            "taker_side": "yes"
        },
        {
            "trade_id": "f48cfe81-c21c-4bef-a327-f3c2464e4696",
            "ticker": "HIGHCHI-24SEP04-B82.5",
            "count": 108,
            "created_time": "2024-09-03T21:57:35.761319Z",
            "yes_price": 25,
            "no_price": 75,
            "taker_side": "yes"
        },
        {
            "trade_id": "c6d056fb-1177-420e-afa9-aaacffa7935f",
            "ticker": "HIGHCHI-24SEP04-B82.5",
            "count": 180,
            "created_time": "2024-09-03T21:57:35.761319Z",
            "yes_price": 27,
            "no_price": 73,
            "taker_side": "yes"
        },
        {
            "trade_id": "c41dcc93-5ba1-4dbe-9503-54752502226d",
            "ticker": "HIGHCHI-24SEP04-B82.5",
            "count": 180,
            "created_time": "2024-09-03T21:57:35.761319Z",
            "yes_price": 29,
            "no_price": 71,
            "taker_side": "yes"
        },
        {
            "trade_id": "ca9e7de5-1b7d-42b0-a1ef-04fcb0dd2e27",
            "ticker": "HIGHCHI-24SEP04-B82.5",
            "count": 54,
            "created_time": "2024-09-03T21:05:02.20847Z",
            "yes_price": 38,
            "no_price": 62,
            "taker_side": "yes"
        },
        {
            "trade_id": "1029fd28-de89-4299-ae31-31305ecbf97a",
            "ticker": "HIGHCHI-24SEP04-B82.5",
            "count": 180,
            "created_time": "2024-09-03T21:05:02.20847Z",
            "yes_price": 40,
            "no_price": 60,
            "taker_side": "yes"
        },
        {
            "trade_id": "eb217e2b-00f8-4f38-85ee-0cfec52ffd7a",
            "ticker": "HIGHCHI-24SEP04-B82.5",
            "count": 180,
            "created_time": "2024-09-03T20:56:45.489808Z",
            "yes_price": 37,
            "no_price": 63,
            "taker_side": "yes"
        },
        {
            "trade_id": "9e84a895-d3f9-484c-bcf3-4cf642a5c7d8",
            "ticker": "HIGHCHI-24SEP04-B82.5",
            "count": 180,
            "created_time": "2024-09-03T20:56:45.489808Z",
            "yes_price": 35,
            "no_price": 65,
            "taker_side": "yes"
        },
        {
            "trade_id": "3baa4327-6366-4f23-b8ed-701ddaf05bdd",
            "ticker": "HIGHCHI-24SEP04-B82.5",
            "count": 36,
            "created_time": "2024-09-03T20:56:45.489808Z",
            "yes_price": 33,
            "no_price": 67,
            "taker_side": "yes"
        },
        {
            "trade_id": "ec9e48d6-d9a8-4cd7-8bf8-e0a43eed80f6",
            "ticker": "HIGHCHI-24SEP04-B82.5",
            "count": 100,
            "created_time": "2024-09-03T19:40:57.185761Z",
            "yes_price": 38,
            "no_price": 62,
            "taker_side": "no"
        },
        {
            "trade_id": "4c84fe07-ff35-4b08-82ec-a3b8a52e8a59",
            "ticker": "HIGHCHI-24SEP04-B82.5",
            "count": 32,
            "created_time": "2024-09-03T18:28:35.434456Z",
            "yes_price": 37,
            "no_price": 63,
            "taker_side": "yes"
        },
        {
            "trade_id": "791c975b-f4fb-4e65-9f7d-2267f7a4baa9",
            "ticker": "HIGHCHI-24SEP04-B82.5",
            "count": 180,
            "created_time": "2024-09-03T18:23:07.210616Z",
            "yes_price": 33,
            "no_price": 67,
            "taker_side": "yes"
        },
        {
            "trade_id": "4ac7ecf0-1c19-4945-be3e-525a82d94ceb",
            "ticker": "HIGHCHI-24SEP04-B82.5",
            "count": 18,
            "created_time": "2024-09-03T18:23:07.210616Z",
            "yes_price": 31,
            "no_price": 69,
            "taker_side": "yes"
        },
        {
            "trade_id": "f27a4e41-bb19-4ebf-b7e8-41f1a7017386",
            "ticker": "HIGHCHI-24SEP04-B82.5",
            "count": 180,
            "created_time": "2024-09-03T18:22:25.142535Z",
            "yes_price": 31,
            "no_price": 69,
            "taker_side": "yes"
        },
        {
            "trade_id": "69924887-36d7-4af7-b340-e3941c827620",
            "ticker": "HIGHCHI-24SEP04-B82.5",
            "count": 18,
            "created_time": "2024-09-03T18:22:25.142535Z",
            "yes_price": 29,
            "no_price": 71,
            "taker_side": "yes"
        },
        {
            "trade_id": "bb2eec95-aaaa-494a-98f8-7f59c7fd0b93",
            "ticker": "HIGHCHI-24SEP04-B82.5",
            "count": 180,
            "created_time": "2024-09-03T18:21:01.8925Z",
            "yes_price": 29,
            "no_price": 71,
            "taker_side": "yes"
        },
        {
            "trade_id": "57835339-18f5-4a59-b349-556e45778dcb",
            "ticker": "HIGHCHI-24SEP04-B82.5",
            "count": 72,
            "created_time": "2024-09-03T18:21:01.8925Z",
            "yes_price": 27,
            "no_price": 73,
            "taker_side": "yes"
        },
        {
            "trade_id": "88cbe840-6a52-482a-9a53-f90d869da06a",
            "ticker": "HIGHCHI-24SEP04-B82.5",
            "count": 180,
            "created_time": "2024-09-03T18:20:26.480402Z",
            "yes_price": 27,
            "no_price": 73,
            "taker_side": "yes"
        },
        {
            "trade_id": "712eb70c-56d7-4ed8-86a3-a3c98c65a746",
            "ticker": "HIGHCHI-24SEP04-B82.5",
            "count": 180,
            "created_time": "2024-09-03T18:20:26.480402Z",
            "yes_price": 29,
            "no_price": 71,
            "taker_side": "yes"
        },
        {
            "trade_id": "0c196b0f-cd8c-401b-8561-b6318e51d94f",
            "ticker": "HIGHCHI-24SEP04-B82.5",
            "count": 72,
            "created_time": "2024-09-03T18:20:26.480402Z",
            "yes_price": 25,
            "no_price": 75,
            "taker_side": "yes"
        },
        {
            "trade_id": "fd52f34c-7ef9-43ea-8776-62944fd8850f",
            "ticker": "HIGHCHI-24SEP04-B82.5",
            "count": 180,
            "created_time": "2024-09-03T18:19:55.656709Z",
            "yes_price": 23,
            "no_price": 77,
            "taker_side": "yes"
        },
        {
            "trade_id": "2b357250-42b1-4411-9b37-9e5762a93414",
            "ticker": "HIGHCHI-24SEP04-B82.5",
            "count": 18,
            "created_time": "2024-09-03T18:19:55.656709Z",
            "yes_price": 37,
            "no_price": 63,
            "taker_side": "yes"
        },
        {
            "trade_id": "236bafe4-0acc-4322-ab3a-cf34cf01a31b",
            "ticker": "HIGHCHI-24SEP04-B82.5",
            "count": 36,
            "created_time": "2024-09-03T18:19:55.656709Z",
            "yes_price": 21,
            "no_price": 79,
            "taker_side": "yes"
        },
        {
            "trade_id": "20b83449-42b1-4a1a-9524-e57395747b8f",
            "ticker": "HIGHCHI-24SEP04-B82.5",
            "count": 180,
            "created_time": "2024-09-03T18:19:55.656709Z",
            "yes_price": 25,
            "no_price": 75,
            "taker_side": "yes"
        },
        {
            "trade_id": "7f49b4c6-4fb5-4613-a332-5fdb9f3148c2",
            "ticker": "HIGHCHI-24SEP04-B82.5",
            "count": 180,
            "created_time": "2024-09-03T17:42:40.306986Z",
            "yes_price": 34,
            "no_price": 66,
            "taker_side": "no"
        },
        {
            "trade_id": "5ca25216-11eb-4f2f-a051-7b0f9d1c0557",
            "ticker": "HIGHCHI-24SEP04-B82.5",
            "count": 54,
            "created_time": "2024-09-03T17:42:40.306986Z",
            "yes_price": 36,
            "no_price": 64,
            "taker_side": "no"
        },
        {
            "trade_id": "3e3de193-6685-4602-a74c-8fecc118daf8",
            "ticker": "HIGHCHI-24SEP04-B82.5",
            "count": 180,
            "created_time": "2024-09-03T17:42:40.306986Z",
            "yes_price": 32,
            "no_price": 68,
            "taker_side": "no"
        },
        {
            "trade_id": "de1ceef3-803f-4f8e-b509-4d1d76b45bb4",
            "ticker": "HIGHCHI-24SEP04-B82.5",
            "count": 9,
            "created_time": "2024-09-03T17:08:39.160912Z",
            "yes_price": 32,
            "no_price": 68,
            "taker_side": "yes"
        },
        {
            "trade_id": "19fdec10-382f-48a3-8cf1-b9379c657ebc",
            "ticker": "HIGHCHI-24SEP04-B82.5",
            "count": 36,
            "created_time": "2024-09-03T17:08:39.142829Z",
            "yes_price": 32,
            "no_price": 68,
            "taker_side": "yes"
        },
        {
            "trade_id": "9737a1be-f676-454c-b53c-ca41c174b5bb",
            "ticker": "HIGHCHI-24SEP04-B82.5",
            "count": 5,
            "created_time": "2024-09-03T15:29:13.873985Z",
            "yes_price": 32,
            "no_price": 68,
            "taker_side": "yes"
        },
        {
            "trade_id": "8595ecfe-3324-4b58-91e1-83b6433981ef",
            "ticker": "HIGHCHI-24SEP04-B82.5",
            "count": 50,
            "created_time": "2024-09-03T14:23:42.247933Z",
            "yes_price": 30,
            "no_price": 70,
            "taker_side": "no"
        },
        {
            "trade_id": "421f6067-3041-4b76-99e2-3aed8a5014f5",
            "ticker": "HIGHCHI-24SEP04-B82.5",
            "count": 50,
            "created_time": "2024-09-03T14:16:40.117022Z",
            "yes_price": 22,
            "no_price": 78,
            "taker_side": "yes"
        }
    ],
    "HIGHCHI-24SEP04-B84.5": [
        {
            "trade_id": "fd7bb03a-ad7c-4ee5-b62e-15bfbcabc366",
            "ticker": "HIGHCHI-24SEP04-B84.5",
            "count": 500,
            "created_time": "2024-09-05T02:50:54.412458Z",
            "yes_price": 99,
            "no_price": 1,
            "taker_side": "no"
        },
        {
            "trade_id": "865c06a0-ed02-40a1-886b-8ec320ab7c39",
            "ticker": "HIGHCHI-24SEP04-B84.5",
            "count": 1081,
            "created_time": "2024-09-05T02:50:54.412458Z",
            "yes_price": 97,
            "no_price": 3,
            "taker_side": "no"
        },
        {
            "trade_id": "abd92ff8-ba3f-438d-9c30-9da15c6aa60a",
            "ticker": "HIGHCHI-24SEP04-B84.5",
            "count": 30,
            "created_time": "2024-09-04T22:13:40.847061Z",
            "yes_price": 97,
            "no_price": 3,
            "taker_side": "no"
        },
        {
            "trade_id": "2f1310db-f61b-445d-b8ea-b61e49631ceb",
            "ticker": "HIGHCHI-24SEP04-B84.5",
            "count": 33,
            "created_time": "2024-09-04T22:13:40.847061Z",
            "yes_price": 60,
            "no_price": 40,
            "taker_side": "no"
        },
        {
            "trade_id": "abfd14f6-8fa7-4aa6-9389-3160ce16781e",
            "ticker": "HIGHCHI-24SEP04-B84.5",
            "count": 25,
            "created_time": "2024-09-04T21:54:44.08387Z",
            "yes_price": 99,
            "no_price": 1,
            "taker_side": "yes"
        },
        {
            "trade_id": "d8ef1b71-4017-4246-8fe6-ce3d8b754908",
            "ticker": "HIGHCHI-24SEP04-B84.5",
            "count": 25,
            "created_time": "2024-09-04T20:43:53.040826Z",
            "yes_price": 97,
            "no_price": 3,
            "taker_side": "yes"
        },
        {
            "trade_id": "a677e1c4-b3d0-4986-86fa-ebfbc27b7ca1",
            "ticker": "HIGHCHI-24SEP04-B84.5",
            "count": 25,
            "created_time": "2024-09-04T20:43:53.040826Z",
            "yes_price": 99,
            "no_price": 1,
            "taker_side": "yes"
        },
        {
            "trade_id": "1f58e4c6-d684-4261-93e6-64a4001c732e",
            "ticker": "HIGHCHI-24SEP04-B84.5",
            "count": 50,
            "created_time": "2024-09-04T19:52:47.860458Z",
            "yes_price": 50,
            "no_price": 50,
            "taker_side": "no"
        },
        {
            "trade_id": "2ce9e96f-8daf-4212-8a15-bf6aff8f0405",
            "ticker": "HIGHCHI-24SEP04-B84.5",
            "count": 51,
            "created_time": "2024-09-04T19:50:20.404758Z",
            "yes_price": 50,
            "no_price": 50,
            "taker_side": "no"
        },
        {
            "trade_id": "e154e5f6-0af0-490d-b2b9-3c7170676160",
            "ticker": "HIGHCHI-24SEP04-B84.5",
            "count": 36,
            "created_time": "2024-09-04T15:56:12.205329Z",
            "yes_price": 61,
            "no_price": 39,
            "taker_side": "yes"
        },
        {
            "trade_id": "5be50ab6-f9ed-4a0a-a29f-664a32b2a87c",
            "ticker": "HIGHCHI-24SEP04-B84.5",
            "count": 1,
            "created_time": "2024-09-04T15:42:10.789103Z",
            "yes_price": 55,
            "no_price": 45,
            "taker_side": "no"
        },
        {
            "trade_id": "1a6981fc-4987-4700-bca3-c2b7c452944d",
            "ticker": "HIGHCHI-24SEP04-B84.5",
            "count": 62,
            "created_time": "2024-09-04T14:21:53.688288Z",
            "yes_price": 61,
            "no_price": 39,
            "taker_side": "no"
        },
        {
            "trade_id": "151f5445-7add-4b84-9750-60bdcdb00846",
            "ticker": "HIGHCHI-24SEP04-B84.5",
            "count": 36,
            "created_time": "2024-09-04T14:04:44.502648Z",
            "yes_price": 61,
            "no_price": 39,
            "taker_side": "no"
        },
        {
            "trade_id": "8782b984-6fd7-43f4-94f5-86b99f88c4f0",
            "ticker": "HIGHCHI-24SEP04-B84.5",
            "count": 14,
            "created_time": "2024-09-04T14:04:44.481584Z",
            "yes_price": 63,
            "no_price": 37,
            "taker_side": "no"
        },
        {
            "trade_id": "fdfe54ae-1264-4653-a045-c1a24f7299d9",
            "ticker": "HIGHCHI-24SEP04-B84.5",
            "count": 9,
            "created_time": "2024-09-04T13:58:15.218835Z",
            "yes_price": 64,
            "no_price": 36,
            "taker_side": "yes"
        },
        {
            "trade_id": "284ef883-1ff9-4053-b8b1-8237f354b21e",
            "ticker": "HIGHCHI-24SEP04-B84.5",
            "count": 5,
            "created_time": "2024-09-04T13:58:15.218835Z",
            "yes_price": 65,
            "no_price": 35,
            "taker_side": "yes"
        },
        {
            "trade_id": "20ad2f36-c137-42f0-b57a-f81f4cd0215e",
            "ticker": "HIGHCHI-24SEP04-B84.5",
            "count": 137,
            "created_time": "2024-09-04T13:58:15.218835Z",
            "yes_price": 65,
            "no_price": 35,
            "taker_side": "yes"
        },
        {
            "trade_id": "ae007b3a-c02c-485c-8cc9-14e70707590f",
            "ticker": "HIGHCHI-24SEP04-B84.5",
            "count": 51,
            "created_time": "2024-09-04T13:14:51.105854Z",
            "yes_price": 66,
            "no_price": 34,
            "taker_side": "yes"
        },
        {
            "trade_id": "ae723a4b-d28d-4d44-93fc-a066d2be15a3",
            "ticker": "HIGHCHI-24SEP04-B84.5",
            "count": 12,
            "created_time": "2024-09-04T12:50:03.215387Z",
            "yes_price": 65,
            "no_price": 35,
            "taker_side": "yes"
        },
        {
            "trade_id": "ef6261ac-0186-42a2-b7b0-6aa86cfc3694",
            "ticker": "HIGHCHI-24SEP04-B84.5",
            "count": 90,
            "created_time": "2024-09-04T12:03:45.331541Z",
            "yes_price": 59,
            "no_price": 41,
            "taker_side": "yes"
        },
        {
            "trade_id": "367fe08c-1000-428c-9d42-9fedfe6a6f8a",
            "ticker": "HIGHCHI-24SEP04-B84.5",
            "count": 152,
            "created_time": "2024-09-04T12:03:45.331541Z",
            "yes_price": 61,
            "no_price": 39,
            "taker_side": "yes"
        },
        {
            "trade_id": "f32fbb3b-28b5-4918-8203-ab14d550e484",
            "ticker": "HIGHCHI-24SEP04-B84.5",
            "count": 18,
            "created_time": "2024-09-04T12:03:14.622509Z",
            "yes_price": 55,
            "no_price": 45,
            "taker_side": "yes"
        },
        {
            "trade_id": "b1992afc-132e-4087-8be5-a80afc0c4845",
            "ticker": "HIGHCHI-24SEP04-B84.5",
            "count": 180,
            "created_time": "2024-09-04T12:03:14.622509Z",
            "yes_price": 58,
            "no_price": 42,
            "taker_side": "yes"
        },
        {
            "trade_id": "2d3d5914-12e0-4826-b87c-e36880072a21",
            "ticker": "HIGHCHI-24SEP04-B84.5",
            "count": 52,
            "created_time": "2024-09-04T12:03:14.622509Z",
            "yes_price": 60,
            "no_price": 40,
            "taker_side": "yes"
        },
        {
            "trade_id": "9e9106a8-80b6-4546-ae29-88062af8267e",
            "ticker": "HIGHCHI-24SEP04-B84.5",
            "count": 90,
            "created_time": "2024-09-04T03:51:36.949836Z",
            "yes_price": 54,
            "no_price": 46,
            "taker_side": "yes"
        },
        {
            "trade_id": "c2d83920-c03d-4905-bf6b-a59eb59c6126",
            "ticker": "HIGHCHI-24SEP04-B84.5",
            "count": 72,
            "created_time": "2024-09-04T03:49:53.462944Z",
            "yes_price": 53,
            "no_price": 47,
            "taker_side": "yes"
        },
        {
            "trade_id": "005fc107-92c8-466c-a94e-c53dbf5b06af",
            "ticker": "HIGHCHI-24SEP04-B84.5",
            "count": 90,
            "created_time": "2024-09-04T03:49:32.453427Z",
            "yes_price": 52,
            "no_price": 48,
            "taker_side": "yes"
        },
        {
            "trade_id": "357afb12-9938-4ef5-9dca-ac7c0f92968e",
            "ticker": "HIGHCHI-24SEP04-B84.5",
            "count": 18,
            "created_time": "2024-09-04T03:49:18.838008Z",
            "yes_price": 51,
            "no_price": 49,
            "taker_side": "yes"
        },
        {
            "trade_id": "04288368-961f-49dd-a845-4f75b7667ffc",
            "ticker": "HIGHCHI-24SEP04-B84.5",
            "count": 36,
            "created_time": "2024-09-04T02:03:03.127005Z",
            "yes_price": 53,
            "no_price": 47,
            "taker_side": "yes"
        },
        {
            "trade_id": "addfd332-983b-4e0f-b8f5-185a87660dbe",
            "ticker": "HIGHCHI-24SEP04-B84.5",
            "count": 18,
            "created_time": "2024-09-04T01:59:21.741659Z",
            "yes_price": 50,
            "no_price": 50,
            "taker_side": "yes"
        },
        {
            "trade_id": "97afd8b8-8348-4e52-9a01-a3ca725a4f99",
            "ticker": "HIGHCHI-24SEP04-B84.5",
            "count": 78,
            "created_time": "2024-09-04T01:59:21.741659Z",
            "yes_price": 50,
            "no_price": 50,
            "taker_side": "yes"
        },
        {
            "trade_id": "95b1fded-c9f5-4215-88eb-280db8ecbca5",
            "ticker": "HIGHCHI-24SEP04-B84.5",
            "count": 72,
            "created_time": "2024-09-04T01:58:21.188137Z",
            "yes_price": 50,
            "no_price": 50,
            "taker_side": "yes"
        },
        {
            "trade_id": "05144d20-0a20-4d5b-b31a-211d65385705",
            "ticker": "HIGHCHI-24SEP04-B84.5",
            "count": 18,
            "created_time": "2024-09-04T01:58:21.188137Z",
            "yes_price": 49,
            "no_price": 51,
            "taker_side": "yes"
        },
        {
            "trade_id": "abbbeb23-7540-44e8-b8f0-be056897ccdd",
            "ticker": "HIGHCHI-24SEP04-B84.5",
            "count": 3,
            "created_time": "2024-09-04T01:37:34.641283Z",
            "yes_price": 49,
            "no_price": 51,
            "taker_side": "yes"
        },
        {
            "trade_id": "54a31b46-be5e-413e-a4f6-697c867d07f1",
            "ticker": "HIGHCHI-24SEP04-B84.5",
            "count": 9,
            "created_time": "2024-09-04T01:37:23.896176Z",
            "yes_price": 49,
            "no_price": 51,
            "taker_side": "yes"
        },
        {
            "trade_id": "6a8c1cca-18b6-4bbb-bc95-64120401c7c8",
            "ticker": "HIGHCHI-24SEP04-B84.5",
            "count": 19,
            "created_time": "2024-09-04T01:37:10.819539Z",
            "yes_price": 49,
            "no_price": 51,
            "taker_side": "yes"
        },
        {
            "trade_id": "7c95d101-4acc-4a99-8545-fccebc0424d9",
            "ticker": "HIGHCHI-24SEP04-B84.5",
            "count": 16,
            "created_time": "2024-09-04T01:37:00.730779Z",
            "yes_price": 48,
            "no_price": 52,
            "taker_side": "yes"
        },
        {
            "trade_id": "34a970eb-79a5-4347-ac5c-e4bbeec5c2ef",
            "ticker": "HIGHCHI-24SEP04-B84.5",
            "count": 4,
            "created_time": "2024-09-04T01:37:00.730779Z",
            "yes_price": 49,
            "no_price": 51,
            "taker_side": "yes"
        },
        {
            "trade_id": "78b226cd-85ae-4852-8f5e-35a19095cb7d",
            "ticker": "HIGHCHI-24SEP04-B84.5",
            "count": 20,
            "created_time": "2024-09-04T01:36:51.864242Z",
            "yes_price": 48,
            "no_price": 52,
            "taker_side": "yes"
        },
        {
            "trade_id": "cce4b031-0008-4bb4-8b10-69092bb154a1",
            "ticker": "HIGHCHI-24SEP04-B84.5",
            "count": 7,
            "created_time": "2024-09-04T01:36:43.375502Z",
            "yes_price": 47,
            "no_price": 53,
            "taker_side": "yes"
        },
        {
            "trade_id": "32a5ef05-7639-4bea-a678-a9f259f4c68c",
            "ticker": "HIGHCHI-24SEP04-B84.5",
            "count": 13,
            "created_time": "2024-09-04T01:36:43.375502Z",
            "yes_price": 48,
            "no_price": 52,
            "taker_side": "yes"
        },
        {
            "trade_id": "e7607570-b0ee-4d46-8610-97b7d8b1fb83",
            "ticker": "HIGHCHI-24SEP04-B84.5",
            "count": 1,
            "created_time": "2024-09-04T01:25:37.736884Z",
            "yes_price": 46,
            "no_price": 54,
            "taker_side": "no"
        },
        {
            "trade_id": "c3281e58-10e0-4ce9-a1f4-1488112500e9",
            "ticker": "HIGHCHI-24SEP04-B84.5",
            "count": 1,
            "created_time": "2024-09-04T01:25:37.726084Z",
            "yes_price": 46,
            "no_price": 54,
            "taker_side": "no"
        },
        {
            "trade_id": "edd6a2c4-30bf-4e6d-95b0-c99027ce6987",
            "ticker": "HIGHCHI-24SEP04-B84.5",
            "count": 10,
            "created_time": "2024-09-04T01:23:45.174214Z",
            "yes_price": 47,
            "no_price": 53,
            "taker_side": "yes"
        },
        {
            "trade_id": "5a62bcbe-0c51-4e27-837b-0cec9dbba711",
            "ticker": "HIGHCHI-24SEP04-B84.5",
            "count": 72,
            "created_time": "2024-09-04T01:23:45.174214Z",
            "yes_price": 47,
            "no_price": 53,
            "taker_side": "yes"
        },
        {
            "trade_id": "c482209e-5861-4d88-b053-c603d0af9e5f",
            "ticker": "HIGHCHI-24SEP04-B84.5",
            "count": 18,
            "created_time": "2024-09-04T00:17:35.477548Z",
            "yes_price": 46,
            "no_price": 54,
            "taker_side": "yes"
        },
        {
            "trade_id": "b6c88f07-cdc2-47fc-b265-7ded37dba39b",
            "ticker": "HIGHCHI-24SEP04-B84.5",
            "count": 15,
            "created_time": "2024-09-04T00:17:26.915424Z",
            "yes_price": 45,
            "no_price": 55,
            "taker_side": "yes"
        },
        {
            "trade_id": "822a5150-0326-4e92-863e-ad3ccbce9c9c",
            "ticker": "HIGHCHI-24SEP04-B84.5",
            "count": 1,
            "created_time": "2024-09-04T00:17:26.915424Z",
            "yes_price": 45,
            "no_price": 55,
            "taker_side": "yes"
        },
        {
            "trade_id": "0c27fb7c-043c-439f-8325-c046fe8f3b1f",
            "ticker": "HIGHCHI-24SEP04-B84.5",
            "count": 5,
            "created_time": "2024-09-04T00:17:26.915424Z",
            "yes_price": 48,
            "no_price": 52,
            "taker_side": "yes"
        },
        {
            "trade_id": "b3eda414-87d6-4cef-bb91-628cd6b61244",
            "ticker": "HIGHCHI-24SEP04-B84.5",
            "count": 21,
            "created_time": "2024-09-04T00:17:15.081278Z",
            "yes_price": 45,
            "no_price": 55,
            "taker_side": "yes"
        },
        {
            "trade_id": "09c49203-93b9-460f-be32-aafe6ec89e0d",
            "ticker": "HIGHCHI-24SEP04-B84.5",
            "count": 90,
            "created_time": "2024-09-03T23:53:23.163117Z",
            "yes_price": 45,
            "no_price": 55,
            "taker_side": "yes"
        },
        {
            "trade_id": "605f5c03-4887-4a41-bfd7-980ab364eff6",
            "ticker": "HIGHCHI-24SEP04-B84.5",
            "count": 20,
            "created_time": "2024-09-03T23:07:47.008094Z",
            "yes_price": 47,
            "no_price": 53,
            "taker_side": "yes"
        },
        {
            "trade_id": "89592431-a77d-4ad7-86b0-d068df4792f7",
            "ticker": "HIGHCHI-24SEP04-B84.5",
            "count": 20,
            "created_time": "2024-09-03T23:05:46.674917Z",
            "yes_price": 47,
            "no_price": 53,
            "taker_side": "yes"
        },
        {
            "trade_id": "ca3b9048-3d4a-4db6-8558-3b8add36230d",
            "ticker": "HIGHCHI-24SEP04-B84.5",
            "count": 90,
            "created_time": "2024-09-03T22:31:24.963211Z",
            "yes_price": 44,
            "no_price": 56,
            "taker_side": "yes"
        },
        {
            "trade_id": "59099cb5-8c66-4e02-a968-545a9ef7c554",
            "ticker": "HIGHCHI-24SEP04-B84.5",
            "count": 90,
            "created_time": "2024-09-03T22:31:16.739901Z",
            "yes_price": 44,
            "no_price": 56,
            "taker_side": "yes"
        },
        {
            "trade_id": "a6c60e48-0133-431d-af98-35abada71585",
            "ticker": "HIGHCHI-24SEP04-B84.5",
            "count": 90,
            "created_time": "2024-09-03T22:31:05.102368Z",
            "yes_price": 44,
            "no_price": 56,
            "taker_side": "yes"
        },
        {
            "trade_id": "5a0112b6-cb06-43f2-916f-b6b0a149b5a7",
            "ticker": "HIGHCHI-24SEP04-B84.5",
            "count": 18,
            "created_time": "2024-09-03T22:30:55.831865Z",
            "yes_price": 41,
            "no_price": 59,
            "taker_side": "no"
        },
        {
            "trade_id": "e463eeba-3cba-43ce-b935-375032619da1",
            "ticker": "HIGHCHI-24SEP04-B84.5",
            "count": 54,
            "created_time": "2024-09-03T22:30:39.022131Z",
            "yes_price": 43,
            "no_price": 57,
            "taker_side": "yes"
        },
        {
            "trade_id": "82729e4e-3343-4679-8b49-20531b4a62de",
            "ticker": "HIGHCHI-24SEP04-B84.5",
            "count": 32,
            "created_time": "2024-09-03T22:30:28.43491Z",
            "yes_price": 42,
            "no_price": 58,
            "taker_side": "no"
        },
        {
            "trade_id": "368ae7b6-5f3b-436e-af96-f291d1a6eabf",
            "ticker": "HIGHCHI-24SEP04-B84.5",
            "count": 18,
            "created_time": "2024-09-03T22:30:04.639617Z",
            "yes_price": 42,
            "no_price": 58,
            "taker_side": "no"
        },
        {
            "trade_id": "0e24f053-afca-4c2a-b46b-ea9625430bb8",
            "ticker": "HIGHCHI-24SEP04-B84.5",
            "count": 30,
            "created_time": "2024-09-03T21:57:54.533861Z",
            "yes_price": 44,
            "no_price": 56,
            "taker_side": "yes"
        },
        {
            "trade_id": "839f3b9e-942f-445a-bf2d-18084c281dbf",
            "ticker": "HIGHCHI-24SEP04-B84.5",
            "count": 54,
            "created_time": "2024-09-03T21:57:24.202323Z",
            "yes_price": 43,
            "no_price": 57,
            "taker_side": "yes"
        },
        {
            "trade_id": "1aa0f02d-d378-417a-aafa-0e0af9bf3d18",
            "ticker": "HIGHCHI-24SEP04-B84.5",
            "count": 180,
            "created_time": "2024-09-03T21:57:24.202323Z",
            "yes_price": 44,
            "no_price": 56,
            "taker_side": "yes"
        },
        {
            "trade_id": "72c4eb24-d724-4fd5-8017-8b2eac45a7a3",
            "ticker": "HIGHCHI-24SEP04-B84.5",
            "count": 36,
            "created_time": "2024-09-03T21:56:28.700625Z",
            "yes_price": 41,
            "no_price": 59,
            "taker_side": "yes"
        },
        {
            "trade_id": "a269700d-f90c-47b2-9e7d-00f0604620ba",
            "ticker": "HIGHCHI-24SEP04-B84.5",
            "count": 180,
            "created_time": "2024-09-03T20:56:54.893912Z",
            "yes_price": 44,
            "no_price": 56,
            "taker_side": "yes"
        },
        {
            "trade_id": "59312ed4-558b-489c-a8ed-9e555c8e7949",
            "ticker": "HIGHCHI-24SEP04-B84.5",
            "count": 54,
            "created_time": "2024-09-03T20:56:54.893912Z",
            "yes_price": 43,
            "no_price": 57,
            "taker_side": "yes"
        },
        {
            "trade_id": "da15374b-ea01-4f41-868f-c576d6cb8681",
            "ticker": "HIGHCHI-24SEP04-B84.5",
            "count": 72,
            "created_time": "2024-09-03T20:30:26.072054Z",
            "yes_price": 39,
            "no_price": 61,
            "taker_side": "yes"
        },
        {
            "trade_id": "9049f744-dc3f-4fa2-b45f-88a18dba3f1d",
            "ticker": "HIGHCHI-24SEP04-B84.5",
            "count": 180,
            "created_time": "2024-09-03T20:30:03.591989Z",
            "yes_price": 38,
            "no_price": 62,
            "taker_side": "yes"
        },
        {
            "trade_id": "280ce805-3c45-4de2-ad5e-65326b510399",
            "ticker": "HIGHCHI-24SEP04-B84.5",
            "count": 36,
            "created_time": "2024-09-03T20:30:03.591989Z",
            "yes_price": 36,
            "no_price": 64,
            "taker_side": "yes"
        },
        {
            "trade_id": "0b06af7a-84cb-48b4-af72-68ab7d0cdcb5",
            "ticker": "HIGHCHI-24SEP04-B84.5",
            "count": 100,
            "created_time": "2024-09-03T20:30:03.591989Z",
            "yes_price": 38,
            "no_price": 62,
            "taker_side": "yes"
        },
        {
            "trade_id": "9e0a6e3c-9b30-47fd-b952-260f2d100ea3",
            "ticker": "HIGHCHI-24SEP04-B84.5",
            "count": 90,
            "created_time": "2024-09-03T18:33:17.294986Z",
            "yes_price": 43,
            "no_price": 57,
            "taker_side": "yes"
        },
        {
            "trade_id": "4aea7ea8-4ded-4502-89b4-a351557f0967",
            "ticker": "HIGHCHI-24SEP04-B84.5",
            "count": 90,
            "created_time": "2024-09-03T18:32:58.158191Z",
            "yes_price": 41,
            "no_price": 59,
            "taker_side": "yes"
        },
        {
            "trade_id": "77e0518b-c48e-4a59-8fe1-8b0f4e6aeb6d",
            "ticker": "HIGHCHI-24SEP04-B84.5",
            "count": 8,
            "created_time": "2024-09-03T18:20:49.004906Z",
            "yes_price": 53,
            "no_price": 47,
            "taker_side": "no"
        },
        {
            "trade_id": "8a22db6e-181a-4f64-b723-f06a584d9bb9",
            "ticker": "HIGHCHI-24SEP04-B84.5",
            "count": 90,
            "created_time": "2024-09-03T18:09:25.578602Z",
            "yes_price": 51,
            "no_price": 49,
            "taker_side": "yes"
        },
        {
            "trade_id": "e20a8c09-7811-4a32-b0dd-3a5dc2c608b1",
            "ticker": "HIGHCHI-24SEP04-B84.5",
            "count": 8,
            "created_time": "2024-09-03T18:09:16.732317Z",
            "yes_price": 55,
            "no_price": 45,
            "taker_side": "yes"
        },
        {
            "trade_id": "938717de-39d4-46e6-b0a3-9bf3a83dd703",
            "ticker": "HIGHCHI-24SEP04-B84.5",
            "count": 180,
            "created_time": "2024-09-03T18:09:16.732317Z",
            "yes_price": 56,
            "no_price": 44,
            "taker_side": "yes"
        },
        {
            "trade_id": "4fc42aad-0f5c-4a62-ba6d-675fbfa4ba2b",
            "ticker": "HIGHCHI-24SEP04-B84.5",
            "count": 90,
            "created_time": "2024-09-03T18:09:16.732317Z",
            "yes_price": 53,
            "no_price": 47,
            "taker_side": "yes"
        },
        {
            "trade_id": "0a1fc0fd-4324-43a7-b291-9f3c3813dea9",
            "ticker": "HIGHCHI-24SEP04-B84.5",
            "count": 50,
            "created_time": "2024-09-03T18:09:16.732317Z",
            "yes_price": 55,
            "no_price": 45,
            "taker_side": "yes"
        },
        {
            "trade_id": "9867cf5d-6525-4525-b1c9-5912d9679416",
            "ticker": "HIGHCHI-24SEP04-B84.5",
            "count": 72,
            "created_time": "2024-09-03T17:52:59.199012Z",
            "yes_price": 52,
            "no_price": 48,
            "taker_side": "yes"
        },
        {
            "trade_id": "722042cd-e5c2-45e6-a8c9-252fedc1d014",
            "ticker": "HIGHCHI-24SEP04-B84.5",
            "count": 150,
            "created_time": "2024-09-03T17:52:46.880422Z",
            "yes_price": 50,
            "no_price": 50,
            "taker_side": "yes"
        },
        {
            "trade_id": "d5774e3b-f25e-43f8-9bff-0fe2e9bfc2a8",
            "ticker": "HIGHCHI-24SEP04-B84.5",
            "count": 20,
            "created_time": "2024-09-03T17:44:20.0178Z",
            "yes_price": 49,
            "no_price": 51,
            "taker_side": "yes"
        },
        {
            "trade_id": "b1860174-7080-4c15-8023-b0f4ddaec33b",
            "ticker": "HIGHCHI-24SEP04-B84.5",
            "count": 22,
            "created_time": "2024-09-03T17:44:20.0178Z",
            "yes_price": 48,
            "no_price": 52,
            "taker_side": "yes"
        },
        {
            "trade_id": "8bcf75e3-23c4-4066-8554-5583b656049b",
            "ticker": "HIGHCHI-24SEP04-B84.5",
            "count": 20,
            "created_time": "2024-09-03T17:44:20.0178Z",
            "yes_price": 47,
            "no_price": 53,
            "taker_side": "yes"
        },
        {
            "trade_id": "a0884253-456e-4cda-95e1-19238471ed25",
            "ticker": "HIGHCHI-24SEP04-B84.5",
            "count": 72,
            "created_time": "2024-09-03T17:42:45.111572Z",
            "yes_price": 41,
            "no_price": 59,
            "taker_side": "yes"
        },
        {
            "trade_id": "11deba7d-05c8-492b-992d-d94d54bf3efb",
            "ticker": "HIGHCHI-24SEP04-B84.5",
            "count": 180,
            "created_time": "2024-09-03T17:42:45.111572Z",
            "yes_price": 44,
            "no_price": 56,
            "taker_side": "yes"
        },
        {
            "trade_id": "06debf12-0dc0-4dfa-a9d3-4e9010cd24b0",
            "ticker": "HIGHCHI-24SEP04-B84.5",
            "count": 180,
            "created_time": "2024-09-03T17:42:45.111572Z",
            "yes_price": 46,
            "no_price": 54,
            "taker_side": "yes"
        },
        {
            "trade_id": "262a54ca-5d83-43f3-aeb7-6b42d66d274d",
            "ticker": "HIGHCHI-24SEP04-B84.5",
            "count": 6,
            "created_time": "2024-09-03T16:45:48.571779Z",
            "yes_price": 47,
            "no_price": 53,
            "taker_side": "yes"
        }
    ],
    "HIGHCHI-24SEP04-T85": [
        {
            "trade_id": "e32f6c96-dc61-42af-bbe7-de3a57b0080e",
            "ticker": "HIGHCHI-24SEP04-T85",
            "count": 50,
            "created_time": "2024-09-04T18:35:05.752034Z",
            "yes_price": 1,
            "no_price": 99,
            "taker_side": "no"
        },
        {
            "trade_id": "ad385ed8-82af-4411-9ce7-5b40dc3278da",
            "ticker": "HIGHCHI-24SEP04-T85",
            "count": 283,
            "created_time": "2024-09-04T18:35:05.752034Z",
            "yes_price": 1,
            "no_price": 99,
            "taker_side": "no"
        },
        {
            "trade_id": "69f0738a-b603-477b-9e2c-9ac6ed36adf1",
            "ticker": "HIGHCHI-24SEP04-T85",
            "count": 230,
            "created_time": "2024-09-04T18:35:05.752034Z",
            "yes_price": 5,
            "no_price": 95,
            "taker_side": "no"
        },
        {
            "trade_id": "997092f7-a710-41c7-a11a-beb3759d5de9",
            "ticker": "HIGHCHI-24SEP04-T85",
            "count": 60,
            "created_time": "2024-09-04T18:30:25.405596Z",
            "yes_price": 5,
            "no_price": 95,
            "taker_side": "no"
        },
        {
            "trade_id": "c2e676a0-6e8f-40fb-bbdf-b1f9bb80b3a8",
            "ticker": "HIGHCHI-24SEP04-T85",
            "count": 62,
            "created_time": "2024-09-04T14:21:53.739063Z",
            "yes_price": 3,
            "no_price": 97,
            "taker_side": "no"
        },
        {
            "trade_id": "554e3304-4cda-48f3-a121-e6541a779a9c",
            "ticker": "HIGHCHI-24SEP04-T85",
            "count": 44,
            "created_time": "2024-09-04T14:17:11.574868Z",
            "yes_price": 3,
            "no_price": 97,
            "taker_side": "no"
        },
        {
            "trade_id": "f6929b8f-b570-4113-82a1-8f8fb6ca02d0",
            "ticker": "HIGHCHI-24SEP04-T85",
            "count": 229,
            "created_time": "2024-09-04T03:58:34.477162Z",
            "yes_price": 18,
            "no_price": 82,
            "taker_side": "yes"
        },
        {
            "trade_id": "a3b019f4-9798-4d8d-8382-945a35a3a2c2",
            "ticker": "HIGHCHI-24SEP04-T85",
            "count": 180,
            "created_time": "2024-09-04T03:58:34.477162Z",
            "yes_price": 17,
            "no_price": 83,
            "taker_side": "yes"
        },
        {
            "trade_id": "22606ef4-e493-4c9d-abf7-48705f38cc50",
            "ticker": "HIGHCHI-24SEP04-T85",
            "count": 1,
            "created_time": "2024-09-04T03:58:34.477162Z",
            "yes_price": 15,
            "no_price": 85,
            "taker_side": "yes"
        },
        {
            "trade_id": "090cb453-a998-4bad-b4c6-c32149a1e73a",
            "ticker": "HIGHCHI-24SEP04-T85",
            "count": 90,
            "created_time": "2024-09-04T03:58:34.477162Z",
            "yes_price": 15,
            "no_price": 85,
            "taker_side": "yes"
        },
        {
            "trade_id": "232885a5-b4b0-4180-9dff-d207257ccf22",
            "ticker": "HIGHCHI-24SEP04-T85",
            "count": 162,
            "created_time": "2024-09-04T03:36:14.435824Z",
            "yes_price": 13,
            "no_price": 87,
            "taker_side": "no"
        },
        {
            "trade_id": "177ccde8-c65c-4bc4-abbf-268df48f4114",
            "ticker": "HIGHCHI-24SEP04-T85",
            "count": 90,
            "created_time": "2024-09-04T03:35:34.660406Z",
            "yes_price": 14,
            "no_price": 86,
            "taker_side": "no"
        },
        {
            "trade_id": "f9d4f8a9-3411-46ac-82fe-a8f0599f57e2",
            "ticker": "HIGHCHI-24SEP04-T85",
            "count": 144,
            "created_time": "2024-09-04T02:01:37.069374Z",
            "yes_price": 16,
            "no_price": 84,
            "taker_side": "no"
        },
        {
            "trade_id": "e89c8eff-e9dd-4414-9fa3-7201dfe1f3a6",
            "ticker": "HIGHCHI-24SEP04-T85",
            "count": 78,
            "created_time": "2024-09-04T01:59:21.877426Z",
            "yes_price": 18,
            "no_price": 82,
            "taker_side": "no"
        },
        {
            "trade_id": "df86128b-9c85-436a-8e95-d9314469b263",
            "ticker": "HIGHCHI-24SEP04-T85",
            "count": 18,
            "created_time": "2024-09-04T01:58:21.326362Z",
            "yes_price": 19,
            "no_price": 81,
            "taker_side": "no"
        },
        {
            "trade_id": "9262850a-4731-4475-8029-94cb6e751af1",
            "ticker": "HIGHCHI-24SEP04-T85",
            "count": 16,
            "created_time": "2024-09-04T01:37:00.818077Z",
            "yes_price": 20,
            "no_price": 80,
            "taker_side": "no"
        },
        {
            "trade_id": "70fb221a-6634-48b3-80ff-fe2a89f821d3",
            "ticker": "HIGHCHI-24SEP04-T85",
            "count": 20,
            "created_time": "2024-09-04T01:36:51.961Z",
            "yes_price": 20,
            "no_price": 80,
            "taker_side": "no"
        },
        {
            "trade_id": "0c2951f4-ee4e-4cea-ac69-04ee5ed15c2a",
            "ticker": "HIGHCHI-24SEP04-T85",
            "count": 7,
            "created_time": "2024-09-04T01:36:43.662005Z",
            "yes_price": 21,
            "no_price": 79,
            "taker_side": "no"
        },
        {
            "trade_id": "6cf519bd-6617-4860-9a73-856456ada2cc",
            "ticker": "HIGHCHI-24SEP04-T85",
            "count": 1,
            "created_time": "2024-09-04T01:25:37.619135Z",
            "yes_price": 22,
            "no_price": 78,
            "taker_side": "no"
        },
        {
            "trade_id": "626963fd-c548-4d53-8f66-18ae16b80257",
            "ticker": "HIGHCHI-24SEP04-T85",
            "count": 1,
            "created_time": "2024-09-04T01:25:37.619135Z",
            "yes_price": 22,
            "no_price": 78,
            "taker_side": "no"
        },
        {
            "trade_id": "076b0144-0112-4188-8525-5ec443876793",
            "ticker": "HIGHCHI-24SEP04-T85",
            "count": 10,
            "created_time": "2024-09-04T01:23:45.297481Z",
            "yes_price": 22,
            "no_price": 78,
            "taker_side": "no"
        },
        {
            "trade_id": "f7e7531c-01c1-483d-95e7-35732b4bbe79",
            "ticker": "HIGHCHI-24SEP04-T85",
            "count": 18,
            "created_time": "2024-09-03T22:30:55.836864Z",
            "yes_price": 32,
            "no_price": 68,
            "taker_side": "no"
        },
        {
            "trade_id": "788d5880-1ee5-4b98-b484-e8103237213d",
            "ticker": "HIGHCHI-24SEP04-T85",
            "count": 32,
            "created_time": "2024-09-03T22:30:28.426079Z",
            "yes_price": 32,
            "no_price": 68,
            "taker_side": "no"
        },
        {
            "trade_id": "2bd35fa0-4690-4a47-9675-50a0e1482276",
            "ticker": "HIGHCHI-24SEP04-T85",
            "count": 18,
            "created_time": "2024-09-03T22:30:04.622364Z",
            "yes_price": 33,
            "no_price": 67,
            "taker_side": "no"
        },
        {
            "trade_id": "fb389ee4-be46-4be3-90bc-015bf91524b4",
            "ticker": "HIGHCHI-24SEP04-T85",
            "count": 90,
            "created_time": "2024-09-03T22:11:00.870006Z",
            "yes_price": 34,
            "no_price": 66,
            "taker_side": "no"
        },
        {
            "trade_id": "8c92187b-1651-4efc-b410-e41969030714",
            "ticker": "HIGHCHI-24SEP04-T85",
            "count": 90,
            "created_time": "2024-09-03T21:56:39.344283Z",
            "yes_price": 35,
            "no_price": 65,
            "taker_side": "yes"
        },
        {
            "trade_id": "4fe1b663-da01-427a-976c-e5eb450c2de5",
            "ticker": "HIGHCHI-24SEP04-T85",
            "count": 72,
            "created_time": "2024-09-03T21:56:33.548523Z",
            "yes_price": 35,
            "no_price": 65,
            "taker_side": "yes"
        },
        {
            "trade_id": "37a0ad91-507d-4d46-9f50-43f202ed31fb",
            "ticker": "HIGHCHI-24SEP04-T85",
            "count": 100,
            "created_time": "2024-09-03T21:48:34.835555Z",
            "yes_price": 26,
            "no_price": 74,
            "taker_side": "yes"
        },
        {
            "trade_id": "d7653c7e-9298-4a09-b7a9-dc93f00ed22b",
            "ticker": "HIGHCHI-24SEP04-T85",
            "count": 100,
            "created_time": "2024-09-03T19:40:57.089688Z",
            "yes_price": 25,
            "no_price": 75,
            "taker_side": "yes"
        },
        {
            "trade_id": "a3b5693e-f028-442f-9527-74c70cd05613",
            "ticker": "HIGHCHI-24SEP04-T85",
            "count": 18,
            "created_time": "2024-09-03T19:40:57.089688Z",
            "yes_price": 25,
            "no_price": 75,
            "taker_side": "yes"
        },
        {
            "trade_id": "ac3bf33c-c1ae-4769-a184-600406e1f5f1",
            "ticker": "HIGHCHI-24SEP04-T85",
            "count": 180,
            "created_time": "2024-09-03T19:40:47.851187Z",
            "yes_price": 23,
            "no_price": 77,
            "taker_side": "yes"
        },
        {
            "trade_id": "791037ad-deeb-4b29-97f6-6be278b00f0e",
            "ticker": "HIGHCHI-24SEP04-T85",
            "count": 108,
            "created_time": "2024-09-03T19:40:47.851187Z",
            "yes_price": 22,
            "no_price": 78,
            "taker_side": "yes"
        },
        {
            "trade_id": "43751501-6b8e-47e4-8054-36e26f8b6741",
            "ticker": "HIGHCHI-24SEP04-T85",
            "count": 180,
            "created_time": "2024-09-03T19:40:47.851187Z",
            "yes_price": 24,
            "no_price": 76,
            "taker_side": "yes"
        },
        {
            "trade_id": "82b8019b-92cc-4097-bdb4-f13cfdfe3ead",
            "ticker": "HIGHCHI-24SEP04-T85",
            "count": 54,
            "created_time": "2024-09-03T19:40:42.173575Z",
            "yes_price": 18,
            "no_price": 82,
            "taker_side": "yes"
        },
        {
            "trade_id": "7717f9b3-7d98-4810-abcf-e7d0abc448a5",
            "ticker": "HIGHCHI-24SEP04-T85",
            "count": 180,
            "created_time": "2024-09-03T19:40:42.173575Z",
            "yes_price": 19,
            "no_price": 81,
            "taker_side": "yes"
        },
        {
            "trade_id": "6f79cf62-79af-4f04-bfee-0f4fe2b027bb",
            "ticker": "HIGHCHI-24SEP04-T85",
            "count": 180,
            "created_time": "2024-09-03T19:40:42.173575Z",
            "yes_price": 20,
            "no_price": 80,
            "taker_side": "yes"
        },
        {
            "trade_id": "a89d60b7-06d6-40b1-9029-145f27125db1",
            "ticker": "HIGHCHI-24SEP04-T85",
            "count": 100,
            "created_time": "2024-09-03T19:40:24.001042Z",
            "yes_price": 17,
            "no_price": 83,
            "taker_side": "yes"
        },
        {
            "trade_id": "0d658a65-0d86-4180-8f00-06f69ffb6aaf",
            "ticker": "HIGHCHI-24SEP04-T85",
            "count": 180,
            "created_time": "2024-09-03T19:40:24.001042Z",
            "yes_price": 19,
            "no_price": 81,
            "taker_side": "yes"
        },
        {
            "trade_id": "06c608c6-4835-4bcc-a0b4-e636d6f75663",
            "ticker": "HIGHCHI-24SEP04-T85",
            "count": 180,
            "created_time": "2024-09-03T19:40:24.001042Z",
            "yes_price": 20,
            "no_price": 80,
            "taker_side": "yes"
        },
        {
            "trade_id": "03c65f57-df44-49ef-83c5-16909f685d01",
            "ticker": "HIGHCHI-24SEP04-T85",
            "count": 54,
            "created_time": "2024-09-03T19:40:24.001042Z",
            "yes_price": 18,
            "no_price": 82,
            "taker_side": "yes"
        },
        {
            "trade_id": "7f2ba042-1f58-466a-b65e-f0ed80cb2d33",
            "ticker": "HIGHCHI-24SEP04-T85",
            "count": 72,
            "created_time": "2024-09-03T18:09:07.30008Z",
            "yes_price": 22,
            "no_price": 78,
            "taker_side": "yes"
        },
        {
            "trade_id": "61254863-e099-407a-a1d2-8b2293218d08",
            "ticker": "HIGHCHI-24SEP04-T85",
            "count": 180,
            "created_time": "2024-09-03T18:09:07.30008Z",
            "yes_price": 23,
            "no_price": 77,
            "taker_side": "yes"
        },
        {
            "trade_id": "50be08c7-edbd-40ca-9d07-0ae0fa5a5dd7",
            "ticker": "HIGHCHI-24SEP04-T85",
            "count": 180,
            "created_time": "2024-09-03T18:09:07.30008Z",
            "yes_price": 24,
            "no_price": 76,
            "taker_side": "yes"
        },
        {
            "trade_id": "fdd3c479-6acc-454c-a639-57f5263c4a9b",
            "ticker": "HIGHCHI-24SEP04-T85",
            "count": 180,
            "created_time": "2024-09-03T17:52:39.65535Z",
            "yes_price": 19,
            "no_price": 81,
            "taker_side": "yes"
        },
        {
            "trade_id": "d902a5bf-9569-4bda-b420-75d3e0201c81",
            "ticker": "HIGHCHI-24SEP04-T85",
            "count": 90,
            "created_time": "2024-09-03T17:52:39.65535Z",
            "yes_price": 18,
            "no_price": 82,
            "taker_side": "yes"
        },
        {
            "trade_id": "c4abd2a5-af5b-4aa7-9a52-eee0c6983d8f",
            "ticker": "HIGHCHI-24SEP04-T85",
            "count": 180,
            "created_time": "2024-09-03T17:52:39.65535Z",
            "yes_price": 20,
            "no_price": 80,
            "taker_side": "yes"
        },
        {
            "trade_id": "3616b603-bafb-4136-af0f-76682a6232a3",
            "ticker": "HIGHCHI-24SEP04-T85",
            "count": 48,
            "created_time": "2024-09-03T17:42:59.438962Z",
            "yes_price": 17,
            "no_price": 83,
            "taker_side": "no"
        },
        {
            "trade_id": "20986784-0def-492f-8097-2e0b753dc114",
            "ticker": "HIGHCHI-24SEP04-T85",
            "count": 60,
            "created_time": "2024-09-03T17:42:59.419129Z",
            "yes_price": 17,
            "no_price": 83,
            "taker_side": "no"
        },
        {
            "trade_id": "d2375ef4-1e17-4ca1-92fa-82278718be03",
            "ticker": "HIGHCHI-24SEP04-T85",
            "count": 180,
            "created_time": "2024-09-03T17:42:52.675203Z",
            "yes_price": 17,
            "no_price": 83,
            "taker_side": "yes"
        },
        {
            "trade_id": "9c685c07-8dcd-4c22-90ba-00ea2aa78b69",
            "ticker": "HIGHCHI-24SEP04-T85",
            "count": 180,
            "created_time": "2024-09-03T17:42:52.675203Z",
            "yes_price": 16,
            "no_price": 84,
            "taker_side": "yes"
        },
        {
            "trade_id": "452d1a67-9690-4891-81f0-623e0dcac648",
            "ticker": "HIGHCHI-24SEP04-T85",
            "count": 36,
            "created_time": "2024-09-03T17:42:52.675203Z",
            "yes_price": 15,
            "no_price": 85,
            "taker_side": "yes"
        },
        {
            "trade_id": "570dc790-4709-4141-927f-c2fa32b632d3",
            "ticker": "HIGHCHI-24SEP04-T85",
            "count": 27,
            "created_time": "2024-09-03T14:38:07.341317Z",
            "yes_price": 12,
            "no_price": 88,
            "taker_side": "no"
        }
    ]
}