{
    "HIGHCHI-24JAN28-T35": [],
    "HIGHCHI-24JAN28-B35.5": [],
    "HIGHCHI-24JAN28-B37.5": [
        {
            "trade_id": "46b29b41-5d1c-4b3b-89bf-62519e6ace51",
            "ticker": "HIGHCHI-24JAN28-B37.5",
            "count": 157,
            "created_time": "2024-01-28T17:14:48.662709Z",
            "yes_price": 1,
            "no_price": 99,
            "taker_side": "yes"
        },
        {
            "trade_id": "cbf96657-92c1-4d46-be3c-86cf6f875448",
            "ticker": "HIGHCHI-24JAN28-B37.5",
            "count": 121,
            "created_time": "2024-01-27T20:46:10.52168Z",
            "yes_price": 9,
            "no_price": 91,
            "taker_side": "no"
        },
        {
            "trade_id": "9c729ad2-ef46-4278-bdf9-1e5a40a84dd2",
            "ticker": "HIGHCHI-24JAN28-B37.5",
            "count": 36,
            "created_time": "2024-01-27T20:46:10.52168Z",
            "yes_price": 10,
            "no_price": 90,
            "taker_side": "no"
        },
        {
            "trade_id": "b390546b-85be-4d03-8798-492161eefe50",
            "ticker": "HIGHCHI-24JAN28-B37.5",
            "count": 1,
            "created_time": "2024-01-27T17:30:21.805686Z",
            "yes_price": 12,
            "no_price": 88,
            "taker_side": "no"
        }
    ],
    "HIGHCHI-24JAN28-B39.5": [
        {
            "trade_id": "37de15c6-0876-4022-967c-0c944e77272d",
            "ticker": "HIGHCHI-24JAN28-B39.5",
            "count": 16,
            "created_time": "2024-01-28T01:05:50.748907Z",
            "yes_price": 45,
            "no_price": 55,
            "taker_side": "yes"
        },
        {
            "trade_id": "0d79c1ca-578f-4dd8-8e3d-c45ad931986b",
            "ticker": "HIGHCHI-24JAN28-B39.5",
            "count": 5,
            "created_time": "2024-01-28T01:05:50.748907Z",
            "yes_price": 45,
            "no_price": 55,
            "taker_side": "yes"
        },
        {
            "trade_id": "038440ce-f834-4a67-a882-1478c418b283",
            "ticker": "HIGHCHI-24JAN28-B39.5",
            "count": 48,
            "created_time": "2024-01-27T20:45:53.896188Z",
            "yes_price": 41,
            "no_price": 59,
            "taker_side": "yes"
        },
        {
            "trade_id": "ed2c3758-a86a-4dc4-bc59-c3fbc6ac7074",
            "ticker": "HIGHCHI-24JAN28-B39.5",
            "count": 12,
            "created_time": "2024-01-27T20:45:40.78324Z",
            "yes_price": 36,
            "no_price": 64,
            "taker_side": "yes"
        },
        {
            "trade_id": "a1e9df09-9dfe-4baa-aa16-fa61f51dcf11",
            "ticker": "HIGHCHI-24JAN28-B39.5",
            "count": 120,
            "created_time": "2024-01-27T20:45:40.78324Z",
            "yes_price": 40,
            "no_price": 60,
            "taker_side": "yes"
        },
        {
            "trade_id": "717242e0-dcf4-4d94-b1a7-a98273a882ca",
            "ticker": "HIGHCHI-24JAN28-B39.5",
            "count": 120,
            "created_time": "2024-01-27T20:45:40.78324Z",
            "yes_price": 38,
            "no_price": 62,
            "taker_side": "yes"
        },
        {
            "trade_id": "35e57856-d168-4bad-8ba0-af7bb68f7549",
            "ticker": "HIGHCHI-24JAN28-B39.5",
            "count": 1,
            "created_time": "2024-01-27T17:30:22.332112Z",
            "yes_price": 34,
            "no_price": 66,
            "taker_side": "no"
        }
    ],
    "HIGHCHI-24JAN28-B41.5": [
        {
            "trade_id": "de934f15-60e4-4562-b3d3-d9aef31a3521",
            "ticker": "HIGHCHI-24JAN28-B41.5",
            "count": 1,
            "created_time": "2024-01-28T01:11:44.289604Z",
            "yes_price": 35,
            "no_price": 65,
            "taker_side": "no"
        },
        {
            "trade_id": "2db79b40-f19f-4729-8cdd-9c04d647baf1",
            "ticker": "HIGHCHI-24JAN28-B41.5",
            "count": 16,
            "created_time": "2024-01-27T20:46:52.838683Z",
            "yes_price": 39,
            "no_price": 61,
            "taker_side": "yes"
        },
        {
            "trade_id": "cfb52f08-440f-42a3-8360-a0380c6f39e0",
            "ticker": "HIGHCHI-24JAN28-B41.5",
            "count": 115,
            "created_time": "2024-01-27T18:22:12.437045Z",
            "yes_price": 38,
            "no_price": 62,
            "taker_side": "yes"
        },
        {
            "trade_id": "cc325cc5-82e5-43fe-9b5b-4a0b41d161f4",
            "ticker": "HIGHCHI-24JAN28-B41.5",
            "count": 115,
            "created_time": "2024-01-27T18:22:12.437045Z",
            "yes_price": 40,
            "no_price": 60,
            "taker_side": "yes"
        },
        {
            "trade_id": "cb5097df-dafc-4ddc-bb95-50797d01c49c",
            "ticker": "HIGHCHI-24JAN28-B41.5",
            "count": 46,
            "created_time": "2024-01-27T18:22:12.437045Z",
            "yes_price": 36,
            "no_price": 64,
            "taker_side": "yes"
        },
        {
            "trade_id": "c073454b-7136-4438-80c8-80a7af7e9c30",
            "ticker": "HIGHCHI-24JAN28-B41.5",
            "count": 1,
            "created_time": "2024-01-27T18:22:12.437045Z",
            "yes_price": 36,
            "no_price": 64,
            "taker_side": "yes"
        },
        {
            "trade_id": "dfdb4775-71ed-4216-9e85-225555ebbdc3",
            "ticker": "HIGHCHI-24JAN28-B41.5",
            "count": 1,
            "created_time": "2024-01-27T17:30:22.932693Z",
            "yes_price": 30,
            "no_price": 70,
            "taker_side": "no"
        },
        {
            "trade_id": "c0a35de9-e967-4c46-91e0-9d487dcf73bf",
            "ticker": "HIGHCHI-24JAN28-B41.5",
            "count": 5,
            "created_time": "2024-01-27T15:14:35.210796Z",
            "yes_price": 28,
            "no_price": 72,
            "taker_side": "no"
        }
    ],
    "HIGHCHI-24JAN28-T42": [
        {
            "trade_id": "a3f9b525-bb21-478c-8737-afea61b67860",
            "ticker": "HIGHCHI-24JAN28-T42",
            "count": 2,
            "created_time": "2024-01-28T17:37:24.138952Z",
            "yes_price": 9,
            "no_price": 91,
            "taker_side": "no"
        },
        {
            "trade_id": "64135ece-68b6-4c58-853d-a6525c2dba51",
            "ticker": "HIGHCHI-24JAN28-T42",
            "count": 82,
            "created_time": "2024-01-28T14:20:10.940405Z",
            "yes_price": 11,
            "no_price": 89,
            "taker_side": "yes"
        },
        {
            "trade_id": "02adfaa2-1b13-4e9c-88b1-ec3783b159b8",
            "ticker": "HIGHCHI-24JAN28-T42",
            "count": 7,
            "created_time": "2024-01-27T23:34:53.283901Z",
            "yes_price": 11,
            "no_price": 89,
            "taker_side": "yes"
        },
        {
            "trade_id": "0bb65729-ce07-44d1-afe0-39d7a13fa736",
            "ticker": "HIGHCHI-24JAN28-T42",
            "count": 40,
            "created_time": "2024-01-27T20:47:07.844522Z",
            "yes_price": 8,
            "no_price": 92,
            "taker_side": "no"
        },
        {
            "trade_id": "91d7ad58-274f-4fe5-b3e5-3ae266c1496f",
            "ticker": "HIGHCHI-24JAN28-T42",
            "count": 36,
            "created_time": "2024-01-27T20:46:25.982581Z",
            "yes_price": 9,
            "no_price": 91,
            "taker_side": "no"
        },
        {
            "trade_id": "1d0bc187-ad17-4a82-88e9-93c4bd13f30f",
            "ticker": "HIGHCHI-24JAN28-T42",
            "count": 11,
            "created_time": "2024-01-27T17:59:51.982193Z",
            "yes_price": 11,
            "no_price": 89,
            "taker_side": "no"
        },
        {
            "trade_id": "edc6426b-1642-4372-b25e-cce0f2833f30",
            "ticker": "HIGHCHI-24JAN28-T42",
            "count": 1,
            "created_time": "2024-01-27T17:30:23.506714Z",
            "yes_price": 16,
            "no_price": 84,
            "taker_side": "yes"
        }
    ]
}