{
    "HIGHCHI-24JUL15-T90": [
        {
            "trade_id": "9734406f-0043-428f-b34c-ec858754f8a4",
            "ticker": "HIGHCHI-24JUL15-T90",
            "count": 25,
            "created_time": "2024-07-15T18:55:23.94617Z",
            "yes_price": 1,
            "no_price": 99,
            "taker_side": "no"
        },
        {
            "trade_id": "2aba1c90-2efb-4b4d-bb24-e92636b958d4",
            "ticker": "HIGHCHI-24JUL15-T90",
            "count": 300,
            "created_time": "2024-07-15T18:55:23.94617Z",
            "yes_price": 1,
            "no_price": 99,
            "taker_side": "no"
        },
        {
            "trade_id": "dfa5172b-6c99-4187-9c68-70ef3bba8b4f",
            "ticker": "HIGHCHI-24JUL15-T90",
            "count": 176,
            "created_time": "2024-07-15T16:02:51.747525Z",
            "yes_price": 14,
            "no_price": 86,
            "taker_side": "yes"
        },
        {
            "trade_id": "8deb2021-a513-4f54-89b0-2d31443b6763",
            "ticker": "HIGHCHI-24JUL15-T90",
            "count": 142,
            "created_time": "2024-07-15T16:02:51.747525Z",
            "yes_price": 16,
            "no_price": 84,
            "taker_side": "yes"
        },
        {
            "trade_id": "2f7cb3e5-aeea-4da6-acb1-6ad0271af975",
            "ticker": "HIGHCHI-24JUL15-T90",
            "count": 150,
            "created_time": "2024-07-15T16:02:51.747525Z",
            "yes_price": 15,
            "no_price": 85,
            "taker_side": "yes"
        },
        {
            "trade_id": "152b1815-3cf4-465a-8eee-70e170cdb5ca",
            "ticker": "HIGHCHI-24JUL15-T90",
            "count": 51,
            "created_time": "2024-07-15T16:02:51.747525Z",
            "yes_price": 14,
            "no_price": 86,
            "taker_side": "yes"
        },
        {
            "trade_id": "133c3a8f-9496-406f-9e12-360d8cffd7ba",
            "ticker": "HIGHCHI-24JUL15-T90",
            "count": 30,
            "created_time": "2024-07-15T16:02:51.747525Z",
            "yes_price": 14,
            "no_price": 86,
            "taker_side": "yes"
        },
        {
            "trade_id": "0cd5fa42-b377-4a20-8e4f-bce340f86714",
            "ticker": "HIGHCHI-24JUL15-T90",
            "count": 61,
            "created_time": "2024-07-15T15:51:21.032595Z",
            "yes_price": 5,
            "no_price": 95,
            "taker_side": "no"
        },
        {
            "trade_id": "1f60df17-b902-404c-aba4-ca0965720564",
            "ticker": "HIGHCHI-24JUL15-T90",
            "count": 133,
            "created_time": "2024-07-15T13:40:51.41781Z",
            "yes_price": 14,
            "no_price": 86,
            "taker_side": "yes"
        },
        {
            "trade_id": "bd74b778-a170-4d1d-a7a9-89f438db60f9",
            "ticker": "HIGHCHI-24JUL15-T90",
            "count": 100,
            "created_time": "2024-07-15T13:30:56.632567Z",
            "yes_price": 10,
            "no_price": 90,
            "taker_side": "no"
        },
        {
            "trade_id": "e8ecc21e-1080-48b3-836f-2af0b6441cac",
            "ticker": "HIGHCHI-24JUL15-T90",
            "count": 5,
            "created_time": "2024-07-15T13:22:12.941826Z",
            "yes_price": 14,
            "no_price": 86,
            "taker_side": "yes"
        },
        {
            "trade_id": "7a7d104c-bd35-41ab-83ec-25a5965d42e5",
            "ticker": "HIGHCHI-24JUL15-T90",
            "count": 2,
            "created_time": "2024-07-15T13:22:12.941826Z",
            "yes_price": 14,
            "no_price": 86,
            "taker_side": "yes"
        },
        {
            "trade_id": "621b59af-df09-48f9-ac9e-d920b1f3e748",
            "ticker": "HIGHCHI-24JUL15-T90",
            "count": 15,
            "created_time": "2024-07-15T13:22:12.941826Z",
            "yes_price": 14,
            "no_price": 86,
            "taker_side": "yes"
        },
        {
            "trade_id": "58961059-238c-4f72-99ba-434ad6b26979",
            "ticker": "HIGHCHI-24JUL15-T90",
            "count": 52,
            "created_time": "2024-07-15T13:22:12.941826Z",
            "yes_price": 12,
            "no_price": 88,
            "taker_side": "yes"
        },
        {
            "trade_id": "29cde6c8-065d-4a12-a771-4faae8b1a5af",
            "ticker": "HIGHCHI-24JUL15-T90",
            "count": 52,
            "created_time": "2024-07-15T13:05:10.909119Z",
            "yes_price": 10,
            "no_price": 90,
            "taker_side": "no"
        },
        {
            "trade_id": "09019073-6ce5-4794-a4ff-b542e0d8beb3",
            "ticker": "HIGHCHI-24JUL15-T90",
            "count": 148,
            "created_time": "2024-07-15T13:04:55.763197Z",
            "yes_price": 11,
            "no_price": 89,
            "taker_side": "no"
        },
        {
            "trade_id": "51bb6bb0-ee7a-4ec8-b354-aa6e8d3a3bf8",
            "ticker": "HIGHCHI-24JUL15-T90",
            "count": 5,
            "created_time": "2024-07-15T13:01:31.555072Z",
            "yes_price": 11,
            "no_price": 89,
            "taker_side": "no"
        },
        {
            "trade_id": "c5a5a1f6-beae-4de4-8b3c-7b14a75c831e",
            "ticker": "HIGHCHI-24JUL15-T90",
            "count": 2,
            "created_time": "2024-07-15T13:01:20.403427Z",
            "yes_price": 11,
            "no_price": 89,
            "taker_side": "no"
        },
        {
            "trade_id": "61606c41-edd0-48f0-bf8b-29976147f748",
            "ticker": "HIGHCHI-24JUL15-T90",
            "count": 75,
            "created_time": "2024-07-15T12:02:32.646879Z",
            "yes_price": 14,
            "no_price": 86,
            "taker_side": "yes"
        },
        {
            "trade_id": "51e337b6-a7b2-4e52-9dcc-2b9d8ead442f",
            "ticker": "HIGHCHI-24JUL15-T90",
            "count": 150,
            "created_time": "2024-07-15T12:02:32.646879Z",
            "yes_price": 15,
            "no_price": 85,
            "taker_side": "yes"
        },
        {
            "trade_id": "5d255bf3-ed8e-4232-8235-2c5705a888e9",
            "ticker": "HIGHCHI-24JUL15-T90",
            "count": 28,
            "created_time": "2024-07-14T14:56:35.820712Z",
            "yes_price": 22,
            "no_price": 78,
            "taker_side": "yes"
        },
        {
            "trade_id": "0051c886-7f18-4812-ab11-4ff71ab354ba",
            "ticker": "HIGHCHI-24JUL15-T90",
            "count": 32,
            "created_time": "2024-07-14T14:44:31.622366Z",
            "yes_price": 5,
            "no_price": 95,
            "taker_side": "yes"
        }
    ],
    "HIGHCHI-24JUL15-B90.5": [
        {
            "trade_id": "dbcae12a-3a4d-4208-97d0-0eb0bff6e133",
            "ticker": "HIGHCHI-24JUL15-B90.5",
            "count": 23,
            "created_time": "2024-07-16T00:44:37.57359Z",
            "yes_price": 97,
            "no_price": 3,
            "taker_side": "no"
        },
        {
            "trade_id": "6aacea93-7475-4b6d-a9c2-9cb952b5e4e7",
            "ticker": "HIGHCHI-24JUL15-B90.5",
            "count": 25,
            "created_time": "2024-07-16T00:06:09.53401Z",
            "yes_price": 99,
            "no_price": 1,
            "taker_side": "yes"
        },
        {
            "trade_id": "a07de92e-9283-40ca-9c61-9b345e1d8caf",
            "ticker": "HIGHCHI-24JUL15-B90.5",
            "count": 17,
            "created_time": "2024-07-15T23:43:47.383371Z",
            "yes_price": 97,
            "no_price": 3,
            "taker_side": "yes"
        },
        {
            "trade_id": "8c72d4c1-79de-4a4a-8dd9-6c9bd7707be8",
            "ticker": "HIGHCHI-24JUL15-B90.5",
            "count": 100,
            "created_time": "2024-07-15T21:42:21.339921Z",
            "yes_price": 97,
            "no_price": 3,
            "taker_side": "yes"
        },
        {
            "trade_id": "1ac587b6-a083-403d-953a-626477d5013d",
            "ticker": "HIGHCHI-24JUL15-B90.5",
            "count": 10,
            "created_time": "2024-07-15T20:54:10.418693Z",
            "yes_price": 29,
            "no_price": 71,
            "taker_side": "no"
        },
        {
            "trade_id": "2f0f8a72-5dfb-4da1-a9e9-ecae002cafcd",
            "ticker": "HIGHCHI-24JUL15-B90.5",
            "count": 6,
            "created_time": "2024-07-15T20:07:10.179832Z",
            "yes_price": 29,
            "no_price": 71,
            "taker_side": "no"
        },
        {
            "trade_id": "9870b28e-9190-446e-a24f-d7ce476137b5",
            "ticker": "HIGHCHI-24JUL15-B90.5",
            "count": 5,
            "created_time": "2024-07-15T19:44:30.512603Z",
            "yes_price": 47,
            "no_price": 53,
            "taker_side": "no"
        },
        {
            "trade_id": "8a832b62-f32c-4c17-82f2-ab99eff606a8",
            "ticker": "HIGHCHI-24JUL15-B90.5",
            "count": 5,
            "created_time": "2024-07-15T19:44:00.433035Z",
            "yes_price": 47,
            "no_price": 53,
            "taker_side": "no"
        },
        {
            "trade_id": "c47e58df-7092-4e8d-94a7-494a618d40a5",
            "ticker": "HIGHCHI-24JUL15-B90.5",
            "count": 5,
            "created_time": "2024-07-15T19:43:30.340804Z",
            "yes_price": 47,
            "no_price": 53,
            "taker_side": "no"
        },
        {
            "trade_id": "54eba8a6-5d00-4dd1-84a6-402466ce46d1",
            "ticker": "HIGHCHI-24JUL15-B90.5",
            "count": 5,
            "created_time": "2024-07-15T19:43:00.262389Z",
            "yes_price": 47,
            "no_price": 53,
            "taker_side": "no"
        },
        {
            "trade_id": "ba6fb31a-e4a7-4eac-a0e9-bef521d129f5",
            "ticker": "HIGHCHI-24JUL15-B90.5",
            "count": 5,
            "created_time": "2024-07-15T19:42:30.17158Z",
            "yes_price": 47,
            "no_price": 53,
            "taker_side": "no"
        },
        {
            "trade_id": "1abb26ce-2bb3-463e-a9d9-ef578dfe723b",
            "ticker": "HIGHCHI-24JUL15-B90.5",
            "count": 5,
            "created_time": "2024-07-15T19:42:00.149634Z",
            "yes_price": 47,
            "no_price": 53,
            "taker_side": "no"
        },
        {
            "trade_id": "c05cba48-f8a2-4c54-996e-e7a2586cadaf",
            "ticker": "HIGHCHI-24JUL15-B90.5",
            "count": 50,
            "created_time": "2024-07-15T19:41:40.763195Z",
            "yes_price": 47,
            "no_price": 53,
            "taker_side": "no"
        },
        {
            "trade_id": "0f35f201-a563-4540-b6f2-019d941b5b8c",
            "ticker": "HIGHCHI-24JUL15-B90.5",
            "count": 5,
            "created_time": "2024-07-15T19:41:28.765829Z",
            "yes_price": 47,
            "no_price": 53,
            "taker_side": "no"
        },
        {
            "trade_id": "bc1133ec-0a81-4731-ad3a-af613f94c050",
            "ticker": "HIGHCHI-24JUL15-B90.5",
            "count": 5,
            "created_time": "2024-07-15T19:40:58.698217Z",
            "yes_price": 47,
            "no_price": 53,
            "taker_side": "no"
        },
        {
            "trade_id": "07506ca5-c10b-4040-bd87-d9a12a2fccc6",
            "ticker": "HIGHCHI-24JUL15-B90.5",
            "count": 5,
            "created_time": "2024-07-15T19:40:28.680251Z",
            "yes_price": 47,
            "no_price": 53,
            "taker_side": "no"
        },
        {
            "trade_id": "3c1bc353-21c4-4507-b83e-644b2ed7c1ba",
            "ticker": "HIGHCHI-24JUL15-B90.5",
            "count": 5,
            "created_time": "2024-07-15T19:39:58.608056Z",
            "yes_price": 47,
            "no_price": 53,
            "taker_side": "no"
        },
        {
            "trade_id": "219d6255-684f-4949-b328-f944f2019677",
            "ticker": "HIGHCHI-24JUL15-B90.5",
            "count": 5,
            "created_time": "2024-07-15T19:39:28.615829Z",
            "yes_price": 47,
            "no_price": 53,
            "taker_side": "no"
        },
        {
            "trade_id": "ab60cd2d-3b59-4eae-98c1-fb1d52365eb2",
            "ticker": "HIGHCHI-24JUL15-B90.5",
            "count": 5,
            "created_time": "2024-07-15T19:38:58.414826Z",
            "yes_price": 47,
            "no_price": 53,
            "taker_side": "no"
        },
        {
            "trade_id": "720aa10d-7c34-40e9-91e9-5d2b98d9cb5c",
            "ticker": "HIGHCHI-24JUL15-B90.5",
            "count": 5,
            "created_time": "2024-07-15T19:38:28.384888Z",
            "yes_price": 47,
            "no_price": 53,
            "taker_side": "no"
        },
        {
            "trade_id": "7a74e8e9-41bb-4206-ad5d-f1191fce3162",
            "ticker": "HIGHCHI-24JUL15-B90.5",
            "count": 5,
            "created_time": "2024-07-15T19:37:58.301368Z",
            "yes_price": 47,
            "no_price": 53,
            "taker_side": "no"
        },
        {
            "trade_id": "de3316a7-0c51-4436-9b26-db087a735625",
            "ticker": "HIGHCHI-24JUL15-B90.5",
            "count": 5,
            "created_time": "2024-07-15T19:37:28.373693Z",
            "yes_price": 47,
            "no_price": 53,
            "taker_side": "no"
        },
        {
            "trade_id": "6e4b5077-db39-4b25-9c7f-32648420ba02",
            "ticker": "HIGHCHI-24JUL15-B90.5",
            "count": 5,
            "created_time": "2024-07-15T19:36:58.25161Z",
            "yes_price": 47,
            "no_price": 53,
            "taker_side": "no"
        },
        {
            "trade_id": "dd6bf9cb-0286-4029-a585-8c3c22625765",
            "ticker": "HIGHCHI-24JUL15-B90.5",
            "count": 5,
            "created_time": "2024-07-15T19:36:26.088711Z",
            "yes_price": 47,
            "no_price": 53,
            "taker_side": "no"
        },
        {
            "trade_id": "4ac30eba-6ca0-43ee-a44d-6f61b66163f1",
            "ticker": "HIGHCHI-24JUL15-B90.5",
            "count": 5,
            "created_time": "2024-07-15T19:35:56.061107Z",
            "yes_price": 47,
            "no_price": 53,
            "taker_side": "no"
        },
        {
            "trade_id": "c9d0171e-d707-4ec2-8b2b-641065dc05b7",
            "ticker": "HIGHCHI-24JUL15-B90.5",
            "count": 25,
            "created_time": "2024-07-15T16:20:46.609657Z",
            "yes_price": 41,
            "no_price": 59,
            "taker_side": "no"
        },
        {
            "trade_id": "3ebc6d3a-d9cd-4a07-9e29-0a88fee2e84a",
            "ticker": "HIGHCHI-24JUL15-B90.5",
            "count": 20,
            "created_time": "2024-07-15T16:19:44.988836Z",
            "yes_price": 43,
            "no_price": 57,
            "taker_side": "yes"
        },
        {
            "trade_id": "1eb36e76-fe1c-4962-9184-9e6c4b2676a8",
            "ticker": "HIGHCHI-24JUL15-B90.5",
            "count": 30,
            "created_time": "2024-07-15T16:18:40.211554Z",
            "yes_price": 41,
            "no_price": 59,
            "taker_side": "yes"
        },
        {
            "trade_id": "46d8bd4e-1a23-4c12-ab38-7dccde1d942d",
            "ticker": "HIGHCHI-24JUL15-B90.5",
            "count": 51,
            "created_time": "2024-07-15T16:02:51.828709Z",
            "yes_price": 34,
            "no_price": 66,
            "taker_side": "no"
        },
        {
            "trade_id": "3d75653e-dd03-4d24-bde9-e0a8a9a8443f",
            "ticker": "HIGHCHI-24JUL15-B90.5",
            "count": 17,
            "created_time": "2024-07-15T15:59:23.25748Z",
            "yes_price": 34,
            "no_price": 66,
            "taker_side": "no"
        },
        {
            "trade_id": "2f022148-df2e-4809-9705-a2a78328facd",
            "ticker": "HIGHCHI-24JUL15-B90.5",
            "count": 61,
            "created_time": "2024-07-15T15:51:20.970096Z",
            "yes_price": 40,
            "no_price": 60,
            "taker_side": "yes"
        },
        {
            "trade_id": "610724ac-0165-4dc2-9961-01c753109be0",
            "ticker": "HIGHCHI-24JUL15-B90.5",
            "count": 61,
            "created_time": "2024-07-15T15:46:02.720641Z",
            "yes_price": 34,
            "no_price": 66,
            "taker_side": "no"
        },
        {
            "trade_id": "81ca641e-a9a6-43ed-93bf-8479799b5f14",
            "ticker": "HIGHCHI-24JUL15-B90.5",
            "count": 73,
            "created_time": "2024-07-15T13:21:56.148872Z",
            "yes_price": 22,
            "no_price": 78,
            "taker_side": "yes"
        },
        {
            "trade_id": "44b68bb8-73c5-4fef-9a8c-839b4ab42ce1",
            "ticker": "HIGHCHI-24JUL15-B90.5",
            "count": 2,
            "created_time": "2024-07-15T13:01:20.335856Z",
            "yes_price": 21,
            "no_price": 79,
            "taker_side": "yes"
        },
        {
            "trade_id": "9a09ad5e-4be0-41eb-a349-854239427b66",
            "ticker": "HIGHCHI-24JUL15-B90.5",
            "count": 13,
            "created_time": "2024-07-15T12:17:35.113851Z",
            "yes_price": 27,
            "no_price": 73,
            "taker_side": "no"
        },
        {
            "trade_id": "0356a596-5349-4de2-ae4b-c2c8ff221453",
            "ticker": "HIGHCHI-24JUL15-B90.5",
            "count": 10,
            "created_time": "2024-07-15T12:06:54.536089Z",
            "yes_price": 37,
            "no_price": 63,
            "taker_side": "yes"
        },
        {
            "trade_id": "a52a8e4f-b79e-4950-9af3-63f0bdb0cd70",
            "ticker": "HIGHCHI-24JUL15-B90.5",
            "count": 45,
            "created_time": "2024-07-15T03:51:10.646281Z",
            "yes_price": 19,
            "no_price": 81,
            "taker_side": "yes"
        },
        {
            "trade_id": "43f517ae-260f-4902-84eb-dc909c25a93e",
            "ticker": "HIGHCHI-24JUL15-B90.5",
            "count": 30,
            "created_time": "2024-07-15T03:36:49.833643Z",
            "yes_price": 20,
            "no_price": 80,
            "taker_side": "yes"
        },
        {
            "trade_id": "7bf4b645-022f-4d7f-8baa-d6b5f7512c3d",
            "ticker": "HIGHCHI-24JUL15-B90.5",
            "count": 120,
            "created_time": "2024-07-15T03:36:34.800352Z",
            "yes_price": 18,
            "no_price": 82,
            "taker_side": "yes"
        },
        {
            "trade_id": "1345020d-57fd-48b0-8920-7f7431767e53",
            "ticker": "HIGHCHI-24JUL15-B90.5",
            "count": 150,
            "created_time": "2024-07-15T03:36:34.800352Z",
            "yes_price": 19,
            "no_price": 81,
            "taker_side": "yes"
        },
        {
            "trade_id": "cb092e65-369a-439d-b352-1f57901eac09",
            "ticker": "HIGHCHI-24JUL15-B90.5",
            "count": 3,
            "created_time": "2024-07-15T02:50:49.543794Z",
            "yes_price": 18,
            "no_price": 82,
            "taker_side": "yes"
        },
        {
            "trade_id": "6c7bd78a-2078-483e-96f6-741b3a8f464d",
            "ticker": "HIGHCHI-24JUL15-B90.5",
            "count": 5,
            "created_time": "2024-07-15T02:49:38.508152Z",
            "yes_price": 18,
            "no_price": 82,
            "taker_side": "yes"
        },
        {
            "trade_id": "5eb447f5-6a50-409a-8992-4a7d5171f8e0",
            "ticker": "HIGHCHI-24JUL15-B90.5",
            "count": 15,
            "created_time": "2024-07-15T02:28:59.466981Z",
            "yes_price": 17,
            "no_price": 83,
            "taker_side": "yes"
        },
        {
            "trade_id": "e7d3298b-9bca-4bd2-a410-fd1647bb2a76",
            "ticker": "HIGHCHI-24JUL15-B90.5",
            "count": 75,
            "created_time": "2024-07-15T02:28:51.854021Z",
            "yes_price": 18,
            "no_price": 82,
            "taker_side": "yes"
        },
        {
            "trade_id": "ba738d3c-eab3-4d22-b08d-a3592ca5bb8a",
            "ticker": "HIGHCHI-24JUL15-B90.5",
            "count": 90,
            "created_time": "2024-07-15T02:28:28.640112Z",
            "yes_price": 18,
            "no_price": 82,
            "taker_side": "yes"
        },
        {
            "trade_id": "84d14543-c99c-43b4-b66e-3300b3170d58",
            "ticker": "HIGHCHI-24JUL15-B90.5",
            "count": 150,
            "created_time": "2024-07-15T02:27:21.22905Z",
            "yes_price": 17,
            "no_price": 83,
            "taker_side": "yes"
        },
        {
            "trade_id": "d8294073-6a48-45fc-bdc8-94c39dcb67f0",
            "ticker": "HIGHCHI-24JUL15-B90.5",
            "count": 30,
            "created_time": "2024-07-15T02:27:18.257348Z",
            "yes_price": 16,
            "no_price": 84,
            "taker_side": "yes"
        },
        {
            "trade_id": "da82f26a-f2cf-42e7-abac-9307df5942f5",
            "ticker": "HIGHCHI-24JUL15-B90.5",
            "count": 10,
            "created_time": "2024-07-15T02:27:05.209453Z",
            "yes_price": 10,
            "no_price": 90,
            "taker_side": "yes"
        },
        {
            "trade_id": "9848110a-9267-47fb-8493-f2ba1bbf79fc",
            "ticker": "HIGHCHI-24JUL15-B90.5",
            "count": 25,
            "created_time": "2024-07-14T20:00:30.895857Z",
            "yes_price": 20,
            "no_price": 80,
            "taker_side": "no"
        },
        {
            "trade_id": "620c3ad9-c1dc-47ff-a5bd-8ff8f2f881e3",
            "ticker": "HIGHCHI-24JUL15-B90.5",
            "count": 26,
            "created_time": "2024-07-14T14:44:31.6931Z",
            "yes_price": 18,
            "no_price": 82,
            "taker_side": "yes"
        }
    ],
    "HIGHCHI-24JUL15-B92.5": [
        {
            "trade_id": "7e69d803-8d5f-4dd8-b7e7-f792a828c70b",
            "ticker": "HIGHCHI-24JUL15-B92.5",
            "count": 47,
            "created_time": "2024-07-16T03:52:33.029306Z",
            "yes_price": 3,
            "no_price": 97,
            "taker_side": "yes"
        },
        {
            "trade_id": "0cf87c78-f60e-4155-a018-082b7893f4bc",
            "ticker": "HIGHCHI-24JUL15-B92.5",
            "count": 9,
            "created_time": "2024-07-16T00:40:16.49925Z",
            "yes_price": 3,
            "no_price": 97,
            "taker_side": "yes"
        },
        {
            "trade_id": "32fe8422-9b60-42ad-b1ba-36a7481caef7",
            "ticker": "HIGHCHI-24JUL15-B92.5",
            "count": 25,
            "created_time": "2024-07-16T00:06:05.545648Z",
            "yes_price": 1,
            "no_price": 99,
            "taker_side": "no"
        },
        {
            "trade_id": "7ccead5f-4c9e-4c5f-becd-1e44d6187210",
            "ticker": "HIGHCHI-24JUL15-B92.5",
            "count": 1,
            "created_time": "2024-07-15T22:05:54.072498Z",
            "yes_price": 61,
            "no_price": 39,
            "taker_side": "yes"
        },
        {
            "trade_id": "526f74b0-6250-4e78-a18b-727967788af5",
            "ticker": "HIGHCHI-24JUL15-B92.5",
            "count": 159,
            "created_time": "2024-07-15T21:17:13.997146Z",
            "yes_price": 29,
            "no_price": 71,
            "taker_side": "no"
        },
        {
            "trade_id": "8fc286fd-a281-47c4-a2fa-36a5cd193a89",
            "ticker": "HIGHCHI-24JUL15-B92.5",
            "count": 9,
            "created_time": "2024-07-15T21:00:04.192561Z",
            "yes_price": 29,
            "no_price": 71,
            "taker_side": "no"
        },
        {
            "trade_id": "cc1c10ca-292b-47f3-bdb6-d3a7b1cf1e13",
            "ticker": "HIGHCHI-24JUL15-B92.5",
            "count": 160,
            "created_time": "2024-07-15T20:41:19.865407Z",
            "yes_price": 57,
            "no_price": 43,
            "taker_side": "yes"
        },
        {
            "trade_id": "2a69f12d-7503-4a3c-a46b-c4922fc92f06",
            "ticker": "HIGHCHI-24JUL15-B92.5",
            "count": 156,
            "created_time": "2024-07-15T20:41:19.865407Z",
            "yes_price": 51,
            "no_price": 49,
            "taker_side": "yes"
        },
        {
            "trade_id": "4ea1819c-2a75-49fc-a469-03d407106c88",
            "ticker": "HIGHCHI-24JUL15-B92.5",
            "count": 4,
            "created_time": "2024-07-15T20:40:42.933914Z",
            "yes_price": 51,
            "no_price": 49,
            "taker_side": "yes"
        },
        {
            "trade_id": "2f6bbac6-66e5-457e-8650-6a56f97f0882",
            "ticker": "HIGHCHI-24JUL15-B92.5",
            "count": 36,
            "created_time": "2024-07-15T19:17:49.107662Z",
            "yes_price": 62,
            "no_price": 38,
            "taker_side": "yes"
        },
        {
            "trade_id": "4c8929c7-2739-4433-b0df-1b075b8a1471",
            "ticker": "HIGHCHI-24JUL15-B92.5",
            "count": 44,
            "created_time": "2024-07-15T19:13:40.038635Z",
            "yes_price": 58,
            "no_price": 42,
            "taker_side": "yes"
        },
        {
            "trade_id": "f2175c1b-3768-4bb6-867c-4375fa6ca301",
            "ticker": "HIGHCHI-24JUL15-B92.5",
            "count": 6,
            "created_time": "2024-07-15T18:27:38.496159Z",
            "yes_price": 81,
            "no_price": 19,
            "taker_side": "yes"
        },
        {
            "trade_id": "f7dbc598-1e08-4aba-a529-4eebd417601f",
            "ticker": "HIGHCHI-24JUL15-B92.5",
            "count": 5,
            "created_time": "2024-07-15T16:37:21.47809Z",
            "yes_price": 56,
            "no_price": 44,
            "taker_side": "yes"
        },
        {
            "trade_id": "730ac9d0-9551-4dd3-aa96-8f066f04f965",
            "ticker": "HIGHCHI-24JUL15-B92.5",
            "count": 30,
            "created_time": "2024-07-15T16:37:21.47809Z",
            "yes_price": 55,
            "no_price": 45,
            "taker_side": "yes"
        },
        {
            "trade_id": "c20a88e0-3582-4027-b696-62c0e7782787",
            "ticker": "HIGHCHI-24JUL15-B92.5",
            "count": 51,
            "created_time": "2024-07-15T16:02:51.83896Z",
            "yes_price": 43,
            "no_price": 57,
            "taker_side": "no"
        },
        {
            "trade_id": "1e8a8e92-cb41-4b06-88c3-7f3989ee8cf3",
            "ticker": "HIGHCHI-24JUL15-B92.5",
            "count": 47,
            "created_time": "2024-07-15T16:00:02.669955Z",
            "yes_price": 43,
            "no_price": 57,
            "taker_side": "no"
        },
        {
            "trade_id": "f520ebf7-9c60-4151-bf97-d0b505b5bedf",
            "ticker": "HIGHCHI-24JUL15-B92.5",
            "count": 61,
            "created_time": "2024-07-15T15:51:21.049975Z",
            "yes_price": 46,
            "no_price": 54,
            "taker_side": "no"
        },
        {
            "trade_id": "451e6349-c8f3-46ee-a1de-1ec66c27a2c7",
            "ticker": "HIGHCHI-24JUL15-B92.5",
            "count": 15,
            "created_time": "2024-07-15T14:55:43.821744Z",
            "yes_price": 50,
            "no_price": 50,
            "taker_side": "yes"
        },
        {
            "trade_id": "2f6dd8cb-13bf-4747-80e9-e3bb49610e27",
            "ticker": "HIGHCHI-24JUL15-B92.5",
            "count": 150,
            "created_time": "2024-07-15T14:55:43.821744Z",
            "yes_price": 53,
            "no_price": 47,
            "taker_side": "yes"
        },
        {
            "trade_id": "cd85e44b-b3bd-4889-858f-9854fe98fd70",
            "ticker": "HIGHCHI-24JUL15-B92.5",
            "count": 14,
            "created_time": "2024-07-15T14:41:36.389304Z",
            "yes_price": 43,
            "no_price": 57,
            "taker_side": "no"
        },
        {
            "trade_id": "93b35470-9564-45ef-bf47-4465e46a88c1",
            "ticker": "HIGHCHI-24JUL15-B92.5",
            "count": 150,
            "created_time": "2024-07-15T13:59:13.202946Z",
            "yes_price": 50,
            "no_price": 50,
            "taker_side": "yes"
        },
        {
            "trade_id": "909b06a4-d2a3-488e-87bf-75d822e8fb82",
            "ticker": "HIGHCHI-24JUL15-B92.5",
            "count": 150,
            "created_time": "2024-07-15T13:59:13.202946Z",
            "yes_price": 48,
            "no_price": 52,
            "taker_side": "yes"
        },
        {
            "trade_id": "87d277db-2389-45d1-b8d9-c3b939d50e8c",
            "ticker": "HIGHCHI-24JUL15-B92.5",
            "count": 15,
            "created_time": "2024-07-15T13:59:13.202946Z",
            "yes_price": 45,
            "no_price": 55,
            "taker_side": "yes"
        },
        {
            "trade_id": "a57d8acb-682c-46a9-b51d-069452323dcd",
            "ticker": "HIGHCHI-24JUL15-B92.5",
            "count": 30,
            "created_time": "2024-07-15T13:30:19.169695Z",
            "yes_price": 44,
            "no_price": 56,
            "taker_side": "yes"
        },
        {
            "trade_id": "717aefe7-a9c6-4077-ac42-ad33aa349164",
            "ticker": "HIGHCHI-24JUL15-B92.5",
            "count": 29,
            "created_time": "2024-07-15T13:18:27.25549Z",
            "yes_price": 40,
            "no_price": 60,
            "taker_side": "no"
        },
        {
            "trade_id": "2b441498-ea97-483a-82cd-95062d8ea291",
            "ticker": "HIGHCHI-24JUL15-B92.5",
            "count": 2,
            "created_time": "2024-07-15T13:01:20.428024Z",
            "yes_price": 40,
            "no_price": 60,
            "taker_side": "no"
        },
        {
            "trade_id": "209dcd75-3dea-4aad-bc58-011b7ff6fd12",
            "ticker": "HIGHCHI-24JUL15-B92.5",
            "count": 3,
            "created_time": "2024-07-15T13:00:43.409108Z",
            "yes_price": 44,
            "no_price": 56,
            "taker_side": "yes"
        },
        {
            "trade_id": "b9912d8a-036a-450d-b5c8-a17e8ef67dee",
            "ticker": "HIGHCHI-24JUL15-B92.5",
            "count": 15,
            "created_time": "2024-07-15T12:13:52.800507Z",
            "yes_price": 39,
            "no_price": 61,
            "taker_side": "no"
        },
        {
            "trade_id": "592f6514-b5cc-4f19-ba67-bb402c9d1a9f",
            "ticker": "HIGHCHI-24JUL15-B92.5",
            "count": 14,
            "created_time": "2024-07-15T02:28:45.596025Z",
            "yes_price": 32,
            "no_price": 68,
            "taker_side": "yes"
        },
        {
            "trade_id": "744b3345-5ea5-45c1-afbd-f19379170821",
            "ticker": "HIGHCHI-24JUL15-B92.5",
            "count": 120,
            "created_time": "2024-07-15T02:28:43.908678Z",
            "yes_price": 32,
            "no_price": 68,
            "taker_side": "yes"
        },
        {
            "trade_id": "3f25bdee-cec4-4e5f-a004-b549580c6367",
            "ticker": "HIGHCHI-24JUL15-B92.5",
            "count": 30,
            "created_time": "2024-07-15T02:28:43.908678Z",
            "yes_price": 30,
            "no_price": 70,
            "taker_side": "yes"
        },
        {
            "trade_id": "e0dfb2c7-3a79-4f30-a068-5e40bcf11542",
            "ticker": "HIGHCHI-24JUL15-B92.5",
            "count": 90,
            "created_time": "2024-07-15T02:28:39.022653Z",
            "yes_price": 31,
            "no_price": 69,
            "taker_side": "yes"
        },
        {
            "trade_id": "16e30452-406e-4184-ad55-ccff7429f19a",
            "ticker": "HIGHCHI-24JUL15-B92.5",
            "count": 75,
            "created_time": "2024-07-15T02:28:08.644229Z",
            "yes_price": 31,
            "no_price": 69,
            "taker_side": "yes"
        },
        {
            "trade_id": "0068db81-2726-4685-b3a4-1cd4ca4d207b",
            "ticker": "HIGHCHI-24JUL15-B92.5",
            "count": 10,
            "created_time": "2024-07-15T02:26:22.843605Z",
            "yes_price": 26,
            "no_price": 74,
            "taker_side": "yes"
        },
        {
            "trade_id": "e837fb66-78d0-4225-8cb1-2e67076b99ec",
            "ticker": "HIGHCHI-24JUL15-B92.5",
            "count": 39,
            "created_time": "2024-07-14T23:16:38.861091Z",
            "yes_price": 28,
            "no_price": 72,
            "taker_side": "yes"
        },
        {
            "trade_id": "817cbff6-1474-46a7-969f-f556f6575f97",
            "ticker": "HIGHCHI-24JUL15-B92.5",
            "count": 75,
            "created_time": "2024-07-14T19:02:28.281293Z",
            "yes_price": 32,
            "no_price": 68,
            "taker_side": "yes"
        },
        {
            "trade_id": "3f70ac9b-1355-408f-a34d-3a28ebcedbda",
            "ticker": "HIGHCHI-24JUL15-B92.5",
            "count": 15,
            "created_time": "2024-07-14T18:48:38.159607Z",
            "yes_price": 32,
            "no_price": 68,
            "taker_side": "yes"
        },
        {
            "trade_id": "235aee6d-a5bb-4b39-bb14-040ce6e17826",
            "ticker": "HIGHCHI-24JUL15-B92.5",
            "count": 45,
            "created_time": "2024-07-14T18:48:29.765618Z",
            "yes_price": 32,
            "no_price": 68,
            "taker_side": "yes"
        },
        {
            "trade_id": "018c2d51-d5da-42e6-a691-2a2c1bebb4e6",
            "ticker": "HIGHCHI-24JUL15-B92.5",
            "count": 30,
            "created_time": "2024-07-14T18:47:07.883801Z",
            "yes_price": 32,
            "no_price": 68,
            "taker_side": "yes"
        },
        {
            "trade_id": "7c9908e4-abc7-4a15-8671-34a73a645ff2",
            "ticker": "HIGHCHI-24JUL15-B92.5",
            "count": 15,
            "created_time": "2024-07-14T18:45:26.226636Z",
            "yes_price": 32,
            "no_price": 68,
            "taker_side": "yes"
        },
        {
            "trade_id": "548da74e-fbba-492d-8207-0526c68f8df3",
            "ticker": "HIGHCHI-24JUL15-B92.5",
            "count": 60,
            "created_time": "2024-07-14T18:44:24.413512Z",
            "yes_price": 32,
            "no_price": 68,
            "taker_side": "yes"
        },
        {
            "trade_id": "804224a8-fd68-4d6a-be7b-5bd2010223fe",
            "ticker": "HIGHCHI-24JUL15-B92.5",
            "count": 8,
            "created_time": "2024-07-14T14:34:08.426686Z",
            "yes_price": 28,
            "no_price": 72,
            "taker_side": "no"
        },
        {
            "trade_id": "5a30e3e4-d6ad-4025-8f4e-eaf34b0ffc94",
            "ticker": "HIGHCHI-24JUL15-B92.5",
            "count": 15,
            "created_time": "2024-07-14T14:34:08.426686Z",
            "yes_price": 25,
            "no_price": 75,
            "taker_side": "no"
        },
        {
            "trade_id": "0b1429e6-7675-4bca-9414-6d074ca23b12",
            "ticker": "HIGHCHI-24JUL15-B92.5",
            "count": 3,
            "created_time": "2024-07-14T14:34:08.426686Z",
            "yes_price": 23,
            "no_price": 77,
            "taker_side": "no"
        }
    ],
    "HIGHCHI-24JUL15-B94.5": [
        {
            "trade_id": "08f87dc5-6afc-436e-b46d-abd28a348fc9",
            "ticker": "HIGHCHI-24JUL15-B94.5",
            "count": 26,
            "created_time": "2024-07-15T22:49:03.547656Z",
            "yes_price": 7,
            "no_price": 93,
            "taker_side": "yes"
        },
        {
            "trade_id": "e6bba7b6-9b92-48b6-9afd-ff218a1b49ae",
            "ticker": "HIGHCHI-24JUL15-B94.5",
            "count": 210,
            "created_time": "2024-07-15T20:41:27.241945Z",
            "yes_price": 1,
            "no_price": 99,
            "taker_side": "yes"
        },
        {
            "trade_id": "c46ac740-8654-42e1-bbe8-74db7b416e9d",
            "ticker": "HIGHCHI-24JUL15-B94.5",
            "count": 50,
            "created_time": "2024-07-15T20:41:27.241945Z",
            "yes_price": 2,
            "no_price": 98,
            "taker_side": "yes"
        },
        {
            "trade_id": "710177b6-3a55-45cb-a898-be2b2be10594",
            "ticker": "HIGHCHI-24JUL15-B94.5",
            "count": 200,
            "created_time": "2024-07-15T20:40:12.237827Z",
            "yes_price": 1,
            "no_price": 99,
            "taker_side": "yes"
        },
        {
            "trade_id": "4bc6e1b6-4fc9-486e-80e6-39592a832834",
            "ticker": "HIGHCHI-24JUL15-B94.5",
            "count": 190,
            "created_time": "2024-07-15T20:01:48.078879Z",
            "yes_price": 1,
            "no_price": 99,
            "taker_side": "yes"
        },
        {
            "trade_id": "c9a0dc08-743d-4d19-94d5-65729ec790f7",
            "ticker": "HIGHCHI-24JUL15-B94.5",
            "count": 200,
            "created_time": "2024-07-15T19:57:20.694147Z",
            "yes_price": 5,
            "no_price": 95,
            "taker_side": "no"
        },
        {
            "trade_id": "5f5bb3d9-6e92-4fb9-931e-876d68f63e6f",
            "ticker": "HIGHCHI-24JUL15-B94.5",
            "count": 25,
            "created_time": "2024-07-15T19:53:46.311807Z",
            "yes_price": 1,
            "no_price": 99,
            "taker_side": "no"
        },
        {
            "trade_id": "e10991ef-a311-4cd2-9776-d239cae2dab9",
            "ticker": "HIGHCHI-24JUL15-B94.5",
            "count": 10,
            "created_time": "2024-07-15T17:42:36.361647Z",
            "yes_price": 57,
            "no_price": 43,
            "taker_side": "yes"
        },
        {
            "trade_id": "31e8a31e-842d-4e38-85e5-547a0114ef4f",
            "ticker": "HIGHCHI-24JUL15-B94.5",
            "count": 51,
            "created_time": "2024-07-15T16:02:51.843125Z",
            "yes_price": 7,
            "no_price": 93,
            "taker_side": "no"
        },
        {
            "trade_id": "298b6c39-ba55-4d47-a34c-af5911cd8061",
            "ticker": "HIGHCHI-24JUL15-B94.5",
            "count": 61,
            "created_time": "2024-07-15T15:51:21.049349Z",
            "yes_price": 7,
            "no_price": 93,
            "taker_side": "no"
        },
        {
            "trade_id": "71c1696c-e044-451d-9783-91b049278157",
            "ticker": "HIGHCHI-24JUL15-B94.5",
            "count": 45,
            "created_time": "2024-07-15T14:50:20.743419Z",
            "yes_price": 24,
            "no_price": 76,
            "taker_side": "no"
        },
        {
            "trade_id": "5846d685-4039-4f94-b571-bf3c78acd180",
            "ticker": "HIGHCHI-24JUL15-B94.5",
            "count": 145,
            "created_time": "2024-07-15T14:50:20.743419Z",
            "yes_price": 22,
            "no_price": 78,
            "taker_side": "no"
        },
        {
            "trade_id": "5c822bd9-7bb0-48d4-a7e5-190263364558",
            "ticker": "HIGHCHI-24JUL15-B94.5",
            "count": 2,
            "created_time": "2024-07-15T13:02:06.522471Z",
            "yes_price": 28,
            "no_price": 72,
            "taker_side": "no"
        },
        {
            "trade_id": "c08750df-82ca-4069-8bbe-cf40e2bf4cb9",
            "ticker": "HIGHCHI-24JUL15-B94.5",
            "count": 2,
            "created_time": "2024-07-15T13:01:20.405825Z",
            "yes_price": 28,
            "no_price": 72,
            "taker_side": "no"
        },
        {
            "trade_id": "5c36408b-1494-41d5-8112-7f8f469863f9",
            "ticker": "HIGHCHI-24JUL15-B94.5",
            "count": 75,
            "created_time": "2024-07-15T02:34:50.770582Z",
            "yes_price": 27,
            "no_price": 73,
            "taker_side": "no"
        },
        {
            "trade_id": "e3054014-0977-4213-88aa-78d890a252dd",
            "ticker": "HIGHCHI-24JUL15-B94.5",
            "count": 75,
            "created_time": "2024-07-15T02:34:37.172339Z",
            "yes_price": 28,
            "no_price": 72,
            "taker_side": "no"
        },
        {
            "trade_id": "e05a6e6b-f93f-4c20-ad15-e9ad7656f758",
            "ticker": "HIGHCHI-24JUL15-B94.5",
            "count": 60,
            "created_time": "2024-07-15T02:29:23.876902Z",
            "yes_price": 28,
            "no_price": 72,
            "taker_side": "no"
        },
        {
            "trade_id": "9aaa6b16-4c01-4336-862b-bb0b7a20402c",
            "ticker": "HIGHCHI-24JUL15-B94.5",
            "count": 30,
            "created_time": "2024-07-15T02:29:03.58096Z",
            "yes_price": 28,
            "no_price": 72,
            "taker_side": "no"
        },
        {
            "trade_id": "b0294016-4f4d-438f-908c-27879ae35924",
            "ticker": "HIGHCHI-24JUL15-B94.5",
            "count": 75,
            "created_time": "2024-07-15T02:26:43.63464Z",
            "yes_price": 30,
            "no_price": 70,
            "taker_side": "no"
        },
        {
            "trade_id": "2a5fcabc-9e4c-4698-84c6-0749da5990bc",
            "ticker": "HIGHCHI-24JUL15-B94.5",
            "count": 15,
            "created_time": "2024-07-15T02:26:27.884314Z",
            "yes_price": 31,
            "no_price": 69,
            "taker_side": "no"
        },
        {
            "trade_id": "2d209aa8-e2b8-4bc7-a593-65916e2f6352",
            "ticker": "HIGHCHI-24JUL15-B94.5",
            "count": 150,
            "created_time": "2024-07-15T02:26:14.694055Z",
            "yes_price": 31,
            "no_price": 69,
            "taker_side": "no"
        },
        {
            "trade_id": "912e0d7b-c51b-4145-857b-0a6c56dd7a6d",
            "ticker": "HIGHCHI-24JUL15-B94.5",
            "count": 15,
            "created_time": "2024-07-15T02:26:10.596887Z",
            "yes_price": 33,
            "no_price": 67,
            "taker_side": "no"
        },
        {
            "trade_id": "0a479d26-c7b5-4a8d-8397-bbe4bde5759f",
            "ticker": "HIGHCHI-24JUL15-B94.5",
            "count": 53,
            "created_time": "2024-07-15T00:31:19.471268Z",
            "yes_price": 36,
            "no_price": 64,
            "taker_side": "yes"
        },
        {
            "trade_id": "683d8cae-e1cf-49d1-96f0-05c2e421452a",
            "ticker": "HIGHCHI-24JUL15-B94.5",
            "count": 15,
            "created_time": "2024-07-14T19:45:09.354225Z",
            "yes_price": 30,
            "no_price": 70,
            "taker_side": "no"
        },
        {
            "trade_id": "e2ef315e-9576-45d7-b617-537bc008d3c0",
            "ticker": "HIGHCHI-24JUL15-B94.5",
            "count": 30,
            "created_time": "2024-07-14T19:40:27.837933Z",
            "yes_price": 30,
            "no_price": 70,
            "taker_side": "no"
        },
        {
            "trade_id": "0f55936a-0cf4-4683-b25d-a6b5d8fd5e04",
            "ticker": "HIGHCHI-24JUL15-B94.5",
            "count": 11,
            "created_time": "2024-07-14T19:02:14.555264Z",
            "yes_price": 33,
            "no_price": 67,
            "taker_side": "yes"
        },
        {
            "trade_id": "b82645c6-513a-43b4-bb52-1c9560f9f1d3",
            "ticker": "HIGHCHI-24JUL15-B94.5",
            "count": 90,
            "created_time": "2024-07-14T18:52:19.671967Z",
            "yes_price": 33,
            "no_price": 67,
            "taker_side": "yes"
        },
        {
            "trade_id": "04c034f4-cdc6-4676-914e-ce76544a6e15",
            "ticker": "HIGHCHI-24JUL15-B94.5",
            "count": 28,
            "created_time": "2024-07-14T18:52:19.671967Z",
            "yes_price": 33,
            "no_price": 67,
            "taker_side": "yes"
        },
        {
            "trade_id": "d832bd3f-05a0-4683-8d74-ccbaba2af035",
            "ticker": "HIGHCHI-24JUL15-B94.5",
            "count": 75,
            "created_time": "2024-07-14T18:48:51.20046Z",
            "yes_price": 32,
            "no_price": 68,
            "taker_side": "yes"
        },
        {
            "trade_id": "e4204eaa-aa1f-4561-b731-878edeb9fa1c",
            "ticker": "HIGHCHI-24JUL15-B94.5",
            "count": 90,
            "created_time": "2024-07-14T18:47:27.291412Z",
            "yes_price": 32,
            "no_price": 68,
            "taker_side": "yes"
        },
        {
            "trade_id": "b59cc5a9-79f9-4f7a-9202-8e06ef52f4b1",
            "ticker": "HIGHCHI-24JUL15-B94.5",
            "count": 15,
            "created_time": "2024-07-14T18:46:59.311585Z",
            "yes_price": 31,
            "no_price": 69,
            "taker_side": "yes"
        },
        {
            "trade_id": "1e2a4e8f-e5ee-4511-914b-ab3867c24536",
            "ticker": "HIGHCHI-24JUL15-B94.5",
            "count": 45,
            "created_time": "2024-07-14T18:45:46.227589Z",
            "yes_price": 31,
            "no_price": 69,
            "taker_side": "yes"
        },
        {
            "trade_id": "77676812-6aee-4cf6-8dcd-8b3fac380d5c",
            "ticker": "HIGHCHI-24JUL15-B94.5",
            "count": 45,
            "created_time": "2024-07-14T18:44:42.68706Z",
            "yes_price": 31,
            "no_price": 69,
            "taker_side": "no"
        },
        {
            "trade_id": "037b1e04-bc60-4f51-aab3-36318223babc",
            "ticker": "HIGHCHI-24JUL15-B94.5",
            "count": 30,
            "created_time": "2024-07-14T18:44:33.740413Z",
            "yes_price": 30,
            "no_price": 70,
            "taker_side": "yes"
        },
        {
            "trade_id": "4f4d2ac7-b2bf-4e4b-bb78-628d3edf08c6",
            "ticker": "HIGHCHI-24JUL15-B94.5",
            "count": 15,
            "created_time": "2024-07-14T18:44:13.953939Z",
            "yes_price": 30,
            "no_price": 70,
            "taker_side": "yes"
        },
        {
            "trade_id": "6fdfd799-90cf-4ccb-9409-468fa128f128",
            "ticker": "HIGHCHI-24JUL15-B94.5",
            "count": 8,
            "created_time": "2024-07-14T14:31:02.49562Z",
            "yes_price": 32,
            "no_price": 68,
            "taker_side": "yes"
        }
    ],
    "HIGHCHI-24JUL15-B96.5": [
        {
            "trade_id": "e3884984-042c-419b-a82d-4ab42f361818",
            "ticker": "HIGHCHI-24JUL15-B96.5",
            "count": 55,
            "created_time": "2024-07-16T00:46:35.389604Z",
            "yes_price": 1,
            "no_price": 99,
            "taker_side": "yes"
        },
        {
            "trade_id": "852cd782-f84a-4b26-b154-66272f353d75",
            "ticker": "HIGHCHI-24JUL15-B96.5",
            "count": 25,
            "created_time": "2024-07-15T19:54:22.575621Z",
            "yes_price": 1,
            "no_price": 99,
            "taker_side": "no"
        },
        {
            "trade_id": "0e8ea6d5-3af7-491a-ae89-b21757a223d4",
            "ticker": "HIGHCHI-24JUL15-B96.5",
            "count": 300,
            "created_time": "2024-07-15T19:54:22.575621Z",
            "yes_price": 1,
            "no_price": 99,
            "taker_side": "no"
        },
        {
            "trade_id": "fe9224a4-f45f-4ed9-9a78-6e9537d0367a",
            "ticker": "HIGHCHI-24JUL15-B96.5",
            "count": 51,
            "created_time": "2024-07-15T16:02:51.837831Z",
            "yes_price": 3,
            "no_price": 97,
            "taker_side": "no"
        },
        {
            "trade_id": "6ea0cd55-c25e-4e32-9de0-888f8f732339",
            "ticker": "HIGHCHI-24JUL15-B96.5",
            "count": 61,
            "created_time": "2024-07-15T15:51:21.031773Z",
            "yes_price": 3,
            "no_price": 97,
            "taker_side": "no"
        },
        {
            "trade_id": "35441eeb-f1a0-407d-b504-6d9eaeb1c36f",
            "ticker": "HIGHCHI-24JUL15-B96.5",
            "count": 2,
            "created_time": "2024-07-15T13:01:20.4026Z",
            "yes_price": 3,
            "no_price": 97,
            "taker_side": "no"
        },
        {
            "trade_id": "e3d660e4-6ac1-455c-8967-d9769a6086ef",
            "ticker": "HIGHCHI-24JUL15-B96.5",
            "count": 3,
            "created_time": "2024-07-15T02:52:27.147916Z",
            "yes_price": 16,
            "no_price": 84,
            "taker_side": "no"
        },
        {
            "trade_id": "812896db-f082-4f4c-934a-f884ee6d5d60",
            "ticker": "HIGHCHI-24JUL15-B96.5",
            "count": 135,
            "created_time": "2024-07-15T00:59:16.539519Z",
            "yes_price": 17,
            "no_price": 83,
            "taker_side": "no"
        },
        {
            "trade_id": "47a0064f-cdf9-41af-b076-a4ebec749916",
            "ticker": "HIGHCHI-24JUL15-B96.5",
            "count": 150,
            "created_time": "2024-07-15T00:59:16.539519Z",
            "yes_price": 18,
            "no_price": 82,
            "taker_side": "no"
        },
        {
            "trade_id": "0d81caca-884d-4b22-9bc6-9a2f160d6431",
            "ticker": "HIGHCHI-24JUL15-B96.5",
            "count": 15,
            "created_time": "2024-07-15T00:59:16.539519Z",
            "yes_price": 20,
            "no_price": 80,
            "taker_side": "no"
        },
        {
            "trade_id": "01499717-333f-4f98-b5c0-61eff083e5a1",
            "ticker": "HIGHCHI-24JUL15-B96.5",
            "count": 30,
            "created_time": "2024-07-15T00:20:25.182321Z",
            "yes_price": 25,
            "no_price": 75,
            "taker_side": "yes"
        },
        {
            "trade_id": "4245f746-13d3-49de-ba07-8b0cdb74f07d",
            "ticker": "HIGHCHI-24JUL15-B96.5",
            "count": 75,
            "created_time": "2024-07-15T00:19:49.450274Z",
            "yes_price": 23,
            "no_price": 77,
            "taker_side": "yes"
        },
        {
            "trade_id": "3a35990c-5abe-4ab3-a81d-bc12908a9dbc",
            "ticker": "HIGHCHI-24JUL15-B96.5",
            "count": 150,
            "created_time": "2024-07-15T00:19:49.450274Z",
            "yes_price": 25,
            "no_price": 75,
            "taker_side": "yes"
        },
        {
            "trade_id": "24d5f179-a252-4f9f-a371-14b8de7ce5db",
            "ticker": "HIGHCHI-24JUL15-B96.5",
            "count": 90,
            "created_time": "2024-07-15T00:19:49.450274Z",
            "yes_price": 23,
            "no_price": 77,
            "taker_side": "yes"
        },
        {
            "trade_id": "fbf072a0-e36d-44fa-82ec-e6d18f6d79da",
            "ticker": "HIGHCHI-24JUL15-B96.5",
            "count": 25,
            "created_time": "2024-07-14T22:12:01.070539Z",
            "yes_price": 18,
            "no_price": 82,
            "taker_side": "no"
        },
        {
            "trade_id": "938b7671-3c88-4b05-9911-f1931f461e5c",
            "ticker": "HIGHCHI-24JUL15-B96.5",
            "count": 30,
            "created_time": "2024-07-14T21:45:45.696984Z",
            "yes_price": 18,
            "no_price": 82,
            "taker_side": "no"
        },
        {
            "trade_id": "633e1c59-c3b2-4100-9b55-3c3464c58a98",
            "ticker": "HIGHCHI-24JUL15-B96.5",
            "count": 45,
            "created_time": "2024-07-14T18:50:33.303983Z",
            "yes_price": 18,
            "no_price": 82,
            "taker_side": "yes"
        },
        {
            "trade_id": "9d012823-1f2f-4319-8a39-ac8ae5e3014a",
            "ticker": "HIGHCHI-24JUL15-B96.5",
            "count": 30,
            "created_time": "2024-07-14T18:46:07.055668Z",
            "yes_price": 18,
            "no_price": 82,
            "taker_side": "yes"
        },
        {
            "trade_id": "c16555e1-906f-4767-a0f1-e160321abe44",
            "ticker": "HIGHCHI-24JUL15-B96.5",
            "count": 15,
            "created_time": "2024-07-14T18:45:56.60478Z",
            "yes_price": 18,
            "no_price": 82,
            "taker_side": "yes"
        },
        {
            "trade_id": "fc89354b-a0f7-4229-b974-fa29b0c8766b",
            "ticker": "HIGHCHI-24JUL15-B96.5",
            "count": 8,
            "created_time": "2024-07-14T14:37:05.482526Z",
            "yes_price": 20,
            "no_price": 80,
            "taker_side": "no"
        },
        {
            "trade_id": "5a122765-d81f-4b73-a56e-a267232038b7",
            "ticker": "HIGHCHI-24JUL15-B96.5",
            "count": 28,
            "created_time": "2024-07-14T14:12:56.406286Z",
            "yes_price": 22,
            "no_price": 78,
            "taker_side": "yes"
        }
    ],
    "HIGHCHI-24JUL15-T97": [
        {
            "trade_id": "ab879b4a-d851-4935-b05b-c441805d5b95",
            "ticker": "HIGHCHI-24JUL15-T97",
            "count": 57,
            "created_time": "2024-07-16T00:46:00.719781Z",
            "yes_price": 1,
            "no_price": 99,
            "taker_side": "yes"
        },
        {
            "trade_id": "dab351fa-d7da-49b5-90f0-5443c9b28a38",
            "ticker": "HIGHCHI-24JUL15-T97",
            "count": 51,
            "created_time": "2024-07-15T16:02:51.838504Z",
            "yes_price": 1,
            "no_price": 99,
            "taker_side": "no"
        },
        {
            "trade_id": "9f3e2acc-0bd5-470e-a12b-6521f8ecdf35",
            "ticker": "HIGHCHI-24JUL15-T97",
            "count": 38,
            "created_time": "2024-07-15T15:51:21.032974Z",
            "yes_price": 1,
            "no_price": 99,
            "taker_side": "no"
        },
        {
            "trade_id": "1ae524a4-cefd-431e-b06e-bba10c4fb50a",
            "ticker": "HIGHCHI-24JUL15-T97",
            "count": 23,
            "created_time": "2024-07-15T15:51:21.032974Z",
            "yes_price": 1,
            "no_price": 99,
            "taker_side": "no"
        },
        {
            "trade_id": "e7f4c0cc-f26f-40d0-a7bb-1d9203f6aadf",
            "ticker": "HIGHCHI-24JUL15-T97",
            "count": 2,
            "created_time": "2024-07-15T13:01:20.415283Z",
            "yes_price": 1,
            "no_price": 99,
            "taker_side": "no"
        },
        {
            "trade_id": "3d153ae0-c8a7-4f45-b717-aa22b8d644a8",
            "ticker": "HIGHCHI-24JUL15-T97",
            "count": 2,
            "created_time": "2024-07-14T22:22:50.55864Z",
            "yes_price": 2,
            "no_price": 98,
            "taker_side": "no"
        },
        {
            "trade_id": "f1df0885-1a46-4a3b-821e-5a6728133d4c",
            "ticker": "HIGHCHI-24JUL15-T97",
            "count": 2,
            "created_time": "2024-07-14T22:22:32.97684Z",
            "yes_price": 2,
            "no_price": 98,
            "taker_side": "no"
        },
        {
            "trade_id": "ec3dd343-28d6-496b-88e0-dab12f7cb227",
            "ticker": "HIGHCHI-24JUL15-T97",
            "count": 2,
            "created_time": "2024-07-14T22:22:19.836868Z",
            "yes_price": 2,
            "no_price": 98,
            "taker_side": "no"
        },
        {
            "trade_id": "1d29d938-be5f-4e6a-b856-a47dd919e9bb",
            "ticker": "HIGHCHI-24JUL15-T97",
            "count": 2,
            "created_time": "2024-07-14T22:22:04.219764Z",
            "yes_price": 15,
            "no_price": 85,
            "taker_side": "yes"
        },
        {
            "trade_id": "92c039b0-86c9-4bed-814e-3d1fe53cc64e",
            "ticker": "HIGHCHI-24JUL15-T97",
            "count": 2,
            "created_time": "2024-07-14T22:21:55.081584Z",
            "yes_price": 2,
            "no_price": 98,
            "taker_side": "no"
        },
        {
            "trade_id": "0bb79430-5881-42a5-816d-657f565a2a6f",
            "ticker": "HIGHCHI-24JUL15-T97",
            "count": 2,
            "created_time": "2024-07-14T22:21:42.823659Z",
            "yes_price": 2,
            "no_price": 98,
            "taker_side": "no"
        },
        {
            "trade_id": "bc67a79f-fdf9-4b7d-96fa-01696b3e80d8",
            "ticker": "HIGHCHI-24JUL15-T97",
            "count": 2,
            "created_time": "2024-07-14T22:21:33.144872Z",
            "yes_price": 2,
            "no_price": 98,
            "taker_side": "no"
        },
        {
            "trade_id": "d0f9bb68-d620-4172-a60c-7743caf06505",
            "ticker": "HIGHCHI-24JUL15-T97",
            "count": 2,
            "created_time": "2024-07-14T22:21:14.558816Z",
            "yes_price": 15,
            "no_price": 85,
            "taker_side": "yes"
        },
        {
            "trade_id": "583847c0-8fbd-4349-9aaa-59b27caca724",
            "ticker": "HIGHCHI-24JUL15-T97",
            "count": 2,
            "created_time": "2024-07-14T22:20:59.373677Z",
            "yes_price": 2,
            "no_price": 98,
            "taker_side": "no"
        },
        {
            "trade_id": "c97e57f2-cde4-4488-bfc5-d7cc1adb4190",
            "ticker": "HIGHCHI-24JUL15-T97",
            "count": 2,
            "created_time": "2024-07-14T22:20:35.181944Z",
            "yes_price": 2,
            "no_price": 98,
            "taker_side": "no"
        },
        {
            "trade_id": "d6c8403e-8ab1-4eed-9342-a4a67c5ddd74",
            "ticker": "HIGHCHI-24JUL15-T97",
            "count": 2,
            "created_time": "2024-07-14T22:20:14.88609Z",
            "yes_price": 2,
            "no_price": 98,
            "taker_side": "no"
        },
        {
            "trade_id": "070f7363-5b3c-4302-b156-2caef1729dc7",
            "ticker": "HIGHCHI-24JUL15-T97",
            "count": 2,
            "created_time": "2024-07-14T22:19:56.970541Z",
            "yes_price": 2,
            "no_price": 98,
            "taker_side": "no"
        },
        {
            "trade_id": "d7c86c1f-c971-4fee-829b-93c0fa55c2b1",
            "ticker": "HIGHCHI-24JUL15-T97",
            "count": 2,
            "created_time": "2024-07-14T22:19:34.917557Z",
            "yes_price": 2,
            "no_price": 98,
            "taker_side": "no"
        },
        {
            "trade_id": "5244ead8-ff58-4122-b095-c43d6ee21779",
            "ticker": "HIGHCHI-24JUL15-T97",
            "count": 2,
            "created_time": "2024-07-14T22:19:25.677234Z",
            "yes_price": 2,
            "no_price": 98,
            "taker_side": "no"
        },
        {
            "trade_id": "74cc615b-7f6f-49e7-bf87-a1bc6321ec98",
            "ticker": "HIGHCHI-24JUL15-T97",
            "count": 2,
            "created_time": "2024-07-14T22:19:06.567509Z",
            "yes_price": 2,
            "no_price": 98,
            "taker_side": "no"
        },
        {
            "trade_id": "5fbfcb65-c966-4ef2-b931-75805a6245fb",
            "ticker": "HIGHCHI-24JUL15-T97",
            "count": 2,
            "created_time": "2024-07-14T22:18:54.609297Z",
            "yes_price": 2,
            "no_price": 98,
            "taker_side": "no"
        },
        {
            "trade_id": "b383f79b-7eb2-4a5f-a5c8-43c02db87b5b",
            "ticker": "HIGHCHI-24JUL15-T97",
            "count": 2,
            "created_time": "2024-07-14T22:18:44.787662Z",
            "yes_price": 2,
            "no_price": 98,
            "taker_side": "no"
        },
        {
            "trade_id": "8b3aa96d-9287-48e7-af90-5f5bff955587",
            "ticker": "HIGHCHI-24JUL15-T97",
            "count": 2,
            "created_time": "2024-07-14T22:18:32.715641Z",
            "yes_price": 2,
            "no_price": 98,
            "taker_side": "no"
        },
        {
            "trade_id": "22c31e50-8bd1-42e8-aa21-cce5086471a7",
            "ticker": "HIGHCHI-24JUL15-T97",
            "count": 2,
            "created_time": "2024-07-14T22:18:13.189099Z",
            "yes_price": 2,
            "no_price": 98,
            "taker_side": "no"
        },
        {
            "trade_id": "ffc86f81-573f-41de-9fa0-e1206d6ebcfd",
            "ticker": "HIGHCHI-24JUL15-T97",
            "count": 2,
            "created_time": "2024-07-14T22:18:00.572143Z",
            "yes_price": 2,
            "no_price": 98,
            "taker_side": "no"
        },
        {
            "trade_id": "e7c24508-b464-426d-a286-abaa71804026",
            "ticker": "HIGHCHI-24JUL15-T97",
            "count": 2,
            "created_time": "2024-07-14T22:17:45.564025Z",
            "yes_price": 2,
            "no_price": 98,
            "taker_side": "no"
        },
        {
            "trade_id": "01f447bd-9052-4818-a062-146c43540bf7",
            "ticker": "HIGHCHI-24JUL15-T97",
            "count": 2,
            "created_time": "2024-07-14T22:17:33.318458Z",
            "yes_price": 2,
            "no_price": 98,
            "taker_side": "no"
        },
        {
            "trade_id": "fe262839-a285-4322-8c24-0455139e444f",
            "ticker": "HIGHCHI-24JUL15-T97",
            "count": 2,
            "created_time": "2024-07-14T22:17:15.104969Z",
            "yes_price": 15,
            "no_price": 85,
            "taker_side": "yes"
        },
        {
            "trade_id": "135d5182-81cc-4cd8-bc93-7ab212526ae9",
            "ticker": "HIGHCHI-24JUL15-T97",
            "count": 2,
            "created_time": "2024-07-14T22:16:59.119863Z",
            "yes_price": 2,
            "no_price": 98,
            "taker_side": "no"
        },
        {
            "trade_id": "6225033f-f946-46c4-b85e-03e3aa7e739c",
            "ticker": "HIGHCHI-24JUL15-T97",
            "count": 2,
            "created_time": "2024-07-14T22:16:44.888913Z",
            "yes_price": 2,
            "no_price": 98,
            "taker_side": "no"
        },
        {
            "trade_id": "098f15a9-b4d3-4b65-8428-f69af5a672d8",
            "ticker": "HIGHCHI-24JUL15-T97",
            "count": 2,
            "created_time": "2024-07-14T22:16:30.240039Z",
            "yes_price": 2,
            "no_price": 98,
            "taker_side": "no"
        },
        {
            "trade_id": "8fb1c155-5e8f-4955-ad8f-5a5c29c05b18",
            "ticker": "HIGHCHI-24JUL15-T97",
            "count": 2,
            "created_time": "2024-07-14T22:16:06.977411Z",
            "yes_price": 15,
            "no_price": 85,
            "taker_side": "yes"
        },
        {
            "trade_id": "4e42119c-05c7-465a-a808-9f4b5090b7d2",
            "ticker": "HIGHCHI-24JUL15-T97",
            "count": 2,
            "created_time": "2024-07-14T22:15:52.666985Z",
            "yes_price": 2,
            "no_price": 98,
            "taker_side": "no"
        },
        {
            "trade_id": "1e59af4a-da72-4cc3-8763-06cd157640f8",
            "ticker": "HIGHCHI-24JUL15-T97",
            "count": 3,
            "created_time": "2024-07-14T22:15:35.839781Z",
            "yes_price": 15,
            "no_price": 85,
            "taker_side": "yes"
        },
        {
            "trade_id": "72755213-e1d3-4c6b-a75a-d6aaf7d1795a",
            "ticker": "HIGHCHI-24JUL15-T97",
            "count": 3,
            "created_time": "2024-07-14T22:15:18.617299Z",
            "yes_price": 2,
            "no_price": 98,
            "taker_side": "no"
        },
        {
            "trade_id": "e1fcc101-af2b-47c1-8263-a74d9e7c4056",
            "ticker": "HIGHCHI-24JUL15-T97",
            "count": 3,
            "created_time": "2024-07-14T22:15:04.710177Z",
            "yes_price": 2,
            "no_price": 98,
            "taker_side": "no"
        },
        {
            "trade_id": "3d2da197-2132-40aa-b11f-0485c17bdb75",
            "ticker": "HIGHCHI-24JUL15-T97",
            "count": 3,
            "created_time": "2024-07-14T22:14:52.847301Z",
            "yes_price": 2,
            "no_price": 98,
            "taker_side": "no"
        },
        {
            "trade_id": "00189989-1e53-40f7-bfd4-a9ee5e396db8",
            "ticker": "HIGHCHI-24JUL15-T97",
            "count": 3,
            "created_time": "2024-07-14T22:14:34.808996Z",
            "yes_price": 15,
            "no_price": 85,
            "taker_side": "yes"
        },
        {
            "trade_id": "330a8ba4-b25f-45e4-9af7-4189a695c868",
            "ticker": "HIGHCHI-24JUL15-T97",
            "count": 3,
            "created_time": "2024-07-14T22:14:14.791171Z",
            "yes_price": 15,
            "no_price": 85,
            "taker_side": "yes"
        },
        {
            "trade_id": "71f0205d-40d2-4754-bb10-cb76d889b1a3",
            "ticker": "HIGHCHI-24JUL15-T97",
            "count": 3,
            "created_time": "2024-07-14T22:13:54.052436Z",
            "yes_price": 2,
            "no_price": 98,
            "taker_side": "no"
        },
        {
            "trade_id": "980edce3-4da6-438f-a9a0-e926247fb0a3",
            "ticker": "HIGHCHI-24JUL15-T97",
            "count": 3,
            "created_time": "2024-07-14T22:13:37.929895Z",
            "yes_price": 2,
            "no_price": 98,
            "taker_side": "no"
        },
        {
            "trade_id": "c8e6f9a7-44cc-4f42-8037-abbc68ca4c15",
            "ticker": "HIGHCHI-24JUL15-T97",
            "count": 3,
            "created_time": "2024-07-14T22:13:00.572936Z",
            "yes_price": 2,
            "no_price": 98,
            "taker_side": "no"
        },
        {
            "trade_id": "5142cadf-4a6d-47f4-9d34-d238914814c5",
            "ticker": "HIGHCHI-24JUL15-T97",
            "count": 3,
            "created_time": "2024-07-14T22:12:42.873365Z",
            "yes_price": 2,
            "no_price": 98,
            "taker_side": "no"
        },
        {
            "trade_id": "763dd195-336a-40b2-8fd4-acfcbcc94ac7",
            "ticker": "HIGHCHI-24JUL15-T97",
            "count": 25,
            "created_time": "2024-07-14T22:11:25.136938Z",
            "yes_price": 15,
            "no_price": 85,
            "taker_side": "yes"
        },
        {
            "trade_id": "56c8fa47-f542-4f16-9587-247472d8312c",
            "ticker": "HIGHCHI-24JUL15-T97",
            "count": 15,
            "created_time": "2024-07-14T22:11:04.869402Z",
            "yes_price": 2,
            "no_price": 98,
            "taker_side": "no"
        },
        {
            "trade_id": "c52f13fa-8d37-498e-b55e-ea5723ef3da1",
            "ticker": "HIGHCHI-24JUL15-T97",
            "count": 15,
            "created_time": "2024-07-14T22:10:18.422111Z",
            "yes_price": 3,
            "no_price": 97,
            "taker_side": "no"
        }
    ]
}