{
    "HIGHCHI-24OCT05-T76": [
        {
            "trade_id": "c71e537a-215e-4fef-a47b-0902d58736ae",
            "ticker": "HIGHCHI-24OCT05-T76",
            "count": 3,
            "created_time": "2024-10-05T03:49:25.157686Z",
            "yes_price": 1,
            "no_price": 99,
            "taker_side": "no"
        },
        {
            "trade_id": "6f024989-5b2b-4a1b-b98e-9bd2b64cd835",
            "ticker": "HIGHCHI-24OCT05-T76",
            "count": 14,
            "created_time": "2024-10-05T03:49:25.157686Z",
            "yes_price": 1,
            "no_price": 99,
            "taker_side": "no"
        },
        {
            "trade_id": "55f8fc4c-e8b7-4c50-9067-33a248b24ee4",
            "ticker": "HIGHCHI-24OCT05-T76",
            "count": 36,
            "created_time": "2024-10-05T03:49:18.04952Z",
            "yes_price": 1,
            "no_price": 99,
            "taker_side": "no"
        }
    ],
    "HIGHCHI-24OCT05-B76.5": [
        {
            "trade_id": "7fc4943d-cf03-48f1-a4f5-a288f3abc57b",
            "ticker": "HIGHCHI-24OCT05-B76.5",
            "count": 3,
            "created_time": "2024-10-05T03:49:25.171173Z",
            "yes_price": 1,
            "no_price": 99,
            "taker_side": "no"
        },
        {
            "trade_id": "2850a68b-7777-4567-8d68-a38f4424d0ad",
            "ticker": "HIGHCHI-24OCT05-B76.5",
            "count": 14,
            "created_time": "2024-10-05T03:49:25.171173Z",
            "yes_price": 1,
            "no_price": 99,
            "taker_side": "no"
        },
        {
            "trade_id": "ade5bc9c-0b85-414c-888b-ec7986fadd37",
            "ticker": "HIGHCHI-24OCT05-B76.5",
            "count": 36,
            "created_time": "2024-10-05T03:49:18.04448Z",
            "yes_price": 1,
            "no_price": 99,
            "taker_side": "no"
        }
    ],
    "HIGHCHI-24OCT05-B78.5": [
        {
            "trade_id": "6e6783f7-d30d-4cdf-8129-6084b13258f3",
            "ticker": "HIGHCHI-24OCT05-B78.5",
            "count": 1122,
            "created_time": "2024-10-05T20:03:52.822203Z",
            "yes_price": 1,
            "no_price": 99,
            "taker_side": "yes"
        },
        {
            "trade_id": "73699d25-741d-4c50-a0be-3a7401d21690",
            "ticker": "HIGHCHI-24OCT05-B78.5",
            "count": 9,
            "created_time": "2024-10-05T15:13:57.113589Z",
            "yes_price": 15,
            "no_price": 85,
            "taker_side": "yes"
        },
        {
            "trade_id": "746873bc-0d0d-403c-b45a-d52a379727ff",
            "ticker": "HIGHCHI-24OCT05-B78.5",
            "count": 25,
            "created_time": "2024-10-05T14:20:20.804702Z",
            "yes_price": 3,
            "no_price": 97,
            "taker_side": "no"
        },
        {
            "trade_id": "8190267c-0f4c-40b6-bbe7-6b9388d5422a",
            "ticker": "HIGHCHI-24OCT05-B78.5",
            "count": 7,
            "created_time": "2024-10-05T14:16:13.579297Z",
            "yes_price": 15,
            "no_price": 85,
            "taker_side": "yes"
        },
        {
            "trade_id": "e1662b2c-e682-4125-ba7c-7d6c789eb076",
            "ticker": "HIGHCHI-24OCT05-B78.5",
            "count": 49,
            "created_time": "2024-10-05T14:02:24.105554Z",
            "yes_price": 2,
            "no_price": 98,
            "taker_side": "yes"
        },
        {
            "trade_id": "1f8bb20e-9a86-4916-8be7-22a9ba1c9359",
            "ticker": "HIGHCHI-24OCT05-B78.5",
            "count": 50,
            "created_time": "2024-10-05T12:08:27.757379Z",
            "yes_price": 1,
            "no_price": 99,
            "taker_side": "no"
        },
        {
            "trade_id": "ed0cd1f5-4be1-416b-af8b-e8cb70c34237",
            "ticker": "HIGHCHI-24OCT05-B78.5",
            "count": 49,
            "created_time": "2024-10-05T12:08:27.679875Z",
            "yes_price": 2,
            "no_price": 98,
            "taker_side": "no"
        },
        {
            "trade_id": "ede35f3d-cc0a-460d-b713-7d3bb8d060b9",
            "ticker": "HIGHCHI-24OCT05-B78.5",
            "count": 17,
            "created_time": "2024-10-05T03:49:25.163173Z",
            "yes_price": 2,
            "no_price": 98,
            "taker_side": "no"
        },
        {
            "trade_id": "5e6fc2ef-8701-4f65-bc8d-6e37c3d3d41f",
            "ticker": "HIGHCHI-24OCT05-B78.5",
            "count": 36,
            "created_time": "2024-10-05T03:49:18.044075Z",
            "yes_price": 2,
            "no_price": 98,
            "taker_side": "no"
        },
        {
            "trade_id": "9686de58-46be-43d9-89d5-5829a89f69b6",
            "ticker": "HIGHCHI-24OCT05-B78.5",
            "count": 6,
            "created_time": "2024-10-04T20:34:02.434728Z",
            "yes_price": 16,
            "no_price": 84,
            "taker_side": "yes"
        }
    ],
    "HIGHCHI-24OCT05-B80.5": [
        {
            "trade_id": "c76e751d-508d-4abc-9664-4e4c1dc3e3d7",
            "ticker": "HIGHCHI-24OCT05-B80.5",
            "count": 50,
            "created_time": "2024-10-05T19:32:08.475331Z",
            "yes_price": 1,
            "no_price": 99,
            "taker_side": "no"
        },
        {
            "trade_id": "dc99f7c2-2bc4-4afa-84bb-fe107b538385",
            "ticker": "HIGHCHI-24OCT05-B80.5",
            "count": 32,
            "created_time": "2024-10-05T17:05:29.24891Z",
            "yes_price": 23,
            "no_price": 77,
            "taker_side": "no"
        },
        {
            "trade_id": "edae52c2-7b27-4851-9a21-f8dde120f545",
            "ticker": "HIGHCHI-24OCT05-B80.5",
            "count": 180,
            "created_time": "2024-10-05T16:57:52.42964Z",
            "yes_price": 30,
            "no_price": 70,
            "taker_side": "yes"
        },
        {
            "trade_id": "c790ab30-c065-4a29-a501-66551119be73",
            "ticker": "HIGHCHI-24OCT05-B80.5",
            "count": 180,
            "created_time": "2024-10-05T16:57:52.42964Z",
            "yes_price": 32,
            "no_price": 68,
            "taker_side": "yes"
        },
        {
            "trade_id": "06d0074e-7dc8-48f6-b057-8d3b33077878",
            "ticker": "HIGHCHI-24OCT05-B80.5",
            "count": 18,
            "created_time": "2024-10-05T16:57:52.42964Z",
            "yes_price": 28,
            "no_price": 72,
            "taker_side": "yes"
        },
        {
            "trade_id": "18f94146-0ef1-4a02-895e-efa757669daa",
            "ticker": "HIGHCHI-24OCT05-B80.5",
            "count": 32,
            "created_time": "2024-10-05T16:44:13.438986Z",
            "yes_price": 29,
            "no_price": 71,
            "taker_side": "yes"
        },
        {
            "trade_id": "ca23381f-b75b-4166-bca1-833bfffc32cf",
            "ticker": "HIGHCHI-24OCT05-B80.5",
            "count": 32,
            "created_time": "2024-10-05T16:22:17.002061Z",
            "yes_price": 29,
            "no_price": 71,
            "taker_side": "yes"
        },
        {
            "trade_id": "ac20b256-fa01-406d-862f-832c681dac2c",
            "ticker": "HIGHCHI-24OCT05-B80.5",
            "count": 72,
            "created_time": "2024-10-05T15:57:27.400903Z",
            "yes_price": 21,
            "no_price": 79,
            "taker_side": "no"
        },
        {
            "trade_id": "28fc26ab-507d-4a03-864b-12ad4a104537",
            "ticker": "HIGHCHI-24OCT05-B80.5",
            "count": 500,
            "created_time": "2024-10-05T15:57:27.400903Z",
            "yes_price": 20,
            "no_price": 80,
            "taker_side": "no"
        },
        {
            "trade_id": "68f0f241-e197-4ccc-83de-a6248000196c",
            "ticker": "HIGHCHI-24OCT05-B80.5",
            "count": 18,
            "created_time": "2024-10-05T14:38:13.471439Z",
            "yes_price": 24,
            "no_price": 76,
            "taker_side": "yes"
        },
        {
            "trade_id": "35a32d85-9652-4f36-a0db-e6d3f4a8e2fe",
            "ticker": "HIGHCHI-24OCT05-B80.5",
            "count": 82,
            "created_time": "2024-10-05T14:38:13.471439Z",
            "yes_price": 26,
            "no_price": 74,
            "taker_side": "yes"
        },
        {
            "trade_id": "99aecc10-9953-48af-a20e-c1417a612baf",
            "ticker": "HIGHCHI-24OCT05-B80.5",
            "count": 10,
            "created_time": "2024-10-05T14:30:22.532284Z",
            "yes_price": 27,
            "no_price": 73,
            "taker_side": "yes"
        },
        {
            "trade_id": "db60fb59-8be8-4b98-8600-84c6fa2fcd9d",
            "ticker": "HIGHCHI-24OCT05-B80.5",
            "count": 50,
            "created_time": "2024-10-05T13:59:49.766954Z",
            "yes_price": 23,
            "no_price": 77,
            "taker_side": "no"
        },
        {
            "trade_id": "bee17b71-c29e-4fb2-9699-8cd08219f509",
            "ticker": "HIGHCHI-24OCT05-B80.5",
            "count": 180,
            "created_time": "2024-10-05T13:59:49.766954Z",
            "yes_price": 21,
            "no_price": 79,
            "taker_side": "no"
        },
        {
            "trade_id": "b1d236dc-254e-42de-970f-1ea57ecd1895",
            "ticker": "HIGHCHI-24OCT05-B80.5",
            "count": 36,
            "created_time": "2024-10-05T13:59:49.766954Z",
            "yes_price": 23,
            "no_price": 77,
            "taker_side": "no"
        },
        {
            "trade_id": "8067c72e-67bc-4a89-b69f-9829cd17d2a3",
            "ticker": "HIGHCHI-24OCT05-B80.5",
            "count": 100,
            "created_time": "2024-10-05T13:59:49.766954Z",
            "yes_price": 21,
            "no_price": 79,
            "taker_side": "no"
        },
        {
            "trade_id": "640c0c88-21fa-4737-aa51-2edfb604c9d1",
            "ticker": "HIGHCHI-24OCT05-B80.5",
            "count": 54,
            "created_time": "2024-10-05T13:31:49.628608Z",
            "yes_price": 28,
            "no_price": 72,
            "taker_side": "yes"
        },
        {
            "trade_id": "b50a6f08-7467-4b7e-8d17-b1cffa62f3ee",
            "ticker": "HIGHCHI-24OCT05-B80.5",
            "count": 54,
            "created_time": "2024-10-05T13:09:57.291535Z",
            "yes_price": 29,
            "no_price": 71,
            "taker_side": "yes"
        },
        {
            "trade_id": "49e3e004-d285-4d65-bbab-b6ffa678997e",
            "ticker": "HIGHCHI-24OCT05-B80.5",
            "count": 103,
            "created_time": "2024-10-05T13:09:57.291535Z",
            "yes_price": 31,
            "no_price": 69,
            "taker_side": "yes"
        },
        {
            "trade_id": "4e515080-dcdd-4594-b03a-ff2ac4ffce96",
            "ticker": "HIGHCHI-24OCT05-B80.5",
            "count": 38,
            "created_time": "2024-10-05T12:38:57.679773Z",
            "yes_price": 27,
            "no_price": 73,
            "taker_side": "yes"
        },
        {
            "trade_id": "00b7012c-1df0-4c5e-bc69-6b266194a250",
            "ticker": "HIGHCHI-24OCT05-B80.5",
            "count": 36,
            "created_time": "2024-10-05T12:36:32.074291Z",
            "yes_price": 27,
            "no_price": 73,
            "taker_side": "yes"
        },
        {
            "trade_id": "56d475cf-1420-4817-a201-43b87f2ff22c",
            "ticker": "HIGHCHI-24OCT05-B80.5",
            "count": 18,
            "created_time": "2024-10-05T12:35:37.63273Z",
            "yes_price": 26,
            "no_price": 74,
            "taker_side": "yes"
        },
        {
            "trade_id": "e5a66bb1-1864-4e89-9804-b724a7ed1952",
            "ticker": "HIGHCHI-24OCT05-B80.5",
            "count": 36,
            "created_time": "2024-10-05T12:32:22.495571Z",
            "yes_price": 26,
            "no_price": 74,
            "taker_side": "yes"
        },
        {
            "trade_id": "e151b864-f3a0-4375-bf38-2e67ec4f6127",
            "ticker": "HIGHCHI-24OCT05-B80.5",
            "count": 36,
            "created_time": "2024-10-05T12:31:45.815555Z",
            "yes_price": 26,
            "no_price": 74,
            "taker_side": "yes"
        },
        {
            "trade_id": "c0bd21d1-475a-4fd8-ac4d-4c88fd37d3c5",
            "ticker": "HIGHCHI-24OCT05-B80.5",
            "count": 36,
            "created_time": "2024-10-05T12:30:50.349423Z",
            "yes_price": 25,
            "no_price": 75,
            "taker_side": "yes"
        },
        {
            "trade_id": "86b8f877-6d38-4698-b4ca-2ef93d9f3dc6",
            "ticker": "HIGHCHI-24OCT05-B80.5",
            "count": 50,
            "created_time": "2024-10-05T12:08:27.781597Z",
            "yes_price": 19,
            "no_price": 81,
            "taker_side": "no"
        },
        {
            "trade_id": "85a3909b-451e-4a67-af0d-141dab2c8a89",
            "ticker": "HIGHCHI-24OCT05-B80.5",
            "count": 36,
            "created_time": "2024-10-05T12:08:27.706281Z",
            "yes_price": 21,
            "no_price": 79,
            "taker_side": "no"
        },
        {
            "trade_id": "6b868c39-1bd4-49e1-816d-daa552a6b474",
            "ticker": "HIGHCHI-24OCT05-B80.5",
            "count": 13,
            "created_time": "2024-10-05T12:08:27.706281Z",
            "yes_price": 19,
            "no_price": 81,
            "taker_side": "no"
        },
        {
            "trade_id": "5138c186-64d9-4ee0-b878-51002a0bfd9f",
            "ticker": "HIGHCHI-24OCT05-B80.5",
            "count": 49,
            "created_time": "2024-10-05T12:08:27.681788Z",
            "yes_price": 19,
            "no_price": 81,
            "taker_side": "no"
        },
        {
            "trade_id": "faef1ebf-4805-4038-8679-d7d89cd5936c",
            "ticker": "HIGHCHI-24OCT05-B80.5",
            "count": 36,
            "created_time": "2024-10-05T03:53:57.803377Z",
            "yes_price": 33,
            "no_price": 67,
            "taker_side": "yes"
        },
        {
            "trade_id": "9164b399-1757-4a56-bada-37def83b1222",
            "ticker": "HIGHCHI-24OCT05-B80.5",
            "count": 180,
            "created_time": "2024-10-05T03:53:57.803377Z",
            "yes_price": 38,
            "no_price": 62,
            "taker_side": "yes"
        },
        {
            "trade_id": "55feee08-7f63-4c19-8128-59d5b4161eb6",
            "ticker": "HIGHCHI-24OCT05-B80.5",
            "count": 180,
            "created_time": "2024-10-05T03:53:57.803377Z",
            "yes_price": 35,
            "no_price": 65,
            "taker_side": "yes"
        },
        {
            "trade_id": "0d7cf59a-615b-4afc-bcbc-c98adaf342f9",
            "ticker": "HIGHCHI-24OCT05-B80.5",
            "count": 90,
            "created_time": "2024-10-05T03:50:02.065106Z",
            "yes_price": 33,
            "no_price": 67,
            "taker_side": "yes"
        },
        {
            "trade_id": "8cbcde13-9461-402d-a347-44bedf049053",
            "ticker": "HIGHCHI-24OCT05-B80.5",
            "count": 17,
            "created_time": "2024-10-05T03:49:25.156761Z",
            "yes_price": 32,
            "no_price": 68,
            "taker_side": "no"
        },
        {
            "trade_id": "cb6e156a-3a40-4df7-b5f2-6d2d78ca3c26",
            "ticker": "HIGHCHI-24OCT05-B80.5",
            "count": 36,
            "created_time": "2024-10-05T03:49:18.048553Z",
            "yes_price": 32,
            "no_price": 68,
            "taker_side": "no"
        },
        {
            "trade_id": "3481cd50-9130-4393-b0a0-7beab711689b",
            "ticker": "HIGHCHI-24OCT05-B80.5",
            "count": 90,
            "created_time": "2024-10-05T03:48:55.116096Z",
            "yes_price": 32,
            "no_price": 68,
            "taker_side": "no"
        },
        {
            "trade_id": "89c46f3b-21a6-4d0e-a0ea-c0b68fdd2c47",
            "ticker": "HIGHCHI-24OCT05-B80.5",
            "count": 90,
            "created_time": "2024-10-05T03:48:49.490235Z",
            "yes_price": 31,
            "no_price": 69,
            "taker_side": "yes"
        },
        {
            "trade_id": "c6009175-d90d-421a-9add-8f6cb8419ec0",
            "ticker": "HIGHCHI-24OCT05-B80.5",
            "count": 180,
            "created_time": "2024-10-05T03:48:27.264826Z",
            "yes_price": 30,
            "no_price": 70,
            "taker_side": "no"
        },
        {
            "trade_id": "5de0832e-a7f9-4b6e-a6d2-ed5c470e05fc",
            "ticker": "HIGHCHI-24OCT05-B80.5",
            "count": 72,
            "created_time": "2024-10-05T03:48:27.239239Z",
            "yes_price": 30,
            "no_price": 70,
            "taker_side": "no"
        },
        {
            "trade_id": "ecbb074e-cd18-4e52-b6cc-4e35062ae8a9",
            "ticker": "HIGHCHI-24OCT05-B80.5",
            "count": 180,
            "created_time": "2024-10-05T03:12:02.270414Z",
            "yes_price": 38,
            "no_price": 62,
            "taker_side": "yes"
        },
        {
            "trade_id": "33e3e322-4902-450e-9ab1-8d4dc7727a56",
            "ticker": "HIGHCHI-24OCT05-B80.5",
            "count": 90,
            "created_time": "2024-10-05T03:12:02.270414Z",
            "yes_price": 36,
            "no_price": 64,
            "taker_side": "yes"
        },
        {
            "trade_id": "f53ec242-6165-4c5a-82db-440ee033d3e9",
            "ticker": "HIGHCHI-24OCT05-B80.5",
            "count": 180,
            "created_time": "2024-10-05T03:11:24.338495Z",
            "yes_price": 35,
            "no_price": 65,
            "taker_side": "yes"
        },
        {
            "trade_id": "408b7576-96b5-4786-939a-75e33abcb1d7",
            "ticker": "HIGHCHI-24OCT05-B80.5",
            "count": 200,
            "created_time": "2024-10-05T03:11:24.338495Z",
            "yes_price": 33,
            "no_price": 67,
            "taker_side": "yes"
        },
        {
            "trade_id": "17ff817a-6124-4e2d-bfcd-2457b2fbd18f",
            "ticker": "HIGHCHI-24OCT05-B80.5",
            "count": 72,
            "created_time": "2024-10-05T03:11:24.338495Z",
            "yes_price": 33,
            "no_price": 67,
            "taker_side": "yes"
        },
        {
            "trade_id": "14b70f9a-872d-43b7-b4b7-bbbffe6b372c",
            "ticker": "HIGHCHI-24OCT05-B80.5",
            "count": 57,
            "created_time": "2024-10-05T02:40:11.355142Z",
            "yes_price": 33,
            "no_price": 67,
            "taker_side": "yes"
        },
        {
            "trade_id": "1b24fd8d-bd69-4e7e-9868-1831f4f31d82",
            "ticker": "HIGHCHI-24OCT05-B80.5",
            "count": 54,
            "created_time": "2024-10-05T02:08:35.317092Z",
            "yes_price": 30,
            "no_price": 70,
            "taker_side": "no"
        },
        {
            "trade_id": "1933f836-df4d-401a-bd4b-0b9466ebc367",
            "ticker": "HIGHCHI-24OCT05-B80.5",
            "count": 90,
            "created_time": "2024-10-05T02:06:33.352473Z",
            "yes_price": 39,
            "no_price": 61,
            "taker_side": "yes"
        },
        {
            "trade_id": "e2746daf-dcad-425c-aa65-5b4bfabd94c7",
            "ticker": "HIGHCHI-24OCT05-B80.5",
            "count": 18,
            "created_time": "2024-10-05T02:05:50.022499Z",
            "yes_price": 38,
            "no_price": 62,
            "taker_side": "yes"
        },
        {
            "trade_id": "766f5a04-6b26-45fd-b425-e18bfeca6092",
            "ticker": "HIGHCHI-24OCT05-B80.5",
            "count": 392,
            "created_time": "2024-10-05T02:05:06.625577Z",
            "yes_price": 35,
            "no_price": 65,
            "taker_side": "yes"
        },
        {
            "trade_id": "a5e73331-8193-4dcf-93bc-091e5a6442ac",
            "ticker": "HIGHCHI-24OCT05-B80.5",
            "count": 180,
            "created_time": "2024-10-05T02:04:59.264531Z",
            "yes_price": 32,
            "no_price": 68,
            "taker_side": "no"
        },
        {
            "trade_id": "8898e986-3e92-4cf9-8f7d-efac9536772b",
            "ticker": "HIGHCHI-24OCT05-B80.5",
            "count": 18,
            "created_time": "2024-10-05T02:04:54.285472Z",
            "yes_price": 34,
            "no_price": 66,
            "taker_side": "no"
        },
        {
            "trade_id": "94128947-e3a9-4511-94b0-2c40853c5056",
            "ticker": "HIGHCHI-24OCT05-B80.5",
            "count": 54,
            "created_time": "2024-10-05T02:04:33.890585Z",
            "yes_price": 35,
            "no_price": 65,
            "taker_side": "yes"
        },
        {
            "trade_id": "f76fc788-7b98-4c6e-a61f-fc21386358d8",
            "ticker": "HIGHCHI-24OCT05-B80.5",
            "count": 54,
            "created_time": "2024-10-05T02:04:31.71246Z",
            "yes_price": 35,
            "no_price": 65,
            "taker_side": "no"
        },
        {
            "trade_id": "9210f0cb-c223-4686-96c3-f215be8602da",
            "ticker": "HIGHCHI-24OCT05-B80.5",
            "count": 12,
            "created_time": "2024-10-05T02:03:53.397916Z",
            "yes_price": 43,
            "no_price": 57,
            "taker_side": "yes"
        },
        {
            "trade_id": "1c0e3692-27f1-41e0-8f45-11c7499cf869",
            "ticker": "HIGHCHI-24OCT05-B80.5",
            "count": 88,
            "created_time": "2024-10-05T02:03:53.397916Z",
            "yes_price": 43,
            "no_price": 57,
            "taker_side": "yes"
        },
        {
            "trade_id": "3a91d2c6-3272-4de3-b057-449acaec71ef",
            "ticker": "HIGHCHI-24OCT05-B80.5",
            "count": 3,
            "created_time": "2024-10-04T20:34:10.058631Z",
            "yes_price": 45,
            "no_price": 55,
            "taker_side": "yes"
        },
        {
            "trade_id": "444456ec-bc25-4cf1-91bf-e048eddb2e20",
            "ticker": "HIGHCHI-24OCT05-B80.5",
            "count": 100,
            "created_time": "2024-10-04T19:20:47.730391Z",
            "yes_price": 46,
            "no_price": 54,
            "taker_side": "yes"
        },
        {
            "trade_id": "88bd7901-0d61-427e-b8b6-0c88ed96e03c",
            "ticker": "HIGHCHI-24OCT05-B80.5",
            "count": 11,
            "created_time": "2024-10-04T14:39:14.001905Z",
            "yes_price": 40,
            "no_price": 60,
            "taker_side": "no"
        }
    ],
    "HIGHCHI-24OCT05-B82.5": [
        {
            "trade_id": "090336a6-d92b-4c5e-9970-d362c65b7bdc",
            "ticker": "HIGHCHI-24OCT05-B82.5",
            "count": 18,
            "created_time": "2024-10-06T00:10:22.577862Z",
            "yes_price": 1,
            "no_price": 99,
            "taker_side": "yes"
        },
        {
            "trade_id": "681b243c-630e-4e4d-9a37-9e12070620b1",
            "ticker": "HIGHCHI-24OCT05-B82.5",
            "count": 36,
            "created_time": "2024-10-05T21:37:02.992838Z",
            "yes_price": 1,
            "no_price": 99,
            "taker_side": "yes"
        },
        {
            "trade_id": "5a3d5d72-79f3-453e-96f1-ef9ab72513d1",
            "ticker": "HIGHCHI-24OCT05-B82.5",
            "count": 3,
            "created_time": "2024-10-05T20:04:10.340795Z",
            "yes_price": 1,
            "no_price": 99,
            "taker_side": "no"
        },
        {
            "trade_id": "263e4170-5d0b-458a-a9b7-17e290b2cde0",
            "ticker": "HIGHCHI-24OCT05-B82.5",
            "count": 50,
            "created_time": "2024-10-05T20:04:10.340795Z",
            "yes_price": 1,
            "no_price": 99,
            "taker_side": "no"
        },
        {
            "trade_id": "eeb15a00-55d0-4611-877b-b28ab3662d94",
            "ticker": "HIGHCHI-24OCT05-B82.5",
            "count": 18,
            "created_time": "2024-10-05T16:38:00.837798Z",
            "yes_price": 49,
            "no_price": 51,
            "taker_side": "no"
        },
        {
            "trade_id": "2fce0796-42f8-44c8-9dd1-2dd4e2525bc8",
            "ticker": "HIGHCHI-24OCT05-B82.5",
            "count": 14,
            "created_time": "2024-10-05T15:57:35.211656Z",
            "yes_price": 53,
            "no_price": 47,
            "taker_side": "yes"
        },
        {
            "trade_id": "77c3f07c-625d-44a6-877a-238f7fab1e77",
            "ticker": "HIGHCHI-24OCT05-B82.5",
            "count": 36,
            "created_time": "2024-10-05T15:52:30.172754Z",
            "yes_price": 53,
            "no_price": 47,
            "taker_side": "yes"
        },
        {
            "trade_id": "f47aef42-a17f-4113-98e5-2507a6772c9c",
            "ticker": "HIGHCHI-24OCT05-B82.5",
            "count": 36,
            "created_time": "2024-10-05T14:08:47.365584Z",
            "yes_price": 47,
            "no_price": 53,
            "taker_side": "no"
        },
        {
            "trade_id": "53e708bf-0b07-459f-87fe-b2ae002f8e3d",
            "ticker": "HIGHCHI-24OCT05-B82.5",
            "count": 150,
            "created_time": "2024-10-05T13:13:29.069031Z",
            "yes_price": 48,
            "no_price": 52,
            "taker_side": "yes"
        },
        {
            "trade_id": "1a78573d-a8af-4714-b699-84423b96c6a1",
            "ticker": "HIGHCHI-24OCT05-B82.5",
            "count": 54,
            "created_time": "2024-10-05T13:13:29.069031Z",
            "yes_price": 45,
            "no_price": 55,
            "taker_side": "yes"
        },
        {
            "trade_id": "ae9b4842-f32d-4e4a-a1d7-e58d06572314",
            "ticker": "HIGHCHI-24OCT05-B82.5",
            "count": 40,
            "created_time": "2024-10-05T13:12:45.280119Z",
            "yes_price": 45,
            "no_price": 55,
            "taker_side": "no"
        },
        {
            "trade_id": "f5a765bd-ae09-4631-8442-1ac81adc6685",
            "ticker": "HIGHCHI-24OCT05-B82.5",
            "count": 54,
            "created_time": "2024-10-05T13:12:34.963241Z",
            "yes_price": 45,
            "no_price": 55,
            "taker_side": "no"
        },
        {
            "trade_id": "f6ed2c8f-ddbc-4ca3-a7f9-dc7d4d91e20d",
            "ticker": "HIGHCHI-24OCT05-B82.5",
            "count": 90,
            "created_time": "2024-10-05T13:12:13.160191Z",
            "yes_price": 45,
            "no_price": 55,
            "taker_side": "yes"
        },
        {
            "trade_id": "49890a03-b9f6-4e5b-8ade-33e5de40fde9",
            "ticker": "HIGHCHI-24OCT05-B82.5",
            "count": 50,
            "created_time": "2024-10-05T13:05:04.989164Z",
            "yes_price": 39,
            "no_price": 61,
            "taker_side": "no"
        },
        {
            "trade_id": "11525a0d-fca4-40c4-a41e-26e4de998146",
            "ticker": "HIGHCHI-24OCT05-B82.5",
            "count": 20,
            "created_time": "2024-10-05T13:04:56.493505Z",
            "yes_price": 39,
            "no_price": 61,
            "taker_side": "no"
        },
        {
            "trade_id": "7c1d58d6-e1c2-44c0-874a-51f0c51c60bb",
            "ticker": "HIGHCHI-24OCT05-B82.5",
            "count": 10,
            "created_time": "2024-10-05T13:04:03.541946Z",
            "yes_price": 39,
            "no_price": 61,
            "taker_side": "no"
        },
        {
            "trade_id": "5d534e61-9b64-49af-99d6-78dc8f1da69a",
            "ticker": "HIGHCHI-24OCT05-B82.5",
            "count": 36,
            "created_time": "2024-10-05T13:03:53.935553Z",
            "yes_price": 40,
            "no_price": 60,
            "taker_side": "no"
        },
        {
            "trade_id": "e45804f6-504d-4934-a2a4-e97cfef2504e",
            "ticker": "HIGHCHI-24OCT05-B82.5",
            "count": 50,
            "created_time": "2024-10-05T13:03:38.447608Z",
            "yes_price": 40,
            "no_price": 60,
            "taker_side": "no"
        },
        {
            "trade_id": "18180ced-b975-484c-99ee-221e8df02ec2",
            "ticker": "HIGHCHI-24OCT05-B82.5",
            "count": 18,
            "created_time": "2024-10-05T13:03:13.395791Z",
            "yes_price": 41,
            "no_price": 59,
            "taker_side": "no"
        },
        {
            "trade_id": "d5bcd24e-81f3-4dd2-86df-6ae09f31a778",
            "ticker": "HIGHCHI-24OCT05-B82.5",
            "count": 38,
            "created_time": "2024-10-05T12:38:49.200616Z",
            "yes_price": 47,
            "no_price": 53,
            "taker_side": "yes"
        },
        {
            "trade_id": "fa431632-f204-4c97-a0bd-f204f9bc3f40",
            "ticker": "HIGHCHI-24OCT05-B82.5",
            "count": 54,
            "created_time": "2024-10-05T12:35:07.939234Z",
            "yes_price": 46,
            "no_price": 54,
            "taker_side": "yes"
        },
        {
            "trade_id": "d1bb98a4-2d10-4ffc-8649-1a4eb6bc2292",
            "ticker": "HIGHCHI-24OCT05-B82.5",
            "count": 36,
            "created_time": "2024-10-05T12:32:12.01797Z",
            "yes_price": 45,
            "no_price": 55,
            "taker_side": "yes"
        },
        {
            "trade_id": "b0e60ba9-5a01-4672-adf5-1f436a6f29e3",
            "ticker": "HIGHCHI-24OCT05-B82.5",
            "count": 72,
            "created_time": "2024-10-05T12:29:58.244722Z",
            "yes_price": 45,
            "no_price": 55,
            "taker_side": "yes"
        },
        {
            "trade_id": "a30c25d2-7482-46b1-9ab2-ed917c0eee60",
            "ticker": "HIGHCHI-24OCT05-B82.5",
            "count": 18,
            "created_time": "2024-10-05T12:11:25.59188Z",
            "yes_price": 41,
            "no_price": 59,
            "taker_side": "yes"
        },
        {
            "trade_id": "8c726d97-e14f-435f-ae54-f3fb525cdfc9",
            "ticker": "HIGHCHI-24OCT05-B82.5",
            "count": 37,
            "created_time": "2024-10-05T12:11:25.59188Z",
            "yes_price": 44,
            "no_price": 56,
            "taker_side": "yes"
        },
        {
            "trade_id": "6baf0629-7988-4f2e-b62f-d77e1dd1ef45",
            "ticker": "HIGHCHI-24OCT05-B82.5",
            "count": 46,
            "created_time": "2024-10-05T12:08:27.771416Z",
            "yes_price": 53,
            "no_price": 47,
            "taker_side": "no"
        },
        {
            "trade_id": "0e8fe233-377c-4de5-b304-3d3f3b9a4203",
            "ticker": "HIGHCHI-24OCT05-B82.5",
            "count": 49,
            "created_time": "2024-10-05T12:08:27.695986Z",
            "yes_price": 53,
            "no_price": 47,
            "taker_side": "no"
        },
        {
            "trade_id": "391c0b9f-3188-4bd2-a0ce-a3d07b1f052e",
            "ticker": "HIGHCHI-24OCT05-B82.5",
            "count": 49,
            "created_time": "2024-10-05T12:08:27.679397Z",
            "yes_price": 53,
            "no_price": 47,
            "taker_side": "no"
        },
        {
            "trade_id": "e6e8ebc7-00cd-4b70-9e6d-059c66a6f678",
            "ticker": "HIGHCHI-24OCT05-B82.5",
            "count": 36,
            "created_time": "2024-10-05T03:58:27.822241Z",
            "yes_price": 44,
            "no_price": 56,
            "taker_side": "yes"
        },
        {
            "trade_id": "d677bb98-1103-4e04-b9d0-58af72ced287",
            "ticker": "HIGHCHI-24OCT05-B82.5",
            "count": 35,
            "created_time": "2024-10-05T03:52:35.997956Z",
            "yes_price": 48,
            "no_price": 52,
            "taker_side": "no"
        },
        {
            "trade_id": "a989ce53-d8e8-4e5f-a613-30bd5e74e75c",
            "ticker": "HIGHCHI-24OCT05-B82.5",
            "count": 36,
            "created_time": "2024-10-05T03:52:23.928992Z",
            "yes_price": 48,
            "no_price": 52,
            "taker_side": "no"
        },
        {
            "trade_id": "53daef0f-05a2-47fe-a7a9-217dba568b7a",
            "ticker": "HIGHCHI-24OCT05-B82.5",
            "count": 12,
            "created_time": "2024-10-05T03:50:15.35191Z",
            "yes_price": 48,
            "no_price": 52,
            "taker_side": "no"
        },
        {
            "trade_id": "0e87e1cf-534c-4d61-b05c-15e00f4551f0",
            "ticker": "HIGHCHI-24OCT05-B82.5",
            "count": 17,
            "created_time": "2024-10-05T03:49:25.083232Z",
            "yes_price": 48,
            "no_price": 52,
            "taker_side": "no"
        },
        {
            "trade_id": "dc4274b7-ea4f-4bd7-b7eb-b22f4777a19b",
            "ticker": "HIGHCHI-24OCT05-B82.5",
            "count": 54,
            "created_time": "2024-10-05T03:49:17.936368Z",
            "yes_price": 48,
            "no_price": 52,
            "taker_side": "yes"
        },
        {
            "trade_id": "9a797e27-e0fc-4f0e-8328-2ef6a4df638e",
            "ticker": "HIGHCHI-24OCT05-B82.5",
            "count": 36,
            "created_time": "2024-10-05T03:49:17.936368Z",
            "yes_price": 48,
            "no_price": 52,
            "taker_side": "yes"
        },
        {
            "trade_id": "25221d1d-009d-4185-9761-f4cf0fc2805c",
            "ticker": "HIGHCHI-24OCT05-B82.5",
            "count": 90,
            "created_time": "2024-10-05T02:22:22.25887Z",
            "yes_price": 51,
            "no_price": 49,
            "taker_side": "yes"
        },
        {
            "trade_id": "376c7707-f470-4c3b-8b7a-8a6b37b9210d",
            "ticker": "HIGHCHI-24OCT05-B82.5",
            "count": 18,
            "created_time": "2024-10-05T02:09:45.083178Z",
            "yes_price": 49,
            "no_price": 51,
            "taker_side": "no"
        },
        {
            "trade_id": "e1768f7d-1ae6-4b2a-a0c3-252eb5ce422b",
            "ticker": "HIGHCHI-24OCT05-B82.5",
            "count": 11,
            "created_time": "2024-10-05T02:09:23.707611Z",
            "yes_price": 49,
            "no_price": 51,
            "taker_side": "yes"
        },
        {
            "trade_id": "4db5f35a-1918-48dd-b4cb-213e307be458",
            "ticker": "HIGHCHI-24OCT05-B82.5",
            "count": 90,
            "created_time": "2024-10-05T02:08:20.701144Z",
            "yes_price": 48,
            "no_price": 52,
            "taker_side": "yes"
        },
        {
            "trade_id": "9c7521b7-9f80-4406-b89a-dbf11d2f484c",
            "ticker": "HIGHCHI-24OCT05-B82.5",
            "count": 18,
            "created_time": "2024-10-05T02:07:41.596667Z",
            "yes_price": 47,
            "no_price": 53,
            "taker_side": "yes"
        },
        {
            "trade_id": "a9e4d10e-269b-4834-a8e0-b57afd029c8b",
            "ticker": "HIGHCHI-24OCT05-B82.5",
            "count": 29,
            "created_time": "2024-10-04T22:00:59.686832Z",
            "yes_price": 45,
            "no_price": 55,
            "taker_side": "yes"
        },
        {
            "trade_id": "0b504fd7-4391-4d09-9b6e-54f2427d08a0",
            "ticker": "HIGHCHI-24OCT05-B82.5",
            "count": 36,
            "created_time": "2024-10-04T19:21:16.699748Z",
            "yes_price": 38,
            "no_price": 62,
            "taker_side": "yes"
        }
    ],
    "HIGHCHI-24OCT05-T83": [
        {
            "trade_id": "36435826-635a-4fe9-b311-6f46780a17a4",
            "ticker": "HIGHCHI-24OCT05-T83",
            "count": 33,
            "created_time": "2024-10-06T00:45:15.190402Z",
            "yes_price": 99,
            "no_price": 1,
            "taker_side": "no"
        },
        {
            "trade_id": "7923cef9-0dd4-42aa-a713-a60a9d28fa9a",
            "ticker": "HIGHCHI-24OCT05-T83",
            "count": 207,
            "created_time": "2024-10-06T00:11:57.993386Z",
            "yes_price": 99,
            "no_price": 1,
            "taker_side": "no"
        },
        {
            "trade_id": "779cb56b-e8ba-417d-9822-21cb7cca4e34",
            "ticker": "HIGHCHI-24OCT05-T83",
            "count": 207,
            "created_time": "2024-10-06T00:11:57.993386Z",
            "yes_price": 99,
            "no_price": 1,
            "taker_side": "no"
        },
        {
            "trade_id": "683d153c-c9a1-4ebe-81fe-e79e7e67f8e2",
            "ticker": "HIGHCHI-24OCT05-T83",
            "count": 174,
            "created_time": "2024-10-06T00:11:57.993386Z",
            "yes_price": 99,
            "no_price": 1,
            "taker_side": "no"
        },
        {
            "trade_id": "39d984b9-f230-47a1-8301-b0d4c57b6112",
            "ticker": "HIGHCHI-24OCT05-T83",
            "count": 137,
            "created_time": "2024-10-06T00:11:57.993386Z",
            "yes_price": 99,
            "no_price": 1,
            "taker_side": "no"
        },
        {
            "trade_id": "37a76302-f073-4cf0-86d4-8c21c78ea7b5",
            "ticker": "HIGHCHI-24OCT05-T83",
            "count": 207,
            "created_time": "2024-10-06T00:11:57.993386Z",
            "yes_price": 99,
            "no_price": 1,
            "taker_side": "no"
        },
        {
            "trade_id": "703b2aa1-f59e-4dec-8cd3-f2c727485662",
            "ticker": "HIGHCHI-24OCT05-T83",
            "count": 50,
            "created_time": "2024-10-05T20:04:33.103485Z",
            "yes_price": 99,
            "no_price": 1,
            "taker_side": "yes"
        },
        {
            "trade_id": "58e73c4c-c96b-46b0-b27a-92a67e70634c",
            "ticker": "HIGHCHI-24OCT05-T83",
            "count": 20,
            "created_time": "2024-10-05T20:04:33.103485Z",
            "yes_price": 98,
            "no_price": 2,
            "taker_side": "yes"
        },
        {
            "trade_id": "b159c531-7ca4-4561-84f7-67be396d1fdb",
            "ticker": "HIGHCHI-24OCT05-T83",
            "count": 25,
            "created_time": "2024-10-05T20:04:11.021947Z",
            "yes_price": 97,
            "no_price": 3,
            "taker_side": "yes"
        },
        {
            "trade_id": "613d8446-75c5-4c56-a187-d57afbd8efe0",
            "ticker": "HIGHCHI-24OCT05-T83",
            "count": 3,
            "created_time": "2024-10-05T20:04:11.021947Z",
            "yes_price": 97,
            "no_price": 3,
            "taker_side": "yes"
        },
        {
            "trade_id": "63488857-f52f-4394-ae4b-4db66dfd6555",
            "ticker": "HIGHCHI-24OCT05-T83",
            "count": 50,
            "created_time": "2024-10-05T18:30:24.715425Z",
            "yes_price": 33,
            "no_price": 67,
            "taker_side": "yes"
        },
        {
            "trade_id": "2c28d278-bf4a-413f-a65c-42ba5496e4c0",
            "ticker": "HIGHCHI-24OCT05-T83",
            "count": 44,
            "created_time": "2024-10-05T18:30:24.715425Z",
            "yes_price": 35,
            "no_price": 65,
            "taker_side": "yes"
        },
        {
            "trade_id": "08e8b65f-78ea-48cd-b751-37eae4e5e517",
            "ticker": "HIGHCHI-24OCT05-T83",
            "count": 19,
            "created_time": "2024-10-05T16:47:49.803972Z",
            "yes_price": 25,
            "no_price": 75,
            "taker_side": "yes"
        },
        {
            "trade_id": "4de6ca95-20a0-40f3-ba40-9981e31de2f7",
            "ticker": "HIGHCHI-24OCT05-T83",
            "count": 40,
            "created_time": "2024-10-05T16:23:01.325305Z",
            "yes_price": 20,
            "no_price": 80,
            "taker_side": "no"
        },
        {
            "trade_id": "ff7c71cd-0273-4aff-b183-d0df74853c65",
            "ticker": "HIGHCHI-24OCT05-T83",
            "count": 180,
            "created_time": "2024-10-05T15:57:46.035124Z",
            "yes_price": 25,
            "no_price": 75,
            "taker_side": "yes"
        },
        {
            "trade_id": "b0d48bf7-4ffa-4e72-9511-868f6d49f1f1",
            "ticker": "HIGHCHI-24OCT05-T83",
            "count": 3,
            "created_time": "2024-10-05T15:57:46.035124Z",
            "yes_price": 22,
            "no_price": 78,
            "taker_side": "yes"
        },
        {
            "trade_id": "5279c81a-2a5e-4b59-886c-118a2db245a3",
            "ticker": "HIGHCHI-24OCT05-T83",
            "count": 108,
            "created_time": "2024-10-05T15:57:46.035124Z",
            "yes_price": 23,
            "no_price": 77,
            "taker_side": "yes"
        },
        {
            "trade_id": "b433aeba-1745-4a4f-b6d9-d4f04f3fc18c",
            "ticker": "HIGHCHI-24OCT05-T83",
            "count": 54,
            "created_time": "2024-10-05T15:48:22.864485Z",
            "yes_price": 21,
            "no_price": 79,
            "taker_side": "no"
        },
        {
            "trade_id": "b0e133a9-51ee-45df-97df-cdf53a8831e6",
            "ticker": "HIGHCHI-24OCT05-T83",
            "count": 50,
            "created_time": "2024-10-05T15:48:22.864485Z",
            "yes_price": 1,
            "no_price": 99,
            "taker_side": "no"
        },
        {
            "trade_id": "a42f0292-8e9c-4b4a-a50b-c23a9d03a4f0",
            "ticker": "HIGHCHI-24OCT05-T83",
            "count": 175,
            "created_time": "2024-10-05T15:48:22.864485Z",
            "yes_price": 23,
            "no_price": 77,
            "taker_side": "no"
        },
        {
            "trade_id": "89226f9e-550b-4603-9530-3a197132c2ab",
            "ticker": "HIGHCHI-24OCT05-T83",
            "count": 180,
            "created_time": "2024-10-05T15:48:22.864485Z",
            "yes_price": 19,
            "no_price": 81,
            "taker_side": "no"
        },
        {
            "trade_id": "0de1946a-cc71-4d3c-9aa2-d340c1e32de1",
            "ticker": "HIGHCHI-24OCT05-T83",
            "count": 180,
            "created_time": "2024-10-05T15:48:22.864485Z",
            "yes_price": 18,
            "no_price": 82,
            "taker_side": "no"
        },
        {
            "trade_id": "2471baec-9f24-49ab-92e6-b8c17d3ef6d5",
            "ticker": "HIGHCHI-24OCT05-T83",
            "count": 101,
            "created_time": "2024-10-05T15:39:19.377878Z",
            "yes_price": 22,
            "no_price": 78,
            "taker_side": "no"
        },
        {
            "trade_id": "71ac5fba-7310-4f43-a6d4-2f90fc0603dd",
            "ticker": "HIGHCHI-24OCT05-T83",
            "count": 108,
            "created_time": "2024-10-05T14:51:59.649418Z",
            "yes_price": 22,
            "no_price": 78,
            "taker_side": "no"
        },
        {
            "trade_id": "442c518f-578b-4fe1-a90a-d58708c1906e",
            "ticker": "HIGHCHI-24OCT05-T83",
            "count": 18,
            "created_time": "2024-10-05T14:51:59.649418Z",
            "yes_price": 24,
            "no_price": 76,
            "taker_side": "no"
        },
        {
            "trade_id": "446acb3d-cd7a-4923-a5af-08d258ec3687",
            "ticker": "HIGHCHI-24OCT05-T83",
            "count": 36,
            "created_time": "2024-10-05T14:14:02.150966Z",
            "yes_price": 23,
            "no_price": 77,
            "taker_side": "no"
        },
        {
            "trade_id": "1dfaff36-f43b-4eea-ad90-278e7068a6e0",
            "ticker": "HIGHCHI-24OCT05-T83",
            "count": 89,
            "created_time": "2024-10-05T14:14:02.150966Z",
            "yes_price": 21,
            "no_price": 79,
            "taker_side": "no"
        },
        {
            "trade_id": "853bcec0-a468-4bb3-9dcf-a9ace01500b2",
            "ticker": "HIGHCHI-24OCT05-T83",
            "count": 13,
            "created_time": "2024-10-05T12:43:42.634887Z",
            "yes_price": 28,
            "no_price": 72,
            "taker_side": "no"
        },
        {
            "trade_id": "7ec823ac-f5a6-4f0d-871a-c20e3c052a25",
            "ticker": "HIGHCHI-24OCT05-T83",
            "count": 50,
            "created_time": "2024-10-05T12:08:27.77721Z",
            "yes_price": 33,
            "no_price": 67,
            "taker_side": "no"
        },
        {
            "trade_id": "84872166-7987-4dc8-8b9b-1752634d8387",
            "ticker": "HIGHCHI-24OCT05-T83",
            "count": 5,
            "created_time": "2024-10-05T12:08:27.710851Z",
            "yes_price": 35,
            "no_price": 65,
            "taker_side": "no"
        },
        {
            "trade_id": "0f643d30-a445-42b0-b0d2-4590cac4e565",
            "ticker": "HIGHCHI-24OCT05-T83",
            "count": 49,
            "created_time": "2024-10-05T12:08:27.690347Z",
            "yes_price": 35,
            "no_price": 65,
            "taker_side": "no"
        },
        {
            "trade_id": "74810006-8ca5-4766-8dec-ddd718ca5c4c",
            "ticker": "HIGHCHI-24OCT05-T83",
            "count": 53,
            "created_time": "2024-10-05T12:06:34.027491Z",
            "yes_price": 24,
            "no_price": 76,
            "taker_side": "no"
        },
        {
            "trade_id": "001c9f54-5321-441f-a97d-714da0483ab3",
            "ticker": "HIGHCHI-24OCT05-T83",
            "count": 108,
            "created_time": "2024-10-05T12:00:51.041529Z",
            "yes_price": 35,
            "no_price": 65,
            "taker_side": "yes"
        },
        {
            "trade_id": "c875d476-6ac8-4f76-bf63-6d444bcce7f9",
            "ticker": "HIGHCHI-24OCT05-T83",
            "count": 54,
            "created_time": "2024-10-05T12:00:23.303789Z",
            "yes_price": 30,
            "no_price": 70,
            "taker_side": "yes"
        },
        {
            "trade_id": "a246471f-bdc0-4411-acbb-c397b71f2674",
            "ticker": "HIGHCHI-24OCT05-T83",
            "count": 180,
            "created_time": "2024-10-05T12:00:23.303789Z",
            "yes_price": 32,
            "no_price": 68,
            "taker_side": "yes"
        },
        {
            "trade_id": "5a845b65-9052-44c5-b0c9-930a2215de13",
            "ticker": "HIGHCHI-24OCT05-T83",
            "count": 180,
            "created_time": "2024-10-05T12:00:23.303789Z",
            "yes_price": 34,
            "no_price": 66,
            "taker_side": "yes"
        },
        {
            "trade_id": "b6fc61be-b2d5-4ac4-bc16-cecb873d1d57",
            "ticker": "HIGHCHI-24OCT05-T83",
            "count": 11,
            "created_time": "2024-10-05T12:00:08.517511Z",
            "yes_price": 29,
            "no_price": 71,
            "taker_side": "yes"
        },
        {
            "trade_id": "9b794a56-92ff-4f7c-9495-7679e198708e",
            "ticker": "HIGHCHI-24OCT05-T83",
            "count": 3,
            "created_time": "2024-10-05T03:57:46.622438Z",
            "yes_price": 18,
            "no_price": 82,
            "taker_side": "no"
        },
        {
            "trade_id": "383e40c2-a07f-48ac-8093-cffb43b3a2ca",
            "ticker": "HIGHCHI-24OCT05-T83",
            "count": 18,
            "created_time": "2024-10-05T03:57:46.622438Z",
            "yes_price": 19,
            "no_price": 81,
            "taker_side": "no"
        },
        {
            "trade_id": "ba0e2847-1b3e-4fcd-9980-d906e41c6bb7",
            "ticker": "HIGHCHI-24OCT05-T83",
            "count": 17,
            "created_time": "2024-10-05T03:49:25.163608Z",
            "yes_price": 20,
            "no_price": 80,
            "taker_side": "no"
        },
        {
            "trade_id": "1d86c978-6ded-4e5d-8445-ad1179296c72",
            "ticker": "HIGHCHI-24OCT05-T83",
            "count": 36,
            "created_time": "2024-10-05T03:49:18.036521Z",
            "yes_price": 20,
            "no_price": 80,
            "taker_side": "no"
        },
        {
            "trade_id": "229428ab-2b1e-497d-a83f-56bf1dcb4fa8",
            "ticker": "HIGHCHI-24OCT05-T83",
            "count": 90,
            "created_time": "2024-10-05T02:22:28.235746Z",
            "yes_price": 19,
            "no_price": 81,
            "taker_side": "yes"
        },
        {
            "trade_id": "c57fe135-ad9c-46dc-a97d-596449242cad",
            "ticker": "HIGHCHI-24OCT05-T83",
            "count": 126,
            "created_time": "2024-10-05T02:09:30.157854Z",
            "yes_price": 18,
            "no_price": 82,
            "taker_side": "yes"
        },
        {
            "trade_id": "ed84b7b0-5000-490a-9c16-0d21378bcb30",
            "ticker": "HIGHCHI-24OCT05-T83",
            "count": 126,
            "created_time": "2024-10-05T02:08:56.470042Z",
            "yes_price": 17,
            "no_price": 83,
            "taker_side": "yes"
        },
        {
            "trade_id": "805d8803-c385-4af1-8ccd-7d6c5fb2bb43",
            "ticker": "HIGHCHI-24OCT05-T83",
            "count": 90,
            "created_time": "2024-10-05T02:07:47.84369Z",
            "yes_price": 16,
            "no_price": 84,
            "taker_side": "yes"
        },
        {
            "trade_id": "3f8d3ed3-df58-4ac9-8aab-e675d3f52936",
            "ticker": "HIGHCHI-24OCT05-T83",
            "count": 6,
            "created_time": "2024-10-05T02:07:04.017813Z",
            "yes_price": 10,
            "no_price": 90,
            "taker_side": "yes"
        }
    ]
}