{
    "HIGHCHI-24MAR31-T43": [],
    "HIGHCHI-24MAR31-B43.5": [],
    "HIGHCHI-24MAR31-B45.5": [
        {
            "trade_id": "44d0fa4f-7a6a-42db-be7b-2a8cd157aad1",
            "ticker": "HIGHCHI-24MAR31-B45.5",
            "count": 467,
            "created_time": "2024-04-01T03:37:29.758169Z",
            "yes_price": 1,
            "no_price": 99,
            "taker_side": "yes"
        },
        {
            "trade_id": "0f8809b1-abe7-4b42-a77f-8057bc00294f",
            "ticker": "HIGHCHI-24MAR31-B45.5",
            "count": 467,
            "created_time": "2024-03-31T17:19:28.855266Z",
            "yes_price": 1,
            "no_price": 99,
            "taker_side": "yes"
        }
    ],
    "HIGHCHI-24MAR31-B47.5": [
        {
            "trade_id": "538e23f3-bd39-4186-a044-971e673a7228",
            "ticker": "HIGHCHI-24MAR31-B47.5",
            "count": 935,
            "created_time": "2024-03-31T20:10:38.745026Z",
            "yes_price": 1,
            "no_price": 99,
            "taker_side": "yes"
        },
        {
            "trade_id": "ddab903d-67bd-4b48-9c26-e9a471728186",
            "ticker": "HIGHCHI-24MAR31-B47.5",
            "count": 935,
            "created_time": "2024-03-31T17:20:56.530482Z",
            "yes_price": 1,
            "no_price": 99,
            "taker_side": "yes"
        },
        {
            "trade_id": "da2cc4f5-de95-4c7c-ae5f-64acc4873756",
            "ticker": "HIGHCHI-24MAR31-B47.5",
            "count": 46,
            "created_time": "2024-03-31T16:25:32.710904Z",
            "yes_price": 1,
            "no_price": 99,
            "taker_side": "yes"
        },
        {
            "trade_id": "928d3d44-8014-4e7b-994b-781d860e542a",
            "ticker": "HIGHCHI-24MAR31-B47.5",
            "count": 1,
            "created_time": "2024-03-31T15:09:18.017481Z",
            "yes_price": 50,
            "no_price": 50,
            "taker_side": "yes"
        },
        {
            "trade_id": "66e2c0be-dc62-4dee-b3b4-e67d2dad80c2",
            "ticker": "HIGHCHI-24MAR31-B47.5",
            "count": 10,
            "created_time": "2024-03-30T18:27:58.548732Z",
            "yes_price": 28,
            "no_price": 72,
            "taker_side": "yes"
        }
    ],
    "HIGHCHI-24MAR31-B49.5": [
        {
            "trade_id": "105a5bb7-bfca-41ca-b7d4-385cbaf28713",
            "ticker": "HIGHCHI-24MAR31-B49.5",
            "count": 210,
            "created_time": "2024-03-31T17:48:38.673081Z",
            "yes_price": 1,
            "no_price": 99,
            "taker_side": "yes"
        },
        {
            "trade_id": "f3b6b4f0-3289-4959-bfa5-e16912be8a4a",
            "ticker": "HIGHCHI-24MAR31-B49.5",
            "count": 467,
            "created_time": "2024-03-31T17:19:56.363473Z",
            "yes_price": 1,
            "no_price": 99,
            "taker_side": "yes"
        },
        {
            "trade_id": "2e1597f5-f7f0-43c9-880c-2b893ed46b33",
            "ticker": "HIGHCHI-24MAR31-B49.5",
            "count": 467,
            "created_time": "2024-03-31T17:10:18.650749Z",
            "yes_price": 1,
            "no_price": 99,
            "taker_side": "yes"
        },
        {
            "trade_id": "b2ef9a8c-0c34-4e76-adba-3952ebfdf12f",
            "ticker": "HIGHCHI-24MAR31-B49.5",
            "count": 2,
            "created_time": "2024-03-31T16:11:37.914785Z",
            "yes_price": 99,
            "no_price": 1,
            "taker_side": "yes"
        },
        {
            "trade_id": "b7a949ac-8bfa-42ec-9aef-a8783f303f2d",
            "ticker": "HIGHCHI-24MAR31-B49.5",
            "count": 9,
            "created_time": "2024-03-31T12:42:44.506572Z",
            "yes_price": 52,
            "no_price": 48,
            "taker_side": "yes"
        },
        {
            "trade_id": "c7803c3c-03a4-432c-be8f-26ae70a30e96",
            "ticker": "HIGHCHI-24MAR31-B49.5",
            "count": 93,
            "created_time": "2024-03-31T12:02:00.830996Z",
            "yes_price": 51,
            "no_price": 49,
            "taker_side": "yes"
        },
        {
            "trade_id": "7540a985-620f-411f-85ac-b0e54624cc3c",
            "ticker": "HIGHCHI-24MAR31-B49.5",
            "count": 28,
            "created_time": "2024-03-31T12:02:00.830996Z",
            "yes_price": 48,
            "no_price": 52,
            "taker_side": "yes"
        },
        {
            "trade_id": "88367bd4-14ec-48bd-9ed1-de916d1777d8",
            "ticker": "HIGHCHI-24MAR31-B49.5",
            "count": 10,
            "created_time": "2024-03-31T12:01:42.910425Z",
            "yes_price": 43,
            "no_price": 57,
            "taker_side": "yes"
        },
        {
            "trade_id": "cb702d11-fba7-4606-af55-99c685e7b2f2",
            "ticker": "HIGHCHI-24MAR31-B49.5",
            "count": 78,
            "created_time": "2024-03-30T18:22:13.455136Z",
            "yes_price": 19,
            "no_price": 81,
            "taker_side": "no"
        },
        {
            "trade_id": "2eb32659-1f14-4c0f-af1e-abb5b673996a",
            "ticker": "HIGHCHI-24MAR31-B49.5",
            "count": 91,
            "created_time": "2024-03-30T18:22:13.455136Z",
            "yes_price": 20,
            "no_price": 80,
            "taker_side": "no"
        },
        {
            "trade_id": "08f43c3a-18fe-4f4b-8927-5440a54a12ab",
            "ticker": "HIGHCHI-24MAR31-B49.5",
            "count": 41,
            "created_time": "2024-03-30T18:22:13.455136Z",
            "yes_price": 22,
            "no_price": 78,
            "taker_side": "no"
        }
    ],
    "HIGHCHI-24MAR31-T50": [
        {
            "trade_id": "05bc64b9-b6d1-47d5-8e3a-b7911d4b4594",
            "ticker": "HIGHCHI-24MAR31-T50",
            "count": 20,
            "created_time": "2024-04-01T00:48:31.101535Z",
            "yes_price": 99,
            "no_price": 1,
            "taker_side": "no"
        },
        {
            "trade_id": "96b920cf-5bcd-4594-a622-e2b034c86afd",
            "ticker": "HIGHCHI-24MAR31-T50",
            "count": 430,
            "created_time": "2024-03-31T17:48:50.081294Z",
            "yes_price": 99,
            "no_price": 1,
            "taker_side": "no"
        },
        {
            "trade_id": "68cac66e-804a-47e1-b5a3-89f20f7f5a7f",
            "ticker": "HIGHCHI-24MAR31-T50",
            "count": 75,
            "created_time": "2024-03-31T16:47:57.804741Z",
            "yes_price": 99,
            "no_price": 1,
            "taker_side": "yes"
        },
        {
            "trade_id": "ca91b09b-5fa1-41fc-a626-9541406c2068",
            "ticker": "HIGHCHI-24MAR31-T50",
            "count": 20,
            "created_time": "2024-03-31T16:36:47.132032Z",
            "yes_price": 99,
            "no_price": 1,
            "taker_side": "yes"
        },
        {
            "trade_id": "5f923e0e-5a07-43e1-8433-9cf1ae6b1d0e",
            "ticker": "HIGHCHI-24MAR31-T50",
            "count": 2,
            "created_time": "2024-03-31T16:11:37.986769Z",
            "yes_price": 3,
            "no_price": 97,
            "taker_side": "no"
        },
        {
            "trade_id": "b2928770-9656-49ab-9b18-59a4348aa579",
            "ticker": "HIGHCHI-24MAR31-T50",
            "count": 12,
            "created_time": "2024-03-31T12:24:21.940039Z",
            "yes_price": 39,
            "no_price": 61,
            "taker_side": "yes"
        },
        {
            "trade_id": "7686fae3-b2e6-4185-befb-e68cc2e6870e",
            "ticker": "HIGHCHI-24MAR31-T50",
            "count": 21,
            "created_time": "2024-03-30T23:46:23.023544Z",
            "yes_price": 62,
            "no_price": 38,
            "taker_side": "no"
        },
        {
            "trade_id": "7607db9a-f0c6-41c8-bc23-bdfe06fc6064",
            "ticker": "HIGHCHI-24MAR31-T50",
            "count": 27,
            "created_time": "2024-03-30T23:37:02.826558Z",
            "yes_price": 63,
            "no_price": 37,
            "taker_side": "no"
        },
        {
            "trade_id": "9416274d-77a1-4c12-86bd-e658d0532891",
            "ticker": "HIGHCHI-24MAR31-T50",
            "count": 27,
            "created_time": "2024-03-30T23:36:24.526679Z",
            "yes_price": 63,
            "no_price": 37,
            "taker_side": "no"
        },
        {
            "trade_id": "e6e9c50c-6194-4783-ab48-829edb91b3f8",
            "ticker": "HIGHCHI-24MAR31-T50",
            "count": 37,
            "created_time": "2024-03-30T22:37:10.084544Z",
            "yes_price": 69,
            "no_price": 31,
            "taker_side": "yes"
        },
        {
            "trade_id": "6760df25-ee90-4a70-823f-ea0631e770dd",
            "ticker": "HIGHCHI-24MAR31-T50",
            "count": 75,
            "created_time": "2024-03-30T22:37:10.084544Z",
            "yes_price": 73,
            "no_price": 27,
            "taker_side": "yes"
        },
        {
            "trade_id": "4242253f-9e6d-43fa-84d6-889c12892f9c",
            "ticker": "HIGHCHI-24MAR31-T50",
            "count": 71,
            "created_time": "2024-03-30T22:37:10.084544Z",
            "yes_price": 72,
            "no_price": 28,
            "taker_side": "yes"
        },
        {
            "trade_id": "54bf58df-862e-4ab4-8da0-57b84b7847eb",
            "ticker": "HIGHCHI-24MAR31-T50",
            "count": 28,
            "created_time": "2024-03-30T22:36:21.495607Z",
            "yes_price": 69,
            "no_price": 31,
            "taker_side": "yes"
        },
        {
            "trade_id": "325d4e48-8b92-49fc-93f1-056e4fefffac",
            "ticker": "HIGHCHI-24MAR31-T50",
            "count": 20,
            "created_time": "2024-03-30T22:36:21.495607Z",
            "yes_price": 68,
            "no_price": 32,
            "taker_side": "yes"
        },
        {
            "trade_id": "ba6f8543-9a19-4230-a587-665a0e33ee75",
            "ticker": "HIGHCHI-24MAR31-T50",
            "count": 28,
            "created_time": "2024-03-30T22:33:04.618079Z",
            "yes_price": 62,
            "no_price": 38,
            "taker_side": "no"
        },
        {
            "trade_id": "e11f4ef4-3009-4831-b4a2-335983537a9b",
            "ticker": "HIGHCHI-24MAR31-T50",
            "count": 29,
            "created_time": "2024-03-30T22:32:42.62191Z",
            "yes_price": 63,
            "no_price": 37,
            "taker_side": "no"
        },
        {
            "trade_id": "487d3f56-7bc6-412b-88ae-9e204be4c981",
            "ticker": "HIGHCHI-24MAR31-T50",
            "count": 47,
            "created_time": "2024-03-30T22:09:53.727517Z",
            "yes_price": 64,
            "no_price": 36,
            "taker_side": "no"
        },
        {
            "trade_id": "24a2d382-5977-4747-9de3-3fde49a1275c",
            "ticker": "HIGHCHI-24MAR31-T50",
            "count": 47,
            "created_time": "2024-03-30T22:09:53.727517Z",
            "yes_price": 66,
            "no_price": 34,
            "taker_side": "no"
        },
        {
            "trade_id": "d2b103db-a42b-4646-af0d-aed7f656a687",
            "ticker": "HIGHCHI-24MAR31-T50",
            "count": 46,
            "created_time": "2024-03-30T22:09:43.099186Z",
            "yes_price": 68,
            "no_price": 32,
            "taker_side": "no"
        },
        {
            "trade_id": "c67bb231-74d5-476f-b19a-23dd8c4b84b5",
            "ticker": "HIGHCHI-24MAR31-T50",
            "count": 46,
            "created_time": "2024-03-30T22:09:43.099186Z",
            "yes_price": 70,
            "no_price": 30,
            "taker_side": "no"
        },
        {
            "trade_id": "094751ba-5338-4d04-aeb8-3eb7ab1154c1",
            "ticker": "HIGHCHI-24MAR31-T50",
            "count": 28,
            "created_time": "2024-03-30T22:09:43.099186Z",
            "yes_price": 72,
            "no_price": 28,
            "taker_side": "no"
        },
        {
            "trade_id": "c26a8166-2cbc-4b41-b115-68e48a101d43",
            "ticker": "HIGHCHI-24MAR31-T50",
            "count": 9,
            "created_time": "2024-03-30T21:24:51.880228Z",
            "yes_price": 37,
            "no_price": 63,
            "taker_side": "no"
        },
        {
            "trade_id": "07fd32ae-98cd-4d97-91ec-706dd7995dad",
            "ticker": "HIGHCHI-24MAR31-T50",
            "count": 3,
            "created_time": "2024-03-30T19:16:33.047671Z",
            "yes_price": 73,
            "no_price": 27,
            "taker_side": "yes"
        },
        {
            "trade_id": "43d6cca5-41fd-407d-92c6-d586c687b520",
            "ticker": "HIGHCHI-24MAR31-T50",
            "count": 17,
            "created_time": "2024-03-30T19:16:27.038648Z",
            "yes_price": 73,
            "no_price": 27,
            "taker_side": "yes"
        },
        {
            "trade_id": "4a17f422-0bca-470b-a368-182914850a14",
            "ticker": "HIGHCHI-24MAR31-T50",
            "count": 35,
            "created_time": "2024-03-30T18:46:29.737099Z",
            "yes_price": 67,
            "no_price": 33,
            "taker_side": "no"
        },
        {
            "trade_id": "bbb5e199-3da8-42b7-9ace-8df3f6b49097",
            "ticker": "HIGHCHI-24MAR31-T50",
            "count": 11,
            "created_time": "2024-03-30T18:46:12.159841Z",
            "yes_price": 68,
            "no_price": 32,
            "taker_side": "no"
        },
        {
            "trade_id": "fabc1580-35d7-4227-a2ff-463ffcdf7cd0",
            "ticker": "HIGHCHI-24MAR31-T50",
            "count": 24,
            "created_time": "2024-03-30T18:26:59.415471Z",
            "yes_price": 67,
            "no_price": 33,
            "taker_side": "no"
        },
        {
            "trade_id": "d3499313-935f-4fdc-926e-eb04e32eda54",
            "ticker": "HIGHCHI-24MAR31-T50",
            "count": 33,
            "created_time": "2024-03-30T18:22:49.527404Z",
            "yes_price": 67,
            "no_price": 33,
            "taker_side": "yes"
        },
        {
            "trade_id": "c2ebe53b-bd62-4518-b8cf-f0bee219f2a2",
            "ticker": "HIGHCHI-24MAR31-T50",
            "count": 83,
            "created_time": "2024-03-30T18:22:49.527404Z",
            "yes_price": 72,
            "no_price": 28,
            "taker_side": "yes"
        },
        {
            "trade_id": "46bd1eaa-9cb9-4eaf-a638-8db9a15814f3",
            "ticker": "HIGHCHI-24MAR31-T50",
            "count": 83,
            "created_time": "2024-03-30T18:22:49.527404Z",
            "yes_price": 69,
            "no_price": 31,
            "taker_side": "yes"
        },
        {
            "trade_id": "4a86985a-5dc3-45e5-a1c4-99c6a6ceadad",
            "ticker": "HIGHCHI-24MAR31-T50",
            "count": 20,
            "created_time": "2024-03-30T18:20:24.762271Z",
            "yes_price": 58,
            "no_price": 42,
            "taker_side": "yes"
        },
        {
            "trade_id": "e5510eef-4d62-419e-aad9-bcfb349a5cb8",
            "ticker": "HIGHCHI-24MAR31-T50",
            "count": 36,
            "created_time": "2024-03-30T17:57:22.255212Z",
            "yes_price": 56,
            "no_price": 44,
            "taker_side": "no"
        },
        {
            "trade_id": "e318d802-2359-4b5a-b9cb-04c9191f6bd2",
            "ticker": "HIGHCHI-24MAR31-T50",
            "count": 10,
            "created_time": "2024-03-30T17:44:27.024224Z",
            "yes_price": 50,
            "no_price": 50,
            "taker_side": "yes"
        },
        {
            "trade_id": "976ed211-81bd-48d3-80d2-7c425b00bc8f",
            "ticker": "HIGHCHI-24MAR31-T50",
            "count": 20,
            "created_time": "2024-03-30T17:36:27.512499Z",
            "yes_price": 45,
            "no_price": 55,
            "taker_side": "yes"
        }
    ]
}