{
    "HIGHCHI-24FEB06-T42": [
        {
            "trade_id": "8aefbbcb-9751-4b75-bae9-58d68ec61bb0",
            "ticker": "HIGHCHI-24FEB06-T42",
            "count": 1,
            "created_time": "2024-02-06T18:29:57.095603Z",
            "yes_price": 9,
            "no_price": 91,
            "taker_side": "yes"
        },
        {
            "trade_id": "1423e54d-e095-4388-9d8b-0d73c899ec90",
            "ticker": "HIGHCHI-24FEB06-T42",
            "count": 4,
            "created_time": "2024-02-06T18:29:57.095603Z",
            "yes_price": 9,
            "no_price": 91,
            "taker_side": "yes"
        },
        {
            "trade_id": "707edf7c-1c0f-4074-ab24-c1b2cc2702db",
            "ticker": "HIGHCHI-24FEB06-T42",
            "count": 1,
            "created_time": "2024-02-05T17:30:21.579337Z",
            "yes_price": 9,
            "no_price": 91,
            "taker_side": "yes"
        }
    ],
    "HIGHCHI-24FEB06-B42.5": [
        {
            "trade_id": "1f4333b4-d613-4305-b9ba-a7506e6450db",
            "ticker": "HIGHCHI-24FEB06-B42.5",
            "count": 10,
            "created_time": "2024-02-07T01:13:42.813255Z",
            "yes_price": 99,
            "no_price": 1,
            "taker_side": "yes"
        },
        {
            "trade_id": "03c05c62-7f12-4676-9fe3-f4bd8e61e415",
            "ticker": "HIGHCHI-24FEB06-B42.5",
            "count": 3,
            "created_time": "2024-02-06T21:43:47.802205Z",
            "yes_price": 99,
            "no_price": 1,
            "taker_side": "yes"
        },
        {
            "trade_id": "5bcd8c0b-3c44-49b4-93f9-cb1974274266",
            "ticker": "HIGHCHI-24FEB06-B42.5",
            "count": 11,
            "created_time": "2024-02-06T02:13:54.387543Z",
            "yes_price": 7,
            "no_price": 93,
            "taker_side": "no"
        },
        {
            "trade_id": "329861d3-6327-4ef8-bf39-10a256138f90",
            "ticker": "HIGHCHI-24FEB06-B42.5",
            "count": 116,
            "created_time": "2024-02-06T02:13:54.387543Z",
            "yes_price": 6,
            "no_price": 94,
            "taker_side": "no"
        },
        {
            "trade_id": "11e00f73-eb2e-4ca2-a79d-2e2520f6a1d0",
            "ticker": "HIGHCHI-24FEB06-B42.5",
            "count": 5,
            "created_time": "2024-02-06T01:53:56.421506Z",
            "yes_price": 7,
            "no_price": 93,
            "taker_side": "no"
        },
        {
            "trade_id": "21ac6fc3-3596-4574-8695-a7a555c01cc5",
            "ticker": "HIGHCHI-24FEB06-B42.5",
            "count": 116,
            "created_time": "2024-02-05T23:30:58.06799Z",
            "yes_price": 7,
            "no_price": 93,
            "taker_side": "no"
        },
        {
            "trade_id": "2daf3811-91a4-4bde-b869-de2747baddbc",
            "ticker": "HIGHCHI-24FEB06-B42.5",
            "count": 46,
            "created_time": "2024-02-05T23:23:46.981688Z",
            "yes_price": 7,
            "no_price": 93,
            "taker_side": "no"
        },
        {
            "trade_id": "f310f636-04c7-45b9-a766-bdf9dc180c1a",
            "ticker": "HIGHCHI-24FEB06-B42.5",
            "count": 116,
            "created_time": "2024-02-05T23:23:17.592458Z",
            "yes_price": 7,
            "no_price": 93,
            "taker_side": "no"
        },
        {
            "trade_id": "cd088aa3-ea84-43a1-9ccd-6a7532496b35",
            "ticker": "HIGHCHI-24FEB06-B42.5",
            "count": 116,
            "created_time": "2024-02-05T23:23:02.32256Z",
            "yes_price": 8,
            "no_price": 92,
            "taker_side": "no"
        },
        {
            "trade_id": "a252e53c-40ae-452d-ac31-6060ec31c570",
            "ticker": "HIGHCHI-24FEB06-B42.5",
            "count": 23,
            "created_time": "2024-02-05T23:23:02.32256Z",
            "yes_price": 9,
            "no_price": 91,
            "taker_side": "no"
        },
        {
            "trade_id": "a6850699-8265-4cca-bc2a-8ab99bd8b37d",
            "ticker": "HIGHCHI-24FEB06-B42.5",
            "count": 11,
            "created_time": "2024-02-05T19:35:57.566404Z",
            "yes_price": 6,
            "no_price": 94,
            "taker_side": "no"
        },
        {
            "trade_id": "4bbd6f0f-5cd8-46b4-87a1-051de86c2d4b",
            "ticker": "HIGHCHI-24FEB06-B42.5",
            "count": 23,
            "created_time": "2024-02-05T19:35:26.94242Z",
            "yes_price": 6,
            "no_price": 94,
            "taker_side": "no"
        },
        {
            "trade_id": "3bc7c90b-572b-420a-8e8f-77241180e503",
            "ticker": "HIGHCHI-24FEB06-B42.5",
            "count": 116,
            "created_time": "2024-02-05T19:35:12.40427Z",
            "yes_price": 6,
            "no_price": 94,
            "taker_side": "no"
        },
        {
            "trade_id": "213b10df-20c5-4467-8d43-889eb8a3c1da",
            "ticker": "HIGHCHI-24FEB06-B42.5",
            "count": 23,
            "created_time": "2024-02-05T19:35:12.40427Z",
            "yes_price": 7,
            "no_price": 93,
            "taker_side": "no"
        },
        {
            "trade_id": "0f5fff5c-6eeb-4697-bf34-6c6a83dc9bfe",
            "ticker": "HIGHCHI-24FEB06-B42.5",
            "count": 23,
            "created_time": "2024-02-05T19:14:52.643777Z",
            "yes_price": 6,
            "no_price": 94,
            "taker_side": "no"
        },
        {
            "trade_id": "6a43cf1c-6fa2-4e90-8f76-8237df73dd2e",
            "ticker": "HIGHCHI-24FEB06-B42.5",
            "count": 116,
            "created_time": "2024-02-05T19:13:50.353631Z",
            "yes_price": 6,
            "no_price": 94,
            "taker_side": "no"
        },
        {
            "trade_id": "c30b2079-7212-4cd5-8e23-2c54bfc18ca2",
            "ticker": "HIGHCHI-24FEB06-B42.5",
            "count": 70,
            "created_time": "2024-02-05T19:13:16.138638Z",
            "yes_price": 7,
            "no_price": 93,
            "taker_side": "no"
        },
        {
            "trade_id": "1e2176ae-f94f-4419-86d4-ea8ad06b0360",
            "ticker": "HIGHCHI-24FEB06-B42.5",
            "count": 116,
            "created_time": "2024-02-05T19:08:10.277991Z",
            "yes_price": 6,
            "no_price": 94,
            "taker_side": "no"
        },
        {
            "trade_id": "b7509298-c148-469b-b4a0-907d1ef8f8bb",
            "ticker": "HIGHCHI-24FEB06-B42.5",
            "count": 11,
            "created_time": "2024-02-05T19:07:45.858518Z",
            "yes_price": 7,
            "no_price": 93,
            "taker_side": "no"
        },
        {
            "trade_id": "6b5827b0-09ed-42c4-98e4-5c302c6d5477",
            "ticker": "HIGHCHI-24FEB06-B42.5",
            "count": 35,
            "created_time": "2024-02-05T19:07:03.721071Z",
            "yes_price": 7,
            "no_price": 93,
            "taker_side": "no"
        },
        {
            "trade_id": "0162fa7a-1dde-4dec-ba0f-9eaadd013e97",
            "ticker": "HIGHCHI-24FEB06-B42.5",
            "count": 116,
            "created_time": "2024-02-05T19:06:51.579276Z",
            "yes_price": 7,
            "no_price": 93,
            "taker_side": "no"
        },
        {
            "trade_id": "5a05c786-6092-48d6-a6e7-298c6bd60ad5",
            "ticker": "HIGHCHI-24FEB06-B42.5",
            "count": 39,
            "created_time": "2024-02-05T19:06:14.000706Z",
            "yes_price": 8,
            "no_price": 92,
            "taker_side": "no"
        },
        {
            "trade_id": "add4c5ca-1fe5-4f43-96d0-f8adb9ffe826",
            "ticker": "HIGHCHI-24FEB06-B42.5",
            "count": 46,
            "created_time": "2024-02-05T19:05:26.054505Z",
            "yes_price": 10,
            "no_price": 90,
            "taker_side": "no"
        },
        {
            "trade_id": "a745ad68-9c25-4ffd-983f-dd7d9ea6394c",
            "ticker": "HIGHCHI-24FEB06-B42.5",
            "count": 116,
            "created_time": "2024-02-05T19:05:26.054505Z",
            "yes_price": 9,
            "no_price": 91,
            "taker_side": "no"
        },
        {
            "trade_id": "046b599e-e8c9-4fe0-8890-2bffdeb2db7f",
            "ticker": "HIGHCHI-24FEB06-B42.5",
            "count": 113,
            "created_time": "2024-02-05T19:05:26.054505Z",
            "yes_price": 8,
            "no_price": 92,
            "taker_side": "no"
        },
        {
            "trade_id": "4675d66f-0b27-4305-bedf-17c411c818cb",
            "ticker": "HIGHCHI-24FEB06-B42.5",
            "count": 46,
            "created_time": "2024-02-05T17:51:01.042113Z",
            "yes_price": 15,
            "no_price": 85,
            "taker_side": "yes"
        },
        {
            "trade_id": "dfed7c0a-870c-4dae-aced-b16eb219fd70",
            "ticker": "HIGHCHI-24FEB06-B42.5",
            "count": 116,
            "created_time": "2024-02-05T17:50:24.836552Z",
            "yes_price": 16,
            "no_price": 84,
            "taker_side": "yes"
        },
        {
            "trade_id": "cf71c1c8-5e02-47e1-9fff-b6dec6f4cc6f",
            "ticker": "HIGHCHI-24FEB06-B42.5",
            "count": 116,
            "created_time": "2024-02-05T17:50:24.836552Z",
            "yes_price": 14,
            "no_price": 86,
            "taker_side": "yes"
        },
        {
            "trade_id": "ce19869e-dc62-4bbd-bc13-5df3f7c42b09",
            "ticker": "HIGHCHI-24FEB06-B42.5",
            "count": 35,
            "created_time": "2024-02-05T17:50:24.836552Z",
            "yes_price": 13,
            "no_price": 87,
            "taker_side": "yes"
        },
        {
            "trade_id": "86e4fe8d-0d8b-4e7f-9da6-c1791b896b64",
            "ticker": "HIGHCHI-24FEB06-B42.5",
            "count": 1,
            "created_time": "2024-02-05T17:50:24.836552Z",
            "yes_price": 13,
            "no_price": 87,
            "taker_side": "yes"
        },
        {
            "trade_id": "0dd82e1a-67b0-46f8-aea7-1cd0e97c42b3",
            "ticker": "HIGHCHI-24FEB06-B42.5",
            "count": 7,
            "created_time": "2024-02-05T15:14:37.672806Z",
            "yes_price": 9,
            "no_price": 91,
            "taker_side": "no"
        }
    ],
    "HIGHCHI-24FEB06-B44.5": [
        {
            "trade_id": "85a28807-7636-4f89-b831-5d3daabfd73d",
            "ticker": "HIGHCHI-24FEB06-B44.5",
            "count": 18,
            "created_time": "2024-02-07T01:12:13.448944Z",
            "yes_price": 1,
            "no_price": 99,
            "taker_side": "no"
        },
        {
            "trade_id": "0bbdbf60-cb40-404d-ae7d-01797cc472ec",
            "ticker": "HIGHCHI-24FEB06-B44.5",
            "count": 2,
            "created_time": "2024-02-06T22:37:13.346771Z",
            "yes_price": 1,
            "no_price": 99,
            "taker_side": "no"
        },
        {
            "trade_id": "1ba2f35e-5bc9-484f-ac80-71e8a7ba8503",
            "ticker": "HIGHCHI-24FEB06-B44.5",
            "count": 500,
            "created_time": "2024-02-06T22:18:41.400031Z",
            "yes_price": 3,
            "no_price": 97,
            "taker_side": "no"
        },
        {
            "trade_id": "7921ff60-368a-43d6-8358-5d95f2901098",
            "ticker": "HIGHCHI-24FEB06-B44.5",
            "count": 20,
            "created_time": "2024-02-06T03:26:42.134902Z",
            "yes_price": 19,
            "no_price": 81,
            "taker_side": "no"
        },
        {
            "trade_id": "dbc05e34-56e9-4785-b9a9-80b8a8d02290",
            "ticker": "HIGHCHI-24FEB06-B44.5",
            "count": 112,
            "created_time": "2024-02-06T02:58:10.048329Z",
            "yes_price": 29,
            "no_price": 71,
            "taker_side": "yes"
        },
        {
            "trade_id": "4e36a384-d0e5-4015-a0c4-28b3699877a0",
            "ticker": "HIGHCHI-24FEB06-B44.5",
            "count": 44,
            "created_time": "2024-02-06T02:58:10.048329Z",
            "yes_price": 27,
            "no_price": 73,
            "taker_side": "yes"
        },
        {
            "trade_id": "ed322971-8e2f-4d4e-b39a-43fcb4d7cd33",
            "ticker": "HIGHCHI-24FEB06-B44.5",
            "count": 67,
            "created_time": "2024-02-06T02:54:35.068472Z",
            "yes_price": 26,
            "no_price": 74,
            "taker_side": "yes"
        },
        {
            "trade_id": "27c2185c-373b-40bf-83b9-b06d3e5c7cb4",
            "ticker": "HIGHCHI-24FEB06-B44.5",
            "count": 56,
            "created_time": "2024-02-06T02:50:47.905919Z",
            "yes_price": 25,
            "no_price": 75,
            "taker_side": "yes"
        },
        {
            "trade_id": "a97608c5-15b5-44b5-a631-65290d6f4a98",
            "ticker": "HIGHCHI-24FEB06-B44.5",
            "count": 67,
            "created_time": "2024-02-06T02:43:03.762193Z",
            "yes_price": 24,
            "no_price": 76,
            "taker_side": "yes"
        },
        {
            "trade_id": "18bd3105-1d89-4e7a-9c49-2ea79b48a0b0",
            "ticker": "HIGHCHI-24FEB06-B44.5",
            "count": 78,
            "created_time": "2024-02-06T02:42:44.61995Z",
            "yes_price": 23,
            "no_price": 77,
            "taker_side": "yes"
        },
        {
            "trade_id": "1d3a78a1-b3d4-47fe-ad90-9699c70c8550",
            "ticker": "HIGHCHI-24FEB06-B44.5",
            "count": 33,
            "created_time": "2024-02-06T02:37:32.645322Z",
            "yes_price": 22,
            "no_price": 78,
            "taker_side": "yes"
        },
        {
            "trade_id": "e1b75b35-803c-469b-8abe-a03b22747084",
            "ticker": "HIGHCHI-24FEB06-B44.5",
            "count": 70,
            "created_time": "2024-02-06T02:36:17.430996Z",
            "yes_price": 24,
            "no_price": 76,
            "taker_side": "yes"
        },
        {
            "trade_id": "474c07ca-4141-4c0d-807d-4453b50b1f56",
            "ticker": "HIGHCHI-24FEB06-B44.5",
            "count": 56,
            "created_time": "2024-02-06T02:36:17.430996Z",
            "yes_price": 22,
            "no_price": 78,
            "taker_side": "yes"
        },
        {
            "trade_id": "845f08e8-8267-4ec2-8e62-9db3543b610d",
            "ticker": "HIGHCHI-24FEB06-B44.5",
            "count": 34,
            "created_time": "2024-02-06T02:13:40.145724Z",
            "yes_price": 23,
            "no_price": 77,
            "taker_side": "no"
        },
        {
            "trade_id": "050bd2c5-bb57-4490-96ef-69f30844774b",
            "ticker": "HIGHCHI-24FEB06-B44.5",
            "count": 34,
            "created_time": "2024-02-06T02:13:37.572871Z",
            "yes_price": 22,
            "no_price": 78,
            "taker_side": "yes"
        },
        {
            "trade_id": "f96b6bf3-e3e8-4dfb-9e01-8d5da0b16919",
            "ticker": "HIGHCHI-24FEB06-B44.5",
            "count": 79,
            "created_time": "2024-02-06T02:13:30.062699Z",
            "yes_price": 22,
            "no_price": 78,
            "taker_side": "yes"
        },
        {
            "trade_id": "e7c9dcf2-72e9-4ab4-9fcb-b16502eb720a",
            "ticker": "HIGHCHI-24FEB06-B44.5",
            "count": 34,
            "created_time": "2024-02-06T02:13:16.563387Z",
            "yes_price": 21,
            "no_price": 79,
            "taker_side": "yes"
        },
        {
            "trade_id": "3cc75c5b-02cd-44ad-a9f2-7127ead516f0",
            "ticker": "HIGHCHI-24FEB06-B44.5",
            "count": 2,
            "created_time": "2024-02-06T01:51:20.435223Z",
            "yes_price": 21,
            "no_price": 79,
            "taker_side": "yes"
        },
        {
            "trade_id": "f95e11e7-e02a-4f85-ad05-e3ade4931032",
            "ticker": "HIGHCHI-24FEB06-B44.5",
            "count": 81,
            "created_time": "2024-02-05T23:23:38.281019Z",
            "yes_price": 17,
            "no_price": 83,
            "taker_side": "no"
        },
        {
            "trade_id": "29e94c1a-91bb-453a-aea2-17521f1e395c",
            "ticker": "HIGHCHI-24FEB06-B44.5",
            "count": 58,
            "created_time": "2024-02-05T23:23:30.373142Z",
            "yes_price": 18,
            "no_price": 82,
            "taker_side": "no"
        },
        {
            "trade_id": "2f2b2e95-1a80-4793-bd6d-008849428186",
            "ticker": "HIGHCHI-24FEB06-B44.5",
            "count": 23,
            "created_time": "2024-02-05T19:35:48.847926Z",
            "yes_price": 17,
            "no_price": 83,
            "taker_side": "no"
        },
        {
            "trade_id": "152f8a47-fbae-408d-ade0-185ab0398774",
            "ticker": "HIGHCHI-24FEB06-B44.5",
            "count": 23,
            "created_time": "2024-02-05T19:30:58.517577Z",
            "yes_price": 17,
            "no_price": 83,
            "taker_side": "no"
        },
        {
            "trade_id": "43522316-3e44-43ee-8d10-371df514a898",
            "ticker": "HIGHCHI-24FEB06-B44.5",
            "count": 93,
            "created_time": "2024-02-05T19:30:23.531559Z",
            "yes_price": 17,
            "no_price": 83,
            "taker_side": "no"
        },
        {
            "trade_id": "d99428ab-adf8-4246-b18c-1a6ca666cb5d",
            "ticker": "HIGHCHI-24FEB06-B44.5",
            "count": 23,
            "created_time": "2024-02-05T19:30:12.784518Z",
            "yes_price": 18,
            "no_price": 82,
            "taker_side": "no"
        },
        {
            "trade_id": "4b7180d2-3adc-4924-a170-10b1dd5fede6",
            "ticker": "HIGHCHI-24FEB06-B44.5",
            "count": 23,
            "created_time": "2024-02-05T19:24:42.340304Z",
            "yes_price": 18,
            "no_price": 82,
            "taker_side": "no"
        },
        {
            "trade_id": "786fe7f2-0ae3-4c43-b699-ca0e513ba16d",
            "ticker": "HIGHCHI-24FEB06-B44.5",
            "count": 23,
            "created_time": "2024-02-05T19:24:19.170481Z",
            "yes_price": 18,
            "no_price": 82,
            "taker_side": "no"
        },
        {
            "trade_id": "078f183f-66cb-41b7-933f-c046a19e23bf",
            "ticker": "HIGHCHI-24FEB06-B44.5",
            "count": 81,
            "created_time": "2024-02-05T19:23:46.557325Z",
            "yes_price": 18,
            "no_price": 82,
            "taker_side": "no"
        },
        {
            "trade_id": "893a19a9-f719-446b-8778-42a25282c563",
            "ticker": "HIGHCHI-24FEB06-B44.5",
            "count": 11,
            "created_time": "2024-02-05T19:23:33.049585Z",
            "yes_price": 19,
            "no_price": 81,
            "taker_side": "no"
        },
        {
            "trade_id": "ddb32787-f679-4270-a251-eafa90c5499d",
            "ticker": "HIGHCHI-24FEB06-B44.5",
            "count": 81,
            "created_time": "2024-02-05T19:23:10.287407Z",
            "yes_price": 19,
            "no_price": 81,
            "taker_side": "no"
        },
        {
            "trade_id": "81cb5af6-23d6-4773-93e7-d9a7872b603f",
            "ticker": "HIGHCHI-24FEB06-B44.5",
            "count": 81,
            "created_time": "2024-02-05T19:15:11.300578Z",
            "yes_price": 20,
            "no_price": 80,
            "taker_side": "no"
        },
        {
            "trade_id": "85260c82-6f28-4ac9-b282-a583ed95d0bb",
            "ticker": "HIGHCHI-24FEB06-B44.5",
            "count": 11,
            "created_time": "2024-02-05T19:14:05.365596Z",
            "yes_price": 21,
            "no_price": 79,
            "taker_side": "no"
        },
        {
            "trade_id": "8993d8be-f266-4ee1-b0a9-2dcc09009c72",
            "ticker": "HIGHCHI-24FEB06-B44.5",
            "count": 11,
            "created_time": "2024-02-05T19:13:23.371868Z",
            "yes_price": 21,
            "no_price": 79,
            "taker_side": "no"
        },
        {
            "trade_id": "f2978bb3-e281-45d0-9d65-81dd292b7485",
            "ticker": "HIGHCHI-24FEB06-B44.5",
            "count": 70,
            "created_time": "2024-02-05T19:12:59.031441Z",
            "yes_price": 21,
            "no_price": 79,
            "taker_side": "no"
        },
        {
            "trade_id": "0c7312dc-7876-418a-9886-41e4be09106d",
            "ticker": "HIGHCHI-24FEB06-B44.5",
            "count": 23,
            "created_time": "2024-02-05T19:10:17.715375Z",
            "yes_price": 22,
            "no_price": 78,
            "taker_side": "no"
        },
        {
            "trade_id": "09bcf1d1-8915-41b9-b6cf-be7931abd308",
            "ticker": "HIGHCHI-24FEB06-B44.5",
            "count": 11,
            "created_time": "2024-02-05T19:09:57.267883Z",
            "yes_price": 22,
            "no_price": 78,
            "taker_side": "no"
        },
        {
            "trade_id": "e1356fbc-ca1f-4740-83eb-33cf8936a387",
            "ticker": "HIGHCHI-24FEB06-B44.5",
            "count": 60,
            "created_time": "2024-02-05T19:09:36.354905Z",
            "yes_price": 22,
            "no_price": 78,
            "taker_side": "no"
        },
        {
            "trade_id": "529ba7f4-cf98-41dd-8a47-472ebbc66619",
            "ticker": "HIGHCHI-24FEB06-B44.5",
            "count": 23,
            "created_time": "2024-02-05T19:08:53.581499Z",
            "yes_price": 23,
            "no_price": 77,
            "taker_side": "no"
        },
        {
            "trade_id": "fbee8200-43d3-44a3-84cc-c2e5000eb0f0",
            "ticker": "HIGHCHI-24FEB06-B44.5",
            "count": 23,
            "created_time": "2024-02-05T19:07:38.536117Z",
            "yes_price": 23,
            "no_price": 77,
            "taker_side": "no"
        },
        {
            "trade_id": "c2706520-37c4-441a-9d95-b3535e968e67",
            "ticker": "HIGHCHI-24FEB06-B44.5",
            "count": 11,
            "created_time": "2024-02-05T19:07:20.565422Z",
            "yes_price": 23,
            "no_price": 77,
            "taker_side": "no"
        },
        {
            "trade_id": "6837de90-470d-4925-ac02-c55be2abe39f",
            "ticker": "HIGHCHI-24FEB06-B44.5",
            "count": 11,
            "created_time": "2024-02-05T19:06:32.372713Z",
            "yes_price": 23,
            "no_price": 77,
            "taker_side": "no"
        },
        {
            "trade_id": "1c397866-8761-4e56-af4d-859ae7d35db8",
            "ticker": "HIGHCHI-24FEB06-B44.5",
            "count": 58,
            "created_time": "2024-02-05T19:05:49.940559Z",
            "yes_price": 23,
            "no_price": 77,
            "taker_side": "no"
        },
        {
            "trade_id": "e60a0644-f2d7-4c96-8829-20bd86590328",
            "ticker": "HIGHCHI-24FEB06-B44.5",
            "count": 23,
            "created_time": "2024-02-05T17:45:24.145394Z",
            "yes_price": 27,
            "no_price": 73,
            "taker_side": "no"
        },
        {
            "trade_id": "31b95af7-17b3-4a06-9bbb-2444c7ca11dc",
            "ticker": "HIGHCHI-24FEB06-B44.5",
            "count": 116,
            "created_time": "2024-02-05T17:45:24.145394Z",
            "yes_price": 25,
            "no_price": 75,
            "taker_side": "no"
        },
        {
            "trade_id": "c452d9dd-fa0c-4e77-922a-39c7e9c1a9d4",
            "ticker": "HIGHCHI-24FEB06-B44.5",
            "count": 46,
            "created_time": "2024-02-05T17:44:51.621503Z",
            "yes_price": 30,
            "no_price": 70,
            "taker_side": "no"
        },
        {
            "trade_id": "671d6127-df09-4016-bf96-4dc14e997de3",
            "ticker": "HIGHCHI-24FEB06-B44.5",
            "count": 116,
            "created_time": "2024-02-05T17:44:51.621503Z",
            "yes_price": 28,
            "no_price": 72,
            "taker_side": "no"
        },
        {
            "trade_id": "12a13fd6-3be3-4d2a-908e-9c13a195e211",
            "ticker": "HIGHCHI-24FEB06-B44.5",
            "count": 116,
            "created_time": "2024-02-05T17:44:51.621503Z",
            "yes_price": 26,
            "no_price": 74,
            "taker_side": "no"
        },
        {
            "trade_id": "51f6d240-0395-43ed-9293-e7f3ac709be0",
            "ticker": "HIGHCHI-24FEB06-B44.5",
            "count": 1,
            "created_time": "2024-02-05T17:30:22.439455Z",
            "yes_price": 28,
            "no_price": 72,
            "taker_side": "no"
        }
    ],
    "HIGHCHI-24FEB06-B46.5": [
        {
            "trade_id": "e227bc12-fb3d-49c9-a174-514c97a8b658",
            "ticker": "HIGHCHI-24FEB06-B46.5",
            "count": 75,
            "created_time": "2024-02-06T14:58:16.495188Z",
            "yes_price": 49,
            "no_price": 51,
            "taker_side": "yes"
        },
        {
            "trade_id": "04d14f45-097e-4361-9bf6-862810714c5b",
            "ticker": "HIGHCHI-24FEB06-B46.5",
            "count": 75,
            "created_time": "2024-02-06T14:58:16.495188Z",
            "yes_price": 52,
            "no_price": 48,
            "taker_side": "yes"
        },
        {
            "trade_id": "803a08fa-8c4e-459b-b0db-4161c825bd64",
            "ticker": "HIGHCHI-24FEB06-B46.5",
            "count": 2,
            "created_time": "2024-02-06T14:51:56.161007Z",
            "yes_price": 48,
            "no_price": 52,
            "taker_side": "yes"
        },
        {
            "trade_id": "78ad0164-b6e3-43b7-a635-b9e1d178208e",
            "ticker": "HIGHCHI-24FEB06-B46.5",
            "count": 34,
            "created_time": "2024-02-06T13:03:34.846364Z",
            "yes_price": 49,
            "no_price": 51,
            "taker_side": "yes"
        },
        {
            "trade_id": "b54bcc9c-d8f3-47b1-903d-2c715c12ce30",
            "ticker": "HIGHCHI-24FEB06-B46.5",
            "count": 85,
            "created_time": "2024-02-06T13:03:25.016331Z",
            "yes_price": 49,
            "no_price": 51,
            "taker_side": "yes"
        },
        {
            "trade_id": "6e598931-cf15-4181-b771-4741b05b24a5",
            "ticker": "HIGHCHI-24FEB06-B46.5",
            "count": 25,
            "created_time": "2024-02-06T13:03:25.016331Z",
            "yes_price": 44,
            "no_price": 56,
            "taker_side": "yes"
        },
        {
            "trade_id": "3567c430-76ab-4ef0-a53f-a7fcdb3dcdff",
            "ticker": "HIGHCHI-24FEB06-B46.5",
            "count": 85,
            "created_time": "2024-02-06T13:03:25.016331Z",
            "yes_price": 46,
            "no_price": 54,
            "taker_side": "yes"
        },
        {
            "trade_id": "8573059e-3a96-459e-b21a-ceabae74ef3e",
            "ticker": "HIGHCHI-24FEB06-B46.5",
            "count": 56,
            "created_time": "2024-02-06T02:28:50.984328Z",
            "yes_price": 44,
            "no_price": 56,
            "taker_side": "yes"
        },
        {
            "trade_id": "9b5e3687-e0e4-4979-8b91-a00c7b1419f4",
            "ticker": "HIGHCHI-24FEB06-B46.5",
            "count": 45,
            "created_time": "2024-02-06T02:25:46.951306Z",
            "yes_price": 43,
            "no_price": 57,
            "taker_side": "yes"
        },
        {
            "trade_id": "b5c5f413-e970-4c58-add0-bae8ae4b4400",
            "ticker": "HIGHCHI-24FEB06-B46.5",
            "count": 56,
            "created_time": "2024-02-06T02:25:16.584419Z",
            "yes_price": 41,
            "no_price": 59,
            "taker_side": "yes"
        },
        {
            "trade_id": "783e77ab-d8ef-43ce-a61c-5677a1e5f3c4",
            "ticker": "HIGHCHI-24FEB06-B46.5",
            "count": 113,
            "created_time": "2024-02-06T02:25:01.204858Z",
            "yes_price": 40,
            "no_price": 60,
            "taker_side": "yes"
        },
        {
            "trade_id": "661673a7-108a-4ccc-8ce6-74a471b7df74",
            "ticker": "HIGHCHI-24FEB06-B46.5",
            "count": 45,
            "created_time": "2024-02-06T02:25:01.204858Z",
            "yes_price": 38,
            "no_price": 62,
            "taker_side": "yes"
        },
        {
            "trade_id": "edf509a8-6048-4586-ab36-cac40df1c1e0",
            "ticker": "HIGHCHI-24FEB06-B46.5",
            "count": 22,
            "created_time": "2024-02-06T02:13:33.218188Z",
            "yes_price": 36,
            "no_price": 64,
            "taker_side": "yes"
        },
        {
            "trade_id": "2c088907-63f9-41f6-8a03-1c6155751d15",
            "ticker": "HIGHCHI-24FEB06-B46.5",
            "count": 81,
            "created_time": "2024-02-06T02:13:33.218188Z",
            "yes_price": 38,
            "no_price": 62,
            "taker_side": "yes"
        },
        {
            "trade_id": "b7d578f1-8c24-4bef-9840-900d7790debd",
            "ticker": "HIGHCHI-24FEB06-B46.5",
            "count": 45,
            "created_time": "2024-02-06T02:12:47.516131Z",
            "yes_price": 36,
            "no_price": 64,
            "taker_side": "yes"
        },
        {
            "trade_id": "d6049678-f6d2-4f7c-8487-4cdcf59913bf",
            "ticker": "HIGHCHI-24FEB06-B46.5",
            "count": 38,
            "created_time": "2024-02-05T23:34:11.295913Z",
            "yes_price": 41,
            "no_price": 59,
            "taker_side": "yes"
        },
        {
            "trade_id": "3fd1c4ac-3eae-4c6c-833a-e07afd3f5c5c",
            "ticker": "HIGHCHI-24FEB06-B46.5",
            "count": 11,
            "created_time": "2024-02-05T23:34:11.295913Z",
            "yes_price": 39,
            "no_price": 61,
            "taker_side": "yes"
        },
        {
            "trade_id": "d832357b-2303-4b46-99bd-cd6545ad4736",
            "ticker": "HIGHCHI-24FEB06-B46.5",
            "count": 116,
            "created_time": "2024-02-05T23:33:23.491181Z",
            "yes_price": 36,
            "no_price": 64,
            "taker_side": "yes"
        },
        {
            "trade_id": "9449e482-0e7e-45d2-9b3d-3be9392aa6e1",
            "ticker": "HIGHCHI-24FEB06-B46.5",
            "count": 114,
            "created_time": "2024-02-05T23:33:23.491181Z",
            "yes_price": 39,
            "no_price": 61,
            "taker_side": "yes"
        },
        {
            "trade_id": "18214d6f-8c12-4543-bb7f-39e79c5b74c5",
            "ticker": "HIGHCHI-24FEB06-B46.5",
            "count": 70,
            "created_time": "2024-02-05T23:33:23.491181Z",
            "yes_price": 34,
            "no_price": 66,
            "taker_side": "yes"
        },
        {
            "trade_id": "e064513b-7a31-4fcc-94b0-9b22ae6e797c",
            "ticker": "HIGHCHI-24FEB06-B46.5",
            "count": 116,
            "created_time": "2024-02-05T23:32:45.174138Z",
            "yes_price": 31,
            "no_price": 69,
            "taker_side": "yes"
        },
        {
            "trade_id": "cddcbd99-e888-43e4-b768-7ac517137bd9",
            "ticker": "HIGHCHI-24FEB06-B46.5",
            "count": 35,
            "created_time": "2024-02-05T23:32:45.174138Z",
            "yes_price": 29,
            "no_price": 71,
            "taker_side": "yes"
        },
        {
            "trade_id": "a58b91fb-1579-4d7e-ad21-e9fea82bfa16",
            "ticker": "HIGHCHI-24FEB06-B46.5",
            "count": 116,
            "created_time": "2024-02-05T23:32:45.174138Z",
            "yes_price": 33,
            "no_price": 67,
            "taker_side": "yes"
        },
        {
            "trade_id": "ebe616f8-3786-44c1-a5f4-03fb4948908d",
            "ticker": "HIGHCHI-24FEB06-B46.5",
            "count": 116,
            "created_time": "2024-02-05T23:32:10.732092Z",
            "yes_price": 30,
            "no_price": 70,
            "taker_side": "yes"
        },
        {
            "trade_id": "600652a2-7494-465c-94c8-8d29c47d889f",
            "ticker": "HIGHCHI-24FEB06-B46.5",
            "count": 116,
            "created_time": "2024-02-05T23:32:10.732092Z",
            "yes_price": 32,
            "no_price": 68,
            "taker_side": "yes"
        },
        {
            "trade_id": "284bea3b-c8af-4e7f-a960-105549cf8828",
            "ticker": "HIGHCHI-24FEB06-B46.5",
            "count": 46,
            "created_time": "2024-02-05T23:32:10.732092Z",
            "yes_price": 28,
            "no_price": 72,
            "taker_side": "yes"
        },
        {
            "trade_id": "f915cbb0-2e7a-41c9-b9d0-dbe50b973d0e",
            "ticker": "HIGHCHI-24FEB06-B46.5",
            "count": 11,
            "created_time": "2024-02-05T19:36:05.444989Z",
            "yes_price": 25,
            "no_price": 75,
            "taker_side": "no"
        },
        {
            "trade_id": "175671b7-1794-476d-86ae-69b2fa8e9c3d",
            "ticker": "HIGHCHI-24FEB06-B46.5",
            "count": 23,
            "created_time": "2024-02-05T19:35:40.477664Z",
            "yes_price": 25,
            "no_price": 75,
            "taker_side": "no"
        },
        {
            "trade_id": "59d5c3cd-04aa-43e0-865a-bf821bdb3c38",
            "ticker": "HIGHCHI-24FEB06-B46.5",
            "count": 70,
            "created_time": "2024-02-05T19:30:45.065994Z",
            "yes_price": 25,
            "no_price": 75,
            "taker_side": "no"
        },
        {
            "trade_id": "6c1f1c9c-af46-44dd-b826-2fc634b7cc2f",
            "ticker": "HIGHCHI-24FEB06-B46.5",
            "count": 23,
            "created_time": "2024-02-05T19:30:31.84144Z",
            "yes_price": 26,
            "no_price": 74,
            "taker_side": "no"
        },
        {
            "trade_id": "b38e0986-a90d-4423-94d0-c7b81b25e271",
            "ticker": "HIGHCHI-24FEB06-B46.5",
            "count": 70,
            "created_time": "2024-02-05T19:30:02.402752Z",
            "yes_price": 26,
            "no_price": 74,
            "taker_side": "no"
        },
        {
            "trade_id": "49f97e30-8983-4704-a95f-2c080ca7f091",
            "ticker": "HIGHCHI-24FEB06-B46.5",
            "count": 11,
            "created_time": "2024-02-05T19:24:57.93256Z",
            "yes_price": 27,
            "no_price": 73,
            "taker_side": "no"
        },
        {
            "trade_id": "458af799-b0a7-4ae4-989d-27c63b4bb9f5",
            "ticker": "HIGHCHI-24FEB06-B46.5",
            "count": 58,
            "created_time": "2024-02-05T19:24:34.148124Z",
            "yes_price": 27,
            "no_price": 73,
            "taker_side": "no"
        },
        {
            "trade_id": "4f2d0c11-d156-4107-93d2-e747bc889903",
            "ticker": "HIGHCHI-24FEB06-B46.5",
            "count": 70,
            "created_time": "2024-02-05T19:24:06.898006Z",
            "yes_price": 27,
            "no_price": 73,
            "taker_side": "no"
        },
        {
            "trade_id": "c834db98-5031-48f2-bd61-4141135059a5",
            "ticker": "HIGHCHI-24FEB06-B46.5",
            "count": 23,
            "created_time": "2024-02-05T19:23:56.279712Z",
            "yes_price": 28,
            "no_price": 72,
            "taker_side": "no"
        },
        {
            "trade_id": "c8808ae0-2b49-4bf1-b869-d54857a5821b",
            "ticker": "HIGHCHI-24FEB06-B46.5",
            "count": 46,
            "created_time": "2024-02-05T19:23:21.13641Z",
            "yes_price": 28,
            "no_price": 72,
            "taker_side": "no"
        },
        {
            "trade_id": "62612d88-5f5b-4d70-9645-184d3fe5a0d0",
            "ticker": "HIGHCHI-24FEB06-B46.5",
            "count": 35,
            "created_time": "2024-02-05T19:10:07.229585Z",
            "yes_price": 27,
            "no_price": 73,
            "taker_side": "no"
        },
        {
            "trade_id": "2e898d69-a278-4634-a9ae-85ca10b3b29a",
            "ticker": "HIGHCHI-24FEB06-B46.5",
            "count": 70,
            "created_time": "2024-02-05T19:08:43.813628Z",
            "yes_price": 27,
            "no_price": 73,
            "taker_side": "no"
        },
        {
            "trade_id": "3ac51c3d-615c-4d71-a3b1-60f478c0c803",
            "ticker": "HIGHCHI-24FEB06-B46.5",
            "count": 46,
            "created_time": "2024-02-05T19:07:30.504898Z",
            "yes_price": 28,
            "no_price": 72,
            "taker_side": "no"
        },
        {
            "trade_id": "66a89a48-522a-4c34-a366-964d65f22cb7",
            "ticker": "HIGHCHI-24FEB06-B46.5",
            "count": 70,
            "created_time": "2024-02-05T17:45:33.453551Z",
            "yes_price": 30,
            "no_price": 70,
            "taker_side": "no"
        },
        {
            "trade_id": "e62ed73a-c714-40d6-8373-cadf004ccd91",
            "ticker": "HIGHCHI-24FEB06-B46.5",
            "count": 116,
            "created_time": "2024-02-05T17:45:09.062568Z",
            "yes_price": 30,
            "no_price": 70,
            "taker_side": "no"
        },
        {
            "trade_id": "9138e5ef-5d27-4581-86ef-ce5bb63d5355",
            "ticker": "HIGHCHI-24FEB06-B46.5",
            "count": 11,
            "created_time": "2024-02-05T17:45:09.062568Z",
            "yes_price": 32,
            "no_price": 68,
            "taker_side": "no"
        },
        {
            "trade_id": "f86a6f86-3798-4c92-9d74-8944102feaca",
            "ticker": "HIGHCHI-24FEB06-B46.5",
            "count": 57,
            "created_time": "2024-02-05T17:44:39.285181Z",
            "yes_price": 34,
            "no_price": 66,
            "taker_side": "no"
        },
        {
            "trade_id": "da427b6d-5c86-4a99-a2f0-e341a8896780",
            "ticker": "HIGHCHI-24FEB06-B46.5",
            "count": 116,
            "created_time": "2024-02-05T17:44:39.285181Z",
            "yes_price": 30,
            "no_price": 70,
            "taker_side": "no"
        },
        {
            "trade_id": "7bb3b015-8c78-40c3-965e-e5b058c9a730",
            "ticker": "HIGHCHI-24FEB06-B46.5",
            "count": 116,
            "created_time": "2024-02-05T17:44:39.285181Z",
            "yes_price": 32,
            "no_price": 68,
            "taker_side": "no"
        },
        {
            "trade_id": "f500eb5f-5960-450e-9aff-43710210f372",
            "ticker": "HIGHCHI-24FEB06-B46.5",
            "count": 1,
            "created_time": "2024-02-05T17:30:22.996314Z",
            "yes_price": 34,
            "no_price": 66,
            "taker_side": "no"
        },
        {
            "trade_id": "faf2d8ea-7c2a-4913-abfe-449ac1173601",
            "ticker": "HIGHCHI-24FEB06-B46.5",
            "count": 5,
            "created_time": "2024-02-05T15:14:38.211409Z",
            "yes_price": 34,
            "no_price": 66,
            "taker_side": "no"
        }
    ],
    "HIGHCHI-24FEB06-B48.5": [
        {
            "trade_id": "81bfc3f1-43da-4df3-86c5-a8bb3ce4a648",
            "ticker": "HIGHCHI-24FEB06-B48.5",
            "count": 184,
            "created_time": "2024-02-06T22:26:49.231115Z",
            "yes_price": 1,
            "no_price": 99,
            "taker_side": "no"
        },
        {
            "trade_id": "efc3c063-fc32-44fa-90ca-8c00eb80d1b1",
            "ticker": "HIGHCHI-24FEB06-B48.5",
            "count": 1,
            "created_time": "2024-02-06T22:15:40.859324Z",
            "yes_price": 2,
            "no_price": 98,
            "taker_side": "no"
        },
        {
            "trade_id": "884bc405-097e-497b-a8ad-d98e0a656721",
            "ticker": "HIGHCHI-24FEB06-B48.5",
            "count": 3,
            "created_time": "2024-02-06T21:56:26.411791Z",
            "yes_price": 2,
            "no_price": 98,
            "taker_side": "no"
        },
        {
            "trade_id": "1f7e7a62-6253-480d-a2bf-a59e81d8e2cf",
            "ticker": "HIGHCHI-24FEB06-B48.5",
            "count": 2,
            "created_time": "2024-02-06T21:56:26.411791Z",
            "yes_price": 2,
            "no_price": 98,
            "taker_side": "no"
        },
        {
            "trade_id": "32b9a230-f93c-4097-9ac7-99b62c90e72d",
            "ticker": "HIGHCHI-24FEB06-B48.5",
            "count": 3,
            "created_time": "2024-02-06T16:14:04.508559Z",
            "yes_price": 17,
            "no_price": 83,
            "taker_side": "no"
        },
        {
            "trade_id": "1f33cdf8-d29e-4721-a134-59b7d9ce2806",
            "ticker": "HIGHCHI-24FEB06-B48.5",
            "count": 37,
            "created_time": "2024-02-06T15:57:09.58497Z",
            "yes_price": 17,
            "no_price": 83,
            "taker_side": "no"
        },
        {
            "trade_id": "1abeb180-9505-4c43-bc13-5611e5eac7e6",
            "ticker": "HIGHCHI-24FEB06-B48.5",
            "count": 26,
            "created_time": "2024-02-06T15:57:09.58497Z",
            "yes_price": 19,
            "no_price": 81,
            "taker_side": "no"
        },
        {
            "trade_id": "cd957de3-397e-453d-a827-c643d22c5779",
            "ticker": "HIGHCHI-24FEB06-B48.5",
            "count": 1,
            "created_time": "2024-02-06T14:03:41.04626Z",
            "yes_price": 22,
            "no_price": 78,
            "taker_side": "no"
        },
        {
            "trade_id": "d77230a2-fae7-45f8-b261-c71d2d15c947",
            "ticker": "HIGHCHI-24FEB06-B48.5",
            "count": 81,
            "created_time": "2024-02-06T13:45:52.448979Z",
            "yes_price": 22,
            "no_price": 78,
            "taker_side": "no"
        },
        {
            "trade_id": "98e48d78-9489-4f45-87e7-38e5f98fcd92",
            "ticker": "HIGHCHI-24FEB06-B48.5",
            "count": 40,
            "created_time": "2024-02-06T13:45:52.448979Z",
            "yes_price": 24,
            "no_price": 76,
            "taker_side": "no"
        },
        {
            "trade_id": "9094d2dc-07e6-4b9e-a238-0e0201eb1eb4",
            "ticker": "HIGHCHI-24FEB06-B48.5",
            "count": 3,
            "created_time": "2024-02-05T23:55:47.034344Z",
            "yes_price": 33,
            "no_price": 67,
            "taker_side": "no"
        },
        {
            "trade_id": "dc3435c8-587a-42d5-aba4-10c3fbc81bea",
            "ticker": "HIGHCHI-24FEB06-B48.5",
            "count": 35,
            "created_time": "2024-02-05T21:50:31.609182Z",
            "yes_price": 39,
            "no_price": 61,
            "taker_side": "no"
        },
        {
            "trade_id": "65f28171-d10a-497b-afe1-66f1701a7a02",
            "ticker": "HIGHCHI-24FEB06-B48.5",
            "count": 15,
            "created_time": "2024-02-05T21:50:31.609182Z",
            "yes_price": 37,
            "no_price": 63,
            "taker_side": "no"
        },
        {
            "trade_id": "f5425388-5457-4f5a-bc5b-34b8c82bedf2",
            "ticker": "HIGHCHI-24FEB06-B48.5",
            "count": 5,
            "created_time": "2024-02-05T17:50:44.947916Z",
            "yes_price": 26,
            "no_price": 74,
            "taker_side": "yes"
        },
        {
            "trade_id": "c543e0e8-b93b-41b5-8562-34ae34da5c42",
            "ticker": "HIGHCHI-24FEB06-B48.5",
            "count": 116,
            "created_time": "2024-02-05T17:50:44.947916Z",
            "yes_price": 31,
            "no_price": 69,
            "taker_side": "yes"
        },
        {
            "trade_id": "baac7e6b-ed1b-4a60-969e-2d1f2e893f85",
            "ticker": "HIGHCHI-24FEB06-B48.5",
            "count": 116,
            "created_time": "2024-02-05T17:50:44.947916Z",
            "yes_price": 29,
            "no_price": 71,
            "taker_side": "yes"
        },
        {
            "trade_id": "38e62918-b810-4b66-8b3a-de835ca32b0f",
            "ticker": "HIGHCHI-24FEB06-B48.5",
            "count": 70,
            "created_time": "2024-02-05T17:50:44.947916Z",
            "yes_price": 27,
            "no_price": 73,
            "taker_side": "yes"
        },
        {
            "trade_id": "be2f2564-43a5-44fa-b997-0aa04ab972c2",
            "ticker": "HIGHCHI-24FEB06-B48.5",
            "count": 1,
            "created_time": "2024-02-05T17:30:23.539174Z",
            "yes_price": 17,
            "no_price": 83,
            "taker_side": "no"
        },
        {
            "trade_id": "e02c34b3-701c-4ea4-ab77-507e01e48f7f",
            "ticker": "HIGHCHI-24FEB06-B48.5",
            "count": 49,
            "created_time": "2024-02-05T15:29:38.815885Z",
            "yes_price": 20,
            "no_price": 80,
            "taker_side": "yes"
        },
        {
            "trade_id": "d737e0b8-6c54-4dda-bfa5-7d759315ecca",
            "ticker": "HIGHCHI-24FEB06-B48.5",
            "count": 1,
            "created_time": "2024-02-05T15:29:38.815885Z",
            "yes_price": 20,
            "no_price": 80,
            "taker_side": "yes"
        },
        {
            "trade_id": "e213800a-5f5a-4496-8a0c-de3307293198",
            "ticker": "HIGHCHI-24FEB06-B48.5",
            "count": 40,
            "created_time": "2024-02-05T15:13:09.839476Z",
            "yes_price": 19,
            "no_price": 81,
            "taker_side": "yes"
        },
        {
            "trade_id": "97c85af7-85cd-4611-ae9c-7c92e1e1440c",
            "ticker": "HIGHCHI-24FEB06-B48.5",
            "count": 32,
            "created_time": "2024-02-05T15:13:09.839476Z",
            "yes_price": 17,
            "no_price": 83,
            "taker_side": "yes"
        },
        {
            "trade_id": "32370eb0-3055-4108-bd3c-2c5b600e4d60",
            "ticker": "HIGHCHI-24FEB06-B48.5",
            "count": 40,
            "created_time": "2024-02-05T15:13:09.839476Z",
            "yes_price": 20,
            "no_price": 80,
            "taker_side": "yes"
        }
    ],
    "HIGHCHI-24FEB06-T49": [
        {
            "trade_id": "afd2d35b-118c-4728-9cd1-3ec9a9cf618e",
            "ticker": "HIGHCHI-24FEB06-T49",
            "count": 2,
            "created_time": "2024-02-05T19:37:04.163177Z",
            "yes_price": 11,
            "no_price": 89,
            "taker_side": "no"
        },
        {
            "trade_id": "0dc3e7d0-6564-4d16-85c9-df6fd5017c07",
            "ticker": "HIGHCHI-24FEB06-T49",
            "count": 1,
            "created_time": "2024-02-05T17:30:24.10226Z",
            "yes_price": 11,
            "no_price": 89,
            "taker_side": "no"
        },
        {
            "trade_id": "a9c5cca6-9e5b-4d44-8d84-d4f3e0b39cac",
            "ticker": "HIGHCHI-24FEB06-T49",
            "count": 3,
            "created_time": "2024-02-05T17:00:03.917193Z",
            "yes_price": 11,
            "no_price": 89,
            "taker_side": "no"
        }
    ]
}