{
    "HIGHCHI-24MAR11-T60": [
        {
            "trade_id": "194d0c2b-94d8-4c6d-8b31-9b611fcdfb90",
            "ticker": "HIGHCHI-24MAR11-T60",
            "count": 50,
            "created_time": "2024-03-11T03:49:32.132424Z",
            "yes_price": 1,
            "no_price": 99,
            "taker_side": "no"
        },
        {
            "trade_id": "60c48cb5-9941-45f7-8aa6-a69c4864d540",
            "ticker": "HIGHCHI-24MAR11-T60",
            "count": 30,
            "created_time": "2024-03-11T03:44:56.701549Z",
            "yes_price": 1,
            "no_price": 99,
            "taker_side": "no"
        },
        {
            "trade_id": "be5b7475-ec31-49c1-bccc-a480783c89bb",
            "ticker": "HIGHCHI-24MAR11-T60",
            "count": 1,
            "created_time": "2024-03-11T03:22:26.430818Z",
            "yes_price": 1,
            "no_price": 99,
            "taker_side": "no"
        },
        {
            "trade_id": "4630c376-8c49-4b55-b45c-aefdaf8172ae",
            "ticker": "HIGHCHI-24MAR11-T60",
            "count": 2,
            "created_time": "2024-03-10T22:49:33.575607Z",
            "yes_price": 1,
            "no_price": 99,
            "taker_side": "no"
        },
        {
            "trade_id": "f2ea7c8a-076c-46a9-ad59-8bf6f5b2542a",
            "ticker": "HIGHCHI-24MAR11-T60",
            "count": 10,
            "created_time": "2024-03-10T22:37:01.616836Z",
            "yes_price": 1,
            "no_price": 99,
            "taker_side": "no"
        },
        {
            "trade_id": "b23a0275-24b1-4d02-af79-d2528e6aed58",
            "ticker": "HIGHCHI-24MAR11-T60",
            "count": 40,
            "created_time": "2024-03-10T22:35:57.372068Z",
            "yes_price": 1,
            "no_price": 99,
            "taker_side": "no"
        }
    ],
    "HIGHCHI-24MAR11-B60.5": [
        {
            "trade_id": "f4f3a4d2-dce2-4f08-aca0-38bd5c9912ee",
            "ticker": "HIGHCHI-24MAR11-B60.5",
            "count": 11,
            "created_time": "2024-03-11T14:27:32.03736Z",
            "yes_price": 2,
            "no_price": 98,
            "taker_side": "no"
        },
        {
            "trade_id": "a72c3183-86de-4af3-91e1-bff4a2e96a6a",
            "ticker": "HIGHCHI-24MAR11-B60.5",
            "count": 7,
            "created_time": "2024-03-11T13:42:29.087629Z",
            "yes_price": 14,
            "no_price": 86,
            "taker_side": "yes"
        },
        {
            "trade_id": "92455c27-c3a0-41e0-bd17-4d8eddb42da0",
            "ticker": "HIGHCHI-24MAR11-B60.5",
            "count": 11,
            "created_time": "2024-03-11T13:42:29.087629Z",
            "yes_price": 14,
            "no_price": 86,
            "taker_side": "yes"
        },
        {
            "trade_id": "d9d4be27-11e9-4f84-af5b-c4abfb15e8f9",
            "ticker": "HIGHCHI-24MAR11-B60.5",
            "count": 167,
            "created_time": "2024-03-11T03:57:53.446773Z",
            "yes_price": 6,
            "no_price": 94,
            "taker_side": "no"
        },
        {
            "trade_id": "900bceed-f788-43b7-a5c8-499e57ec6908",
            "ticker": "HIGHCHI-24MAR11-B60.5",
            "count": 50,
            "created_time": "2024-03-11T03:49:32.130904Z",
            "yes_price": 6,
            "no_price": 94,
            "taker_side": "no"
        },
        {
            "trade_id": "511e2c9b-01f5-4a25-a581-743b04fc1164",
            "ticker": "HIGHCHI-24MAR11-B60.5",
            "count": 30,
            "created_time": "2024-03-11T03:44:56.695885Z",
            "yes_price": 6,
            "no_price": 94,
            "taker_side": "no"
        },
        {
            "trade_id": "530fd196-d852-474d-8ae2-88832bfd4662",
            "ticker": "HIGHCHI-24MAR11-B60.5",
            "count": 1,
            "created_time": "2024-03-11T03:22:26.429449Z",
            "yes_price": 6,
            "no_price": 94,
            "taker_side": "no"
        },
        {
            "trade_id": "dee2d5ae-2c76-4119-b704-73acd86bfcdf",
            "ticker": "HIGHCHI-24MAR11-B60.5",
            "count": 2,
            "created_time": "2024-03-10T22:49:33.573889Z",
            "yes_price": 6,
            "no_price": 94,
            "taker_side": "no"
        },
        {
            "trade_id": "2ad31c10-4c39-4430-babb-72dc3bc78539",
            "ticker": "HIGHCHI-24MAR11-B60.5",
            "count": 199,
            "created_time": "2024-03-10T22:47:15.975538Z",
            "yes_price": 9,
            "no_price": 91,
            "taker_side": "no"
        },
        {
            "trade_id": "fde637c6-57c9-49dd-8dc5-a720c2a641b5",
            "ticker": "HIGHCHI-24MAR11-B60.5",
            "count": 10,
            "created_time": "2024-03-10T22:37:01.619041Z",
            "yes_price": 9,
            "no_price": 91,
            "taker_side": "no"
        },
        {
            "trade_id": "2f2ee3b5-10e8-4ee6-befa-72383111e2fe",
            "ticker": "HIGHCHI-24MAR11-B60.5",
            "count": 40,
            "created_time": "2024-03-10T22:35:57.374394Z",
            "yes_price": 9,
            "no_price": 91,
            "taker_side": "no"
        },
        {
            "trade_id": "65e5dcbb-d395-4af3-8064-d7b97da9ef8b",
            "ticker": "HIGHCHI-24MAR11-B60.5",
            "count": 1,
            "created_time": "2024-03-10T17:30:14.687092Z",
            "yes_price": 9,
            "no_price": 91,
            "taker_side": "no"
        }
    ],
    "HIGHCHI-24MAR11-B62.5": [
        {
            "trade_id": "afb4ab50-720c-45be-8112-abeb0a2f7315",
            "ticker": "HIGHCHI-24MAR11-B62.5",
            "count": 93,
            "created_time": "2024-03-12T02:34:03.753008Z",
            "yes_price": 1,
            "no_price": 99,
            "taker_side": "yes"
        },
        {
            "trade_id": "e809a226-10c4-461b-8afa-101be1e7fee1",
            "ticker": "HIGHCHI-24MAR11-B62.5",
            "count": 60,
            "created_time": "2024-03-11T15:02:26.835389Z",
            "yes_price": 10,
            "no_price": 90,
            "taker_side": "no"
        },
        {
            "trade_id": "30a85996-be98-4e9f-95ea-d2ef42e0e5b3",
            "ticker": "HIGHCHI-24MAR11-B62.5",
            "count": 50,
            "created_time": "2024-03-11T14:28:36.883168Z",
            "yes_price": 8,
            "no_price": 92,
            "taker_side": "no"
        },
        {
            "trade_id": "59a90d1a-6d3a-4d74-893d-5d466ec18d71",
            "ticker": "HIGHCHI-24MAR11-B62.5",
            "count": 16,
            "created_time": "2024-03-11T14:28:31.868697Z",
            "yes_price": 8,
            "no_price": 92,
            "taker_side": "no"
        },
        {
            "trade_id": "b36559fd-8dfc-4be5-a5f9-b570e20843fc",
            "ticker": "HIGHCHI-24MAR11-B62.5",
            "count": 83,
            "created_time": "2024-03-11T14:28:17.590011Z",
            "yes_price": 6,
            "no_price": 94,
            "taker_side": "no"
        },
        {
            "trade_id": "2ccdd008-76df-4c51-8c77-9364d743ded9",
            "ticker": "HIGHCHI-24MAR11-B62.5",
            "count": 83,
            "created_time": "2024-03-11T14:28:17.590011Z",
            "yes_price": 7,
            "no_price": 93,
            "taker_side": "no"
        },
        {
            "trade_id": "22421723-ddac-4c5a-8054-e715577b60c8",
            "ticker": "HIGHCHI-24MAR11-B62.5",
            "count": 14,
            "created_time": "2024-03-11T14:27:32.044422Z",
            "yes_price": 7,
            "no_price": 93,
            "taker_side": "no"
        },
        {
            "trade_id": "77475b58-2e99-425b-9456-39157b722f81",
            "ticker": "HIGHCHI-24MAR11-B62.5",
            "count": 50,
            "created_time": "2024-03-11T03:49:32.121993Z",
            "yes_price": 17,
            "no_price": 83,
            "taker_side": "no"
        },
        {
            "trade_id": "314b6a71-4c70-4659-93c1-41f8f367abf2",
            "ticker": "HIGHCHI-24MAR11-B62.5",
            "count": 30,
            "created_time": "2024-03-11T03:44:56.688103Z",
            "yes_price": 18,
            "no_price": 82,
            "taker_side": "no"
        },
        {
            "trade_id": "74546d21-2868-41e4-b9f2-b54fed31effb",
            "ticker": "HIGHCHI-24MAR11-B62.5",
            "count": 1,
            "created_time": "2024-03-11T03:22:26.432971Z",
            "yes_price": 18,
            "no_price": 82,
            "taker_side": "no"
        },
        {
            "trade_id": "a9b30de8-5976-48b2-ab73-eeae411837fc",
            "ticker": "HIGHCHI-24MAR11-B62.5",
            "count": 40,
            "created_time": "2024-03-11T02:52:01.770475Z",
            "yes_price": 23,
            "no_price": 77,
            "taker_side": "yes"
        },
        {
            "trade_id": "75b00393-1a9e-4ae1-8f82-5c9f962b8db9",
            "ticker": "HIGHCHI-24MAR11-B62.5",
            "count": 58,
            "created_time": "2024-03-11T02:52:01.770475Z",
            "yes_price": 25,
            "no_price": 75,
            "taker_side": "yes"
        },
        {
            "trade_id": "fa79a83e-e4ea-422f-9bae-0ad86ce0a6ff",
            "ticker": "HIGHCHI-24MAR11-B62.5",
            "count": 20,
            "created_time": "2024-03-10T23:55:31.604346Z",
            "yes_price": 26,
            "no_price": 74,
            "taker_side": "yes"
        },
        {
            "trade_id": "d1651413-fc4e-4670-9971-868cfa7c5c28",
            "ticker": "HIGHCHI-24MAR11-B62.5",
            "count": 30,
            "created_time": "2024-03-10T23:55:09.900356Z",
            "yes_price": 24,
            "no_price": 76,
            "taker_side": "yes"
        },
        {
            "trade_id": "b4ce0d73-29ae-42d4-bc3c-fb0d28a0fd4c",
            "ticker": "HIGHCHI-24MAR11-B62.5",
            "count": 95,
            "created_time": "2024-03-10T23:55:09.900356Z",
            "yes_price": 26,
            "no_price": 74,
            "taker_side": "yes"
        },
        {
            "trade_id": "e5e91846-b699-450e-814c-eda60a4283e8",
            "ticker": "HIGHCHI-24MAR11-B62.5",
            "count": 2,
            "created_time": "2024-03-10T22:49:33.56307Z",
            "yes_price": 18,
            "no_price": 82,
            "taker_side": "no"
        },
        {
            "trade_id": "2d590d55-c2d2-461a-8ed5-a531adb87972",
            "ticker": "HIGHCHI-24MAR11-B62.5",
            "count": 10,
            "created_time": "2024-03-10T22:37:01.598576Z",
            "yes_price": 20,
            "no_price": 80,
            "taker_side": "no"
        },
        {
            "trade_id": "58d8e62d-c837-402d-a8d3-6064b7af57e4",
            "ticker": "HIGHCHI-24MAR11-B62.5",
            "count": 40,
            "created_time": "2024-03-10T22:35:57.378056Z",
            "yes_price": 22,
            "no_price": 78,
            "taker_side": "no"
        },
        {
            "trade_id": "b78cd03d-c38a-41ec-a3bc-95c2704220c7",
            "ticker": "HIGHCHI-24MAR11-B62.5",
            "count": 1,
            "created_time": "2024-03-10T18:49:39.805654Z",
            "yes_price": 32,
            "no_price": 68,
            "taker_side": "no"
        },
        {
            "trade_id": "95cbb6dd-a44f-4e85-99e9-fb26b6e37514",
            "ticker": "HIGHCHI-24MAR11-B62.5",
            "count": 7,
            "created_time": "2024-03-10T17:58:39.211701Z",
            "yes_price": 28,
            "no_price": 72,
            "taker_side": "yes"
        },
        {
            "trade_id": "3574e2a7-6d6f-4a5b-b778-d95962e5f0f2",
            "ticker": "HIGHCHI-24MAR11-B62.5",
            "count": 1,
            "created_time": "2024-03-10T17:30:15.370436Z",
            "yes_price": 23,
            "no_price": 77,
            "taker_side": "no"
        },
        {
            "trade_id": "f9b171d1-1895-4904-8163-3bd9c50edbe6",
            "ticker": "HIGHCHI-24MAR11-B62.5",
            "count": 40,
            "created_time": "2024-03-10T17:21:27.136206Z",
            "yes_price": 22,
            "no_price": 78,
            "taker_side": "yes"
        },
        {
            "trade_id": "668da36a-0b72-414d-b57a-cdb8f5cdc2e2",
            "ticker": "HIGHCHI-24MAR11-B62.5",
            "count": 100,
            "created_time": "2024-03-10T17:21:27.136206Z",
            "yes_price": 26,
            "no_price": 74,
            "taker_side": "yes"
        },
        {
            "trade_id": "2d1eec50-7d0d-47f5-ba82-3e93b260e4c1",
            "ticker": "HIGHCHI-24MAR11-B62.5",
            "count": 100,
            "created_time": "2024-03-10T17:21:27.136206Z",
            "yes_price": 24,
            "no_price": 76,
            "taker_side": "yes"
        },
        {
            "trade_id": "e13d7a3c-1133-4420-8403-d08b4837c365",
            "ticker": "HIGHCHI-24MAR11-B62.5",
            "count": 40,
            "created_time": "2024-03-10T15:24:33.565766Z",
            "yes_price": 16,
            "no_price": 84,
            "taker_side": "yes"
        },
        {
            "trade_id": "bc121b8c-5d1e-4fae-8b78-39c1a3c065ac",
            "ticker": "HIGHCHI-24MAR11-B62.5",
            "count": 100,
            "created_time": "2024-03-10T15:24:33.565766Z",
            "yes_price": 19,
            "no_price": 81,
            "taker_side": "yes"
        },
        {
            "trade_id": "98fca1a8-1fda-4081-9d57-35ac2f864cd8",
            "ticker": "HIGHCHI-24MAR11-B62.5",
            "count": 100,
            "created_time": "2024-03-10T15:24:33.565766Z",
            "yes_price": 18,
            "no_price": 82,
            "taker_side": "yes"
        },
        {
            "trade_id": "14de1628-8963-4361-b4bb-fa57ccba39ea",
            "ticker": "HIGHCHI-24MAR11-B62.5",
            "count": 1,
            "created_time": "2024-03-10T14:15:53.613029Z",
            "yes_price": 21,
            "no_price": 79,
            "taker_side": "yes"
        },
        {
            "trade_id": "5df6da20-7b8c-40d4-9e2b-8e2c38687dfb",
            "ticker": "HIGHCHI-24MAR11-B62.5",
            "count": 1,
            "created_time": "2024-03-10T14:12:28.79768Z",
            "yes_price": 23,
            "no_price": 77,
            "taker_side": "no"
        }
    ],
    "HIGHCHI-24MAR11-B64.5": [
        {
            "trade_id": "7ef457f9-4545-4c6f-b4e3-d60515f37819",
            "ticker": "HIGHCHI-24MAR11-B64.5",
            "count": 187,
            "created_time": "2024-03-12T02:30:19.355477Z",
            "yes_price": 1,
            "no_price": 99,
            "taker_side": "yes"
        },
        {
            "trade_id": "75aaaa86-3a04-4ccf-ae6d-d45ce33c42e4",
            "ticker": "HIGHCHI-24MAR11-B64.5",
            "count": 1,
            "created_time": "2024-03-11T18:36:11.617914Z",
            "yes_price": 10,
            "no_price": 90,
            "taker_side": "no"
        },
        {
            "trade_id": "fb6c8904-0ad7-4942-a1da-803404cf461b",
            "ticker": "HIGHCHI-24MAR11-B64.5",
            "count": 1,
            "created_time": "2024-03-11T16:54:56.901421Z",
            "yes_price": 32,
            "no_price": 68,
            "taker_side": "no"
        },
        {
            "trade_id": "dfb68600-7917-4c8c-adc1-a5d11ca6946d",
            "ticker": "HIGHCHI-24MAR11-B64.5",
            "count": 6,
            "created_time": "2024-03-11T15:50:21.739477Z",
            "yes_price": 28,
            "no_price": 72,
            "taker_side": "no"
        },
        {
            "trade_id": "5dfbdc79-f495-419f-954c-f39c76c0a041",
            "ticker": "HIGHCHI-24MAR11-B64.5",
            "count": 50,
            "created_time": "2024-03-11T15:50:21.739477Z",
            "yes_price": 31,
            "no_price": 69,
            "taker_side": "no"
        },
        {
            "trade_id": "580891d6-4744-4868-aa2a-7126af12fe19",
            "ticker": "HIGHCHI-24MAR11-B64.5",
            "count": 16,
            "created_time": "2024-03-11T15:50:21.739477Z",
            "yes_price": 33,
            "no_price": 67,
            "taker_side": "no"
        },
        {
            "trade_id": "367eb78e-9243-4a9d-b8aa-75c5b11a5cea",
            "ticker": "HIGHCHI-24MAR11-B64.5",
            "count": 14,
            "created_time": "2024-03-11T14:27:31.989766Z",
            "yes_price": 33,
            "no_price": 67,
            "taker_side": "yes"
        },
        {
            "trade_id": "9bfbdf82-7a23-4797-ae1e-e3b185c6e674",
            "ticker": "HIGHCHI-24MAR11-B64.5",
            "count": 50,
            "created_time": "2024-03-11T03:49:32.138761Z",
            "yes_price": 25,
            "no_price": 75,
            "taker_side": "no"
        },
        {
            "trade_id": "3aeb2694-c4b0-4d82-817a-fc8f395c4444",
            "ticker": "HIGHCHI-24MAR11-B64.5",
            "count": 30,
            "created_time": "2024-03-11T03:44:56.679629Z",
            "yes_price": 26,
            "no_price": 74,
            "taker_side": "no"
        },
        {
            "trade_id": "7763fe10-0034-4275-82c9-88abaa457dea",
            "ticker": "HIGHCHI-24MAR11-B64.5",
            "count": 1,
            "created_time": "2024-03-11T03:22:26.406124Z",
            "yes_price": 26,
            "no_price": 74,
            "taker_side": "no"
        },
        {
            "trade_id": "4ed1cb9f-ce3a-4348-a80b-ab1adfe8f035",
            "ticker": "HIGHCHI-24MAR11-B64.5",
            "count": 40,
            "created_time": "2024-03-11T01:43:10.089627Z",
            "yes_price": 32,
            "no_price": 68,
            "taker_side": "yes"
        },
        {
            "trade_id": "1b068925-0f2c-415e-a297-9b539cbff9b3",
            "ticker": "HIGHCHI-24MAR11-B64.5",
            "count": 32,
            "created_time": "2024-03-11T01:43:10.089627Z",
            "yes_price": 34,
            "no_price": 66,
            "taker_side": "yes"
        },
        {
            "trade_id": "ccf02b14-740a-4796-bd58-e4186e264e99",
            "ticker": "HIGHCHI-24MAR11-B64.5",
            "count": 20,
            "created_time": "2024-03-10T23:55:39.719005Z",
            "yes_price": 33,
            "no_price": 67,
            "taker_side": "yes"
        },
        {
            "trade_id": "4025e3e9-2603-4b35-8e62-8e6acb59877e",
            "ticker": "HIGHCHI-24MAR11-B64.5",
            "count": 100,
            "created_time": "2024-03-10T23:55:39.719005Z",
            "yes_price": 35,
            "no_price": 65,
            "taker_side": "yes"
        },
        {
            "trade_id": "0753a387-a4c4-4941-bc30-fd576480d7ca",
            "ticker": "HIGHCHI-24MAR11-B64.5",
            "count": 2,
            "created_time": "2024-03-10T22:49:33.57746Z",
            "yes_price": 27,
            "no_price": 73,
            "taker_side": "no"
        },
        {
            "trade_id": "7dd05631-e0aa-4c7a-8d58-2f456e09a8c6",
            "ticker": "HIGHCHI-24MAR11-B64.5",
            "count": 14,
            "created_time": "2024-03-10T22:48:39.794735Z",
            "yes_price": 34,
            "no_price": 66,
            "taker_side": "yes"
        },
        {
            "trade_id": "615f8395-6f7d-4b14-87e5-c3e8c4081014",
            "ticker": "HIGHCHI-24MAR11-B64.5",
            "count": 28,
            "created_time": "2024-03-10T22:48:03.227961Z",
            "yes_price": 35,
            "no_price": 65,
            "taker_side": "yes"
        },
        {
            "trade_id": "79cbb8c3-92cb-4623-bfce-dc1a859a33d4",
            "ticker": "HIGHCHI-24MAR11-B64.5",
            "count": 10,
            "created_time": "2024-03-10T22:37:01.608243Z",
            "yes_price": 30,
            "no_price": 70,
            "taker_side": "no"
        },
        {
            "trade_id": "f9bb040c-b394-4f0e-bbae-fd3652f6f278",
            "ticker": "HIGHCHI-24MAR11-B64.5",
            "count": 20,
            "created_time": "2024-03-10T22:35:57.285243Z",
            "yes_price": 36,
            "no_price": 64,
            "taker_side": "yes"
        },
        {
            "trade_id": "4fda9086-090c-4ab2-b081-365304f5afe8",
            "ticker": "HIGHCHI-24MAR11-B64.5",
            "count": 40,
            "created_time": "2024-03-10T22:35:57.285243Z",
            "yes_price": 36,
            "no_price": 64,
            "taker_side": "yes"
        },
        {
            "trade_id": "4bb53132-7d1a-49ac-9a6a-ee01f80bc1d5",
            "ticker": "HIGHCHI-24MAR11-B64.5",
            "count": 100,
            "created_time": "2024-03-10T22:35:57.285243Z",
            "yes_price": 38,
            "no_price": 62,
            "taker_side": "yes"
        },
        {
            "trade_id": "fe2005d5-2d8f-4f76-9afe-ea9d2bdf999b",
            "ticker": "HIGHCHI-24MAR11-B64.5",
            "count": 50,
            "created_time": "2024-03-10T19:29:41.706708Z",
            "yes_price": 33,
            "no_price": 67,
            "taker_side": "yes"
        },
        {
            "trade_id": "86895748-a109-4974-855e-1d525e874e84",
            "ticker": "HIGHCHI-24MAR11-B64.5",
            "count": 100,
            "created_time": "2024-03-10T19:29:41.706708Z",
            "yes_price": 37,
            "no_price": 63,
            "taker_side": "yes"
        },
        {
            "trade_id": "302c6071-60dd-442c-b225-45515c77e93a",
            "ticker": "HIGHCHI-24MAR11-B64.5",
            "count": 100,
            "created_time": "2024-03-10T19:29:41.706708Z",
            "yes_price": 35,
            "no_price": 65,
            "taker_side": "yes"
        },
        {
            "trade_id": "9950d06e-5666-4433-9267-b6c52fd4cbe5",
            "ticker": "HIGHCHI-24MAR11-B64.5",
            "count": 30,
            "created_time": "2024-03-10T19:29:21.313498Z",
            "yes_price": 30,
            "no_price": 70,
            "taker_side": "yes"
        },
        {
            "trade_id": "13a22188-e860-449b-b875-f6e4d8f77660",
            "ticker": "HIGHCHI-24MAR11-B64.5",
            "count": 4,
            "created_time": "2024-03-10T19:29:21.313498Z",
            "yes_price": 34,
            "no_price": 66,
            "taker_side": "yes"
        },
        {
            "trade_id": "07561470-3a54-4794-844f-26615c1c77c2",
            "ticker": "HIGHCHI-24MAR11-B64.5",
            "count": 100,
            "created_time": "2024-03-10T19:29:21.313498Z",
            "yes_price": 32,
            "no_price": 68,
            "taker_side": "yes"
        },
        {
            "trade_id": "da3b8bfc-9f72-42db-bc2a-6c18660811b6",
            "ticker": "HIGHCHI-24MAR11-B64.5",
            "count": 93,
            "created_time": "2024-03-10T19:29:02.652112Z",
            "yes_price": 30,
            "no_price": 70,
            "taker_side": "yes"
        },
        {
            "trade_id": "518b52d8-66eb-4766-832d-68f871d9f1f3",
            "ticker": "HIGHCHI-24MAR11-B64.5",
            "count": 7,
            "created_time": "2024-03-10T19:29:02.652112Z",
            "yes_price": 28,
            "no_price": 72,
            "taker_side": "yes"
        },
        {
            "trade_id": "389a31e9-e2a0-4570-8c1d-9f924c2ac17e",
            "ticker": "HIGHCHI-24MAR11-B64.5",
            "count": 70,
            "created_time": "2024-03-10T19:29:02.652112Z",
            "yes_price": 26,
            "no_price": 74,
            "taker_side": "yes"
        },
        {
            "trade_id": "289346a0-dc8a-4aed-aabb-cf68c7eef75d",
            "ticker": "HIGHCHI-24MAR11-B64.5",
            "count": 100,
            "created_time": "2024-03-10T19:29:02.652112Z",
            "yes_price": 28,
            "no_price": 72,
            "taker_side": "yes"
        },
        {
            "trade_id": "cc5cf2b2-ae33-4993-b3ce-4ca92fcadfd6",
            "ticker": "HIGHCHI-24MAR11-B64.5",
            "count": 100,
            "created_time": "2024-03-10T17:58:23.394389Z",
            "yes_price": 23,
            "no_price": 77,
            "taker_side": "no"
        },
        {
            "trade_id": "0f9b9b67-1c34-40ce-901b-7bc12092a01c",
            "ticker": "HIGHCHI-24MAR11-B64.5",
            "count": 20,
            "created_time": "2024-03-10T17:58:23.394389Z",
            "yes_price": 25,
            "no_price": 75,
            "taker_side": "no"
        },
        {
            "trade_id": "95c4a508-a130-4077-a28b-563407db126d",
            "ticker": "HIGHCHI-24MAR11-B64.5",
            "count": 13,
            "created_time": "2024-03-10T17:22:46.501764Z",
            "yes_price": 23,
            "no_price": 77,
            "taker_side": "no"
        },
        {
            "trade_id": "dd35282f-51be-4260-b3aa-a19d15c13666",
            "ticker": "HIGHCHI-24MAR11-B64.5",
            "count": 50,
            "created_time": "2024-03-10T17:21:44.822839Z",
            "yes_price": 22,
            "no_price": 78,
            "taker_side": "no"
        },
        {
            "trade_id": "640a6061-e173-4dc6-b1e7-d08b8c5cb3dc",
            "ticker": "HIGHCHI-24MAR11-B64.5",
            "count": 10,
            "created_time": "2024-03-10T17:21:44.822839Z",
            "yes_price": 22,
            "no_price": 78,
            "taker_side": "no"
        },
        {
            "trade_id": "c466b0ad-d0e6-4466-9f62-e36783afabf0",
            "ticker": "HIGHCHI-24MAR11-B64.5",
            "count": 1,
            "created_time": "2024-03-10T17:21:09.971682Z",
            "yes_price": 27,
            "no_price": 73,
            "taker_side": "no"
        },
        {
            "trade_id": "abb13016-be12-4dc3-9239-b3603a2a669b",
            "ticker": "HIGHCHI-24MAR11-B64.5",
            "count": 100,
            "created_time": "2024-03-10T17:21:09.971682Z",
            "yes_price": 23,
            "no_price": 77,
            "taker_side": "no"
        },
        {
            "trade_id": "301fefb1-83b4-46b4-b13d-6a63d06024ff",
            "ticker": "HIGHCHI-24MAR11-B64.5",
            "count": 60,
            "created_time": "2024-03-10T17:21:09.971682Z",
            "yes_price": 25,
            "no_price": 75,
            "taker_side": "no"
        },
        {
            "trade_id": "2aa9cdf8-ba77-41fb-95fe-2eba7df49d24",
            "ticker": "HIGHCHI-24MAR11-B64.5",
            "count": 50,
            "created_time": "2024-03-10T17:21:09.971682Z",
            "yes_price": 24,
            "no_price": 76,
            "taker_side": "no"
        }
    ],
    "HIGHCHI-24MAR11-B66.5": [
        {
            "trade_id": "ac7dd6d7-7ed6-4b97-acc1-39de27a93f3f",
            "ticker": "HIGHCHI-24MAR11-B66.5",
            "count": 10,
            "created_time": "2024-03-12T02:19:19.540562Z",
            "yes_price": 1,
            "no_price": 99,
            "taker_side": "yes"
        },
        {
            "trade_id": "cdb1b540-358c-4841-93ec-ecad8229d525",
            "ticker": "HIGHCHI-24MAR11-B66.5",
            "count": 875,
            "created_time": "2024-03-12T02:13:55.543685Z",
            "yes_price": 1,
            "no_price": 99,
            "taker_side": "yes"
        },
        {
            "trade_id": "379259b0-01b8-4662-86e5-57bf2d0a17c9",
            "ticker": "HIGHCHI-24MAR11-B66.5",
            "count": 10,
            "created_time": "2024-03-12T02:13:55.543685Z",
            "yes_price": 1,
            "no_price": 99,
            "taker_side": "yes"
        },
        {
            "trade_id": "1a499411-46d9-43f2-98fa-e9f0d0e7caab",
            "ticker": "HIGHCHI-24MAR11-B66.5",
            "count": 983,
            "created_time": "2024-03-12T02:13:55.543685Z",
            "yes_price": 1,
            "no_price": 99,
            "taker_side": "yes"
        },
        {
            "trade_id": "717d9515-e880-4b7d-918a-93b5a628de4b",
            "ticker": "HIGHCHI-24MAR11-B66.5",
            "count": 1,
            "created_time": "2024-03-11T20:38:02.352198Z",
            "yes_price": 1,
            "no_price": 99,
            "taker_side": "no"
        },
        {
            "trade_id": "6c51f439-b8ae-4a1c-8f2e-6965a55d0fe7",
            "ticker": "HIGHCHI-24MAR11-B66.5",
            "count": 16,
            "created_time": "2024-03-11T20:38:02.352198Z",
            "yes_price": 1,
            "no_price": 99,
            "taker_side": "no"
        },
        {
            "trade_id": "e3fa1852-3a9f-4cf3-a2e9-cba5275d1eb9",
            "ticker": "HIGHCHI-24MAR11-B66.5",
            "count": 16,
            "created_time": "2024-03-11T16:50:33.723555Z",
            "yes_price": 45,
            "no_price": 55,
            "taker_side": "yes"
        },
        {
            "trade_id": "918e1c02-8b11-468b-a9fc-d5e818ede08b",
            "ticker": "HIGHCHI-24MAR11-B66.5",
            "count": 5,
            "created_time": "2024-03-11T16:50:33.723555Z",
            "yes_price": 45,
            "no_price": 55,
            "taker_side": "yes"
        },
        {
            "trade_id": "3e51a530-8c1d-446d-8d99-03c92a107c07",
            "ticker": "HIGHCHI-24MAR11-B66.5",
            "count": 10,
            "created_time": "2024-03-11T16:28:08.133619Z",
            "yes_price": 45,
            "no_price": 55,
            "taker_side": "yes"
        },
        {
            "trade_id": "9b26633d-f9e3-44e1-a16f-5a8bbf839eb4",
            "ticker": "HIGHCHI-24MAR11-B66.5",
            "count": 14,
            "created_time": "2024-03-11T14:27:32.042166Z",
            "yes_price": 47,
            "no_price": 53,
            "taker_side": "no"
        },
        {
            "trade_id": "d7faca70-8078-478e-b090-051ea372eccf",
            "ticker": "HIGHCHI-24MAR11-B66.5",
            "count": 50,
            "created_time": "2024-03-11T03:49:32.049195Z",
            "yes_price": 39,
            "no_price": 61,
            "taker_side": "yes"
        },
        {
            "trade_id": "a88553bb-8b6a-486f-afa7-ea9ca095cb6d",
            "ticker": "HIGHCHI-24MAR11-B66.5",
            "count": 50,
            "created_time": "2024-03-11T03:49:32.049195Z",
            "yes_price": 39,
            "no_price": 61,
            "taker_side": "yes"
        },
        {
            "trade_id": "c90449eb-7740-4cde-a84f-6a58eb2d9240",
            "ticker": "HIGHCHI-24MAR11-B66.5",
            "count": 40,
            "created_time": "2024-03-11T03:45:13.850375Z",
            "yes_price": 38,
            "no_price": 62,
            "taker_side": "yes"
        },
        {
            "trade_id": "dbff6dbf-d5fb-432c-9507-c0f17702d76e",
            "ticker": "HIGHCHI-24MAR11-B66.5",
            "count": 30,
            "created_time": "2024-03-11T03:44:56.60937Z",
            "yes_price": 37,
            "no_price": 63,
            "taker_side": "yes"
        },
        {
            "trade_id": "1a813ac9-fa63-45f5-9daa-7362ddcbe9fe",
            "ticker": "HIGHCHI-24MAR11-B66.5",
            "count": 30,
            "created_time": "2024-03-11T03:44:56.60937Z",
            "yes_price": 37,
            "no_price": 63,
            "taker_side": "yes"
        },
        {
            "trade_id": "907c9f21-ad60-4032-b38a-fef86f4eaa7d",
            "ticker": "HIGHCHI-24MAR11-B66.5",
            "count": 1,
            "created_time": "2024-03-11T03:22:26.338428Z",
            "yes_price": 37,
            "no_price": 63,
            "taker_side": "yes"
        },
        {
            "trade_id": "4e2e75b9-48a9-491a-9c63-7917cb304cb9",
            "ticker": "HIGHCHI-24MAR11-B66.5",
            "count": 50,
            "created_time": "2024-03-11T03:22:26.338428Z",
            "yes_price": 37,
            "no_price": 63,
            "taker_side": "yes"
        },
        {
            "trade_id": "f0e6088a-7b65-4d43-9774-3dd1ba3c5744",
            "ticker": "HIGHCHI-24MAR11-B66.5",
            "count": 2,
            "created_time": "2024-03-11T01:45:18.7665Z",
            "yes_price": 38,
            "no_price": 62,
            "taker_side": "yes"
        },
        {
            "trade_id": "31662bcd-30d9-43fd-b60e-5aa083c1ee49",
            "ticker": "HIGHCHI-24MAR11-B66.5",
            "count": 10,
            "created_time": "2024-03-11T01:25:57.941076Z",
            "yes_price": 38,
            "no_price": 62,
            "taker_side": "yes"
        },
        {
            "trade_id": "130e6c2f-f84a-4ec0-8170-46572ad47f17",
            "ticker": "HIGHCHI-24MAR11-B66.5",
            "count": 40,
            "created_time": "2024-03-11T01:25:41.991047Z",
            "yes_price": 38,
            "no_price": 62,
            "taker_side": "yes"
        },
        {
            "trade_id": "72e4b382-19e9-4aa8-a40f-2e23fd51adda",
            "ticker": "HIGHCHI-24MAR11-B66.5",
            "count": 50,
            "created_time": "2024-03-11T01:25:35.663986Z",
            "yes_price": 37,
            "no_price": 63,
            "taker_side": "yes"
        },
        {
            "trade_id": "16d3e32a-e62b-4580-8346-8d3b899f1f62",
            "ticker": "HIGHCHI-24MAR11-B66.5",
            "count": 50,
            "created_time": "2024-03-11T01:25:30.173903Z",
            "yes_price": 36,
            "no_price": 64,
            "taker_side": "yes"
        },
        {
            "trade_id": "1ee6c810-53a1-477a-aff7-424db6edee53",
            "ticker": "HIGHCHI-24MAR11-B66.5",
            "count": 50,
            "created_time": "2024-03-11T01:25:24.850397Z",
            "yes_price": 35,
            "no_price": 65,
            "taker_side": "yes"
        },
        {
            "trade_id": "c0789b57-91bc-4ab0-93df-6b62705060eb",
            "ticker": "HIGHCHI-24MAR11-B66.5",
            "count": 1,
            "created_time": "2024-03-11T01:25:19.405434Z",
            "yes_price": 34,
            "no_price": 66,
            "taker_side": "yes"
        },
        {
            "trade_id": "87421400-b35d-470f-be04-d5c9d1439712",
            "ticker": "HIGHCHI-24MAR11-B66.5",
            "count": 10,
            "created_time": "2024-03-11T01:25:19.405434Z",
            "yes_price": 34,
            "no_price": 66,
            "taker_side": "yes"
        },
        {
            "trade_id": "c639387a-f2e1-438b-8c88-598a07880a6a",
            "ticker": "HIGHCHI-24MAR11-B66.5",
            "count": 100,
            "created_time": "2024-03-10T23:55:49.911241Z",
            "yes_price": 35,
            "no_price": 65,
            "taker_side": "yes"
        },
        {
            "trade_id": "86bbbe07-732c-4475-bd56-3c8608fe72e1",
            "ticker": "HIGHCHI-24MAR11-B66.5",
            "count": 5,
            "created_time": "2024-03-10T23:55:49.911241Z",
            "yes_price": 34,
            "no_price": 66,
            "taker_side": "yes"
        },
        {
            "trade_id": "3e9e0c7b-1b51-4bb5-bf55-413fdafbcebe",
            "ticker": "HIGHCHI-24MAR11-B66.5",
            "count": 40,
            "created_time": "2024-03-10T23:55:49.911241Z",
            "yes_price": 33,
            "no_price": 67,
            "taker_side": "yes"
        },
        {
            "trade_id": "8df772d7-f95b-452d-97f9-a62c7349a3dc",
            "ticker": "HIGHCHI-24MAR11-B66.5",
            "count": 10,
            "created_time": "2024-03-10T23:04:31.716372Z",
            "yes_price": 34,
            "no_price": 66,
            "taker_side": "yes"
        },
        {
            "trade_id": "bbbb6729-2dc6-4a84-a26e-a8f384efe59b",
            "ticker": "HIGHCHI-24MAR11-B66.5",
            "count": 73,
            "created_time": "2024-03-10T22:49:33.484406Z",
            "yes_price": 34,
            "no_price": 66,
            "taker_side": "yes"
        },
        {
            "trade_id": "3d1c549c-3080-48d8-85f4-c59628639b23",
            "ticker": "HIGHCHI-24MAR11-B66.5",
            "count": 2,
            "created_time": "2024-03-10T22:49:33.484406Z",
            "yes_price": 34,
            "no_price": 66,
            "taker_side": "yes"
        },
        {
            "trade_id": "fc88af54-c427-4d70-b6a7-37efe1cae8c6",
            "ticker": "HIGHCHI-24MAR11-B66.5",
            "count": 36,
            "created_time": "2024-03-10T22:48:49.464629Z",
            "yes_price": 32,
            "no_price": 68,
            "taker_side": "yes"
        },
        {
            "trade_id": "177bb8ea-4730-4820-8618-d99f3c3be93e",
            "ticker": "HIGHCHI-24MAR11-B66.5",
            "count": 36,
            "created_time": "2024-03-10T22:48:30.639511Z",
            "yes_price": 31,
            "no_price": 69,
            "taker_side": "yes"
        },
        {
            "trade_id": "90206f1a-5c69-4827-9836-673549be2e55",
            "ticker": "HIGHCHI-24MAR11-B66.5",
            "count": 28,
            "created_time": "2024-03-10T22:48:20.358048Z",
            "yes_price": 31,
            "no_price": 69,
            "taker_side": "yes"
        },
        {
            "trade_id": "31d2a17c-060e-4b6a-952b-b97e2e916055",
            "ticker": "HIGHCHI-24MAR11-B66.5",
            "count": 7,
            "created_time": "2024-03-10T22:48:20.358048Z",
            "yes_price": 31,
            "no_price": 69,
            "taker_side": "yes"
        },
        {
            "trade_id": "788ae1b2-83f2-43c3-88cb-e2420ef215e0",
            "ticker": "HIGHCHI-24MAR11-B66.5",
            "count": 11,
            "created_time": "2024-03-10T22:48:13.424674Z",
            "yes_price": 30,
            "no_price": 70,
            "taker_side": "yes"
        },
        {
            "trade_id": "626df1e7-4cdb-4359-8c24-480097f59f4c",
            "ticker": "HIGHCHI-24MAR11-B66.5",
            "count": 11,
            "created_time": "2024-03-10T22:47:54.271912Z",
            "yes_price": 30,
            "no_price": 70,
            "taker_side": "yes"
        },
        {
            "trade_id": "94d708ba-6b3b-41c9-93d8-8ad7747ced77",
            "ticker": "HIGHCHI-24MAR11-B66.5",
            "count": 10,
            "created_time": "2024-03-10T22:47:43.031304Z",
            "yes_price": 28,
            "no_price": 72,
            "taker_side": "yes"
        },
        {
            "trade_id": "61dea235-fcd3-4a17-af0f-3b01f7d4c431",
            "ticker": "HIGHCHI-24MAR11-B66.5",
            "count": 56,
            "created_time": "2024-03-10T22:47:43.031304Z",
            "yes_price": 30,
            "no_price": 70,
            "taker_side": "yes"
        },
        {
            "trade_id": "7634d388-dec2-49d0-a126-11b52054d3e4",
            "ticker": "HIGHCHI-24MAR11-B66.5",
            "count": 40,
            "created_time": "2024-03-10T22:37:01.527367Z",
            "yes_price": 30,
            "no_price": 70,
            "taker_side": "yes"
        },
        {
            "trade_id": "6e335297-7ce7-47af-94ea-0f6405a9da7e",
            "ticker": "HIGHCHI-24MAR11-B66.5",
            "count": 10,
            "created_time": "2024-03-10T22:37:01.527367Z",
            "yes_price": 25,
            "no_price": 75,
            "taker_side": "yes"
        },
        {
            "trade_id": "5ba0b021-36a9-4bb3-883f-90492a5e0a96",
            "ticker": "HIGHCHI-24MAR11-B66.5",
            "count": 100,
            "created_time": "2024-03-10T22:37:01.527367Z",
            "yes_price": 28,
            "no_price": 72,
            "taker_side": "yes"
        },
        {
            "trade_id": "42259291-a65a-43d2-ab2e-e9cd7d7624f7",
            "ticker": "HIGHCHI-24MAR11-B66.5",
            "count": 50,
            "created_time": "2024-03-10T22:37:01.527367Z",
            "yes_price": 26,
            "no_price": 74,
            "taker_side": "yes"
        },
        {
            "trade_id": "d7dcd9d6-86ab-478f-9873-0390243c6d8b",
            "ticker": "HIGHCHI-24MAR11-B66.5",
            "count": 100,
            "created_time": "2024-03-10T22:36:35.868817Z",
            "yes_price": 24,
            "no_price": 76,
            "taker_side": "yes"
        },
        {
            "trade_id": "c36f1c16-b5ee-4224-b72b-47fc97abccfd",
            "ticker": "HIGHCHI-24MAR11-B66.5",
            "count": 10,
            "created_time": "2024-03-10T22:36:35.868817Z",
            "yes_price": 22,
            "no_price": 78,
            "taker_side": "yes"
        },
        {
            "trade_id": "9e37a8d7-a9b5-443b-a7c9-4241f061dc13",
            "ticker": "HIGHCHI-24MAR11-B66.5",
            "count": 100,
            "created_time": "2024-03-10T22:36:35.868817Z",
            "yes_price": 26,
            "no_price": 74,
            "taker_side": "yes"
        },
        {
            "trade_id": "67b4698f-e598-41b0-a7f4-1f9834311f6e",
            "ticker": "HIGHCHI-24MAR11-B66.5",
            "count": 40,
            "created_time": "2024-03-10T22:35:57.392741Z",
            "yes_price": 17,
            "no_price": 83,
            "taker_side": "no"
        },
        {
            "trade_id": "ad18170f-be1a-4be5-b8c4-3f25fabe3e96",
            "ticker": "HIGHCHI-24MAR11-B66.5",
            "count": 4,
            "created_time": "2024-03-10T19:33:14.785803Z",
            "yes_price": 22,
            "no_price": 78,
            "taker_side": "yes"
        },
        {
            "trade_id": "eaedc038-6c7b-49fd-bae3-c094a8735bae",
            "ticker": "HIGHCHI-24MAR11-B66.5",
            "count": 100,
            "created_time": "2024-03-10T17:22:01.414039Z",
            "yes_price": 20,
            "no_price": 80,
            "taker_side": "no"
        },
        {
            "trade_id": "e97506a0-7e68-4f79-b264-fccc758c57ef",
            "ticker": "HIGHCHI-24MAR11-B66.5",
            "count": 60,
            "created_time": "2024-03-10T17:22:01.414039Z",
            "yes_price": 22,
            "no_price": 78,
            "taker_side": "no"
        },
        {
            "trade_id": "76f34985-5355-48e6-bb4e-078db78188b2",
            "ticker": "HIGHCHI-24MAR11-B66.5",
            "count": 40,
            "created_time": "2024-03-10T17:20:18.040467Z",
            "yes_price": 22,
            "no_price": 78,
            "taker_side": "no"
        },
        {
            "trade_id": "b87595d6-af0b-4cbc-a4dd-3203a69d9818",
            "ticker": "HIGHCHI-24MAR11-B66.5",
            "count": 100,
            "created_time": "2024-03-10T17:20:05.287439Z",
            "yes_price": 24,
            "no_price": 76,
            "taker_side": "no"
        },
        {
            "trade_id": "6f53afc4-d66a-4258-b3fb-e1c90ad99cc4",
            "ticker": "HIGHCHI-24MAR11-B66.5",
            "count": 100,
            "created_time": "2024-03-10T17:20:05.287439Z",
            "yes_price": 22,
            "no_price": 78,
            "taker_side": "no"
        },
        {
            "trade_id": "6dc4e73b-f263-4441-ab40-2074101f7351",
            "ticker": "HIGHCHI-24MAR11-B66.5",
            "count": 10,
            "created_time": "2024-03-10T17:20:05.287439Z",
            "yes_price": 26,
            "no_price": 74,
            "taker_side": "no"
        }
    ],
    "HIGHCHI-24MAR11-T67": [
        {
            "trade_id": "99ec652e-cada-4f10-95e6-5515e634bc17",
            "ticker": "HIGHCHI-24MAR11-T67",
            "count": 7,
            "created_time": "2024-03-11T20:38:02.608885Z",
            "yes_price": 99,
            "no_price": 1,
            "taker_side": "yes"
        },
        {
            "trade_id": "8584fd68-9c93-47ba-ab30-1b4fefd03a61",
            "ticker": "HIGHCHI-24MAR11-T67",
            "count": 94,
            "created_time": "2024-03-11T20:38:02.608885Z",
            "yes_price": 99,
            "no_price": 1,
            "taker_side": "yes"
        },
        {
            "trade_id": "340ee29d-4bc2-4aa2-95f4-fc0b5d09159a",
            "ticker": "HIGHCHI-24MAR11-T67",
            "count": 101,
            "created_time": "2024-03-11T20:38:02.608885Z",
            "yes_price": 99,
            "no_price": 1,
            "taker_side": "yes"
        },
        {
            "trade_id": "0241ffce-9e69-4ffc-b0c5-a603d1fb5e00",
            "ticker": "HIGHCHI-24MAR11-T67",
            "count": 5,
            "created_time": "2024-03-11T19:34:12.552964Z",
            "yes_price": 25,
            "no_price": 75,
            "taker_side": "no"
        },
        {
            "trade_id": "48944163-8b8d-4ab7-8f84-881b7ff1857c",
            "ticker": "HIGHCHI-24MAR11-T67",
            "count": 7,
            "created_time": "2024-03-11T19:21:37.804579Z",
            "yes_price": 45,
            "no_price": 55,
            "taker_side": "yes"
        },
        {
            "trade_id": "d4480256-2a2f-40dd-b7a7-78da75e505ca",
            "ticker": "HIGHCHI-24MAR11-T67",
            "count": 187,
            "created_time": "2024-03-11T19:12:03.772776Z",
            "yes_price": 21,
            "no_price": 79,
            "taker_side": "no"
        },
        {
            "trade_id": "f03d6002-37c0-4458-8df0-8d7f227f5796",
            "ticker": "HIGHCHI-24MAR11-T67",
            "count": 1,
            "created_time": "2024-03-11T18:59:41.086727Z",
            "yes_price": 21,
            "no_price": 79,
            "taker_side": "no"
        },
        {
            "trade_id": "5748112f-3a2a-4649-b922-09e8822920b9",
            "ticker": "HIGHCHI-24MAR11-T67",
            "count": 94,
            "created_time": "2024-03-11T18:21:45.579351Z",
            "yes_price": 8,
            "no_price": 92,
            "taker_side": "no"
        },
        {
            "trade_id": "135970d3-0981-4d5d-b95b-e94e830ffb34",
            "ticker": "HIGHCHI-24MAR11-T67",
            "count": 100,
            "created_time": "2024-03-11T17:07:30.514328Z",
            "yes_price": 33,
            "no_price": 67,
            "taker_side": "yes"
        },
        {
            "trade_id": "a8508296-fa73-45dc-890e-2e23c670888d",
            "ticker": "HIGHCHI-24MAR11-T67",
            "count": 1,
            "created_time": "2024-03-11T17:01:59.176877Z",
            "yes_price": 24,
            "no_price": 76,
            "taker_side": "yes"
        },
        {
            "trade_id": "ae3b4e31-9e40-4465-8927-cd1e9223b9cb",
            "ticker": "HIGHCHI-24MAR11-T67",
            "count": 62,
            "created_time": "2024-03-11T14:32:32.981515Z",
            "yes_price": 15,
            "no_price": 85,
            "taker_side": "no"
        },
        {
            "trade_id": "94eb6413-ffd8-4c05-bd05-5c09fda659df",
            "ticker": "HIGHCHI-24MAR11-T67",
            "count": 14,
            "created_time": "2024-03-11T14:27:32.043241Z",
            "yes_price": 15,
            "no_price": 85,
            "taker_side": "no"
        },
        {
            "trade_id": "7e3651e8-c5c4-4ed6-bc00-22fa2d2d499a",
            "ticker": "HIGHCHI-24MAR11-T67",
            "count": 91,
            "created_time": "2024-03-11T13:59:23.801003Z",
            "yes_price": 22,
            "no_price": 78,
            "taker_side": "yes"
        },
        {
            "trade_id": "70e623aa-6619-4c20-9931-8704dfff81f1",
            "ticker": "HIGHCHI-24MAR11-T67",
            "count": 68,
            "created_time": "2024-03-11T13:59:23.801003Z",
            "yes_price": 19,
            "no_price": 81,
            "taker_side": "yes"
        },
        {
            "trade_id": "0e698cef-17cf-4f47-8d60-9fed1be0b617",
            "ticker": "HIGHCHI-24MAR11-T67",
            "count": 88,
            "created_time": "2024-03-11T13:59:23.801003Z",
            "yes_price": 21,
            "no_price": 79,
            "taker_side": "yes"
        },
        {
            "trade_id": "b1cb0fbd-dfa8-4c6b-8692-022f22d2ebe6",
            "ticker": "HIGHCHI-24MAR11-T67",
            "count": 23,
            "created_time": "2024-03-11T13:21:23.430725Z",
            "yes_price": 15,
            "no_price": 85,
            "taker_side": "no"
        },
        {
            "trade_id": "4a4f6ba7-ead0-4e94-90dd-122adbbbf45c",
            "ticker": "HIGHCHI-24MAR11-T67",
            "count": 50,
            "created_time": "2024-03-11T03:58:49.634476Z",
            "yes_price": 16,
            "no_price": 84,
            "taker_side": "yes"
        },
        {
            "trade_id": "94d42a75-dd63-4d91-8ee2-c0a33a7197eb",
            "ticker": "HIGHCHI-24MAR11-T67",
            "count": 50,
            "created_time": "2024-03-11T03:49:32.133618Z",
            "yes_price": 12,
            "no_price": 88,
            "taker_side": "no"
        },
        {
            "trade_id": "d385e75d-3b5d-499c-82b5-98c9a48f26cb",
            "ticker": "HIGHCHI-24MAR11-T67",
            "count": 30,
            "created_time": "2024-03-11T03:44:56.697291Z",
            "yes_price": 12,
            "no_price": 88,
            "taker_side": "no"
        },
        {
            "trade_id": "98107e29-3f77-4e44-a3de-147ae864f560",
            "ticker": "HIGHCHI-24MAR11-T67",
            "count": 20,
            "created_time": "2024-03-11T03:44:43.114368Z",
            "yes_price": 16,
            "no_price": 84,
            "taker_side": "yes"
        },
        {
            "trade_id": "e9c5ece1-922b-404f-9baa-034575994ee4",
            "ticker": "HIGHCHI-24MAR11-T67",
            "count": 90,
            "created_time": "2024-03-11T03:41:48.805034Z",
            "yes_price": 16,
            "no_price": 84,
            "taker_side": "yes"
        },
        {
            "trade_id": "d811c145-572b-4b8b-bb06-ce1f9a565f16",
            "ticker": "HIGHCHI-24MAR11-T67",
            "count": 5,
            "created_time": "2024-03-11T03:41:48.805034Z",
            "yes_price": 16,
            "no_price": 84,
            "taker_side": "yes"
        },
        {
            "trade_id": "429b6f4e-2bb4-4b81-9d15-cc98018ad373",
            "ticker": "HIGHCHI-24MAR11-T67",
            "count": 1,
            "created_time": "2024-03-11T03:22:26.425927Z",
            "yes_price": 12,
            "no_price": 88,
            "taker_side": "no"
        },
        {
            "trade_id": "3bd89fd9-a2f7-4779-a698-0dd0e60f9947",
            "ticker": "HIGHCHI-24MAR11-T67",
            "count": 90,
            "created_time": "2024-03-11T03:07:07.999297Z",
            "yes_price": 17,
            "no_price": 83,
            "taker_side": "yes"
        },
        {
            "trade_id": "f7c22a2e-b77d-411d-be79-982f7800b448",
            "ticker": "HIGHCHI-24MAR11-T67",
            "count": 1,
            "created_time": "2024-03-11T03:06:48.84359Z",
            "yes_price": 16,
            "no_price": 84,
            "taker_side": "yes"
        },
        {
            "trade_id": "d4d08c9a-44cf-4290-8e83-08c2062eb148",
            "ticker": "HIGHCHI-24MAR11-T67",
            "count": 10,
            "created_time": "2024-03-11T03:06:48.84359Z",
            "yes_price": 16,
            "no_price": 84,
            "taker_side": "yes"
        },
        {
            "trade_id": "d229a09f-0503-47d3-b453-7bd520e7e6b4",
            "ticker": "HIGHCHI-24MAR11-T67",
            "count": 5,
            "created_time": "2024-03-11T02:35:42.002998Z",
            "yes_price": 17,
            "no_price": 83,
            "taker_side": "yes"
        },
        {
            "trade_id": "5e36f70a-9155-4608-8ade-2c299477d600",
            "ticker": "HIGHCHI-24MAR11-T67",
            "count": 60,
            "created_time": "2024-03-11T01:25:48.969057Z",
            "yes_price": 18,
            "no_price": 82,
            "taker_side": "yes"
        },
        {
            "trade_id": "1393f130-6d0c-44a4-9837-eb528e233aae",
            "ticker": "HIGHCHI-24MAR11-T67",
            "count": 80,
            "created_time": "2024-03-11T01:25:09.418663Z",
            "yes_price": 18,
            "no_price": 82,
            "taker_side": "yes"
        },
        {
            "trade_id": "13eff0ec-365b-44b4-8334-600ea48f35de",
            "ticker": "HIGHCHI-24MAR11-T67",
            "count": 80,
            "created_time": "2024-03-11T01:25:03.392486Z",
            "yes_price": 17,
            "no_price": 83,
            "taker_side": "yes"
        },
        {
            "trade_id": "697228c0-3d19-48a7-a037-f3435dd2913a",
            "ticker": "HIGHCHI-24MAR11-T67",
            "count": 80,
            "created_time": "2024-03-11T01:24:57.128273Z",
            "yes_price": 16,
            "no_price": 84,
            "taker_side": "yes"
        },
        {
            "trade_id": "b992fe45-e275-412e-9c6c-873e2f69b4d6",
            "ticker": "HIGHCHI-24MAR11-T67",
            "count": 100,
            "created_time": "2024-03-11T01:24:50.922696Z",
            "yes_price": 15,
            "no_price": 85,
            "taker_side": "yes"
        },
        {
            "trade_id": "8383f1d3-5d46-49d1-af2a-646185ac101f",
            "ticker": "HIGHCHI-24MAR11-T67",
            "count": 30,
            "created_time": "2024-03-11T01:24:50.922696Z",
            "yes_price": 14,
            "no_price": 86,
            "taker_side": "yes"
        },
        {
            "trade_id": "32a7b63f-a30b-4cd4-b777-f1a4bfa0ea3b",
            "ticker": "HIGHCHI-24MAR11-T67",
            "count": 2,
            "created_time": "2024-03-10T22:49:33.572943Z",
            "yes_price": 15,
            "no_price": 85,
            "taker_side": "no"
        },
        {
            "trade_id": "da32436a-9fe6-4a21-bb95-55fce5e56320",
            "ticker": "HIGHCHI-24MAR11-T67",
            "count": 10,
            "created_time": "2024-03-10T22:37:01.607431Z",
            "yes_price": 15,
            "no_price": 85,
            "taker_side": "no"
        },
        {
            "trade_id": "ccdfbb09-5171-4ff9-b1cd-9d576895f3a5",
            "ticker": "HIGHCHI-24MAR11-T67",
            "count": 40,
            "created_time": "2024-03-10T22:35:57.362949Z",
            "yes_price": 15,
            "no_price": 85,
            "taker_side": "no"
        },
        {
            "trade_id": "3730c8d8-6d4b-4c0c-b35b-fba2ba9e7b34",
            "ticker": "HIGHCHI-24MAR11-T67",
            "count": 13,
            "created_time": "2024-03-10T17:22:19.984998Z",
            "yes_price": 18,
            "no_price": 82,
            "taker_side": "yes"
        },
        {
            "trade_id": "4798c7c9-10d6-4560-a095-bb49a0184a84",
            "ticker": "HIGHCHI-24MAR11-T67",
            "count": 23,
            "created_time": "2024-03-10T17:22:16.132774Z",
            "yes_price": 20,
            "no_price": 80,
            "taker_side": "no"
        },
        {
            "trade_id": "09ed0f68-1a46-4104-93f1-523f68ee2624",
            "ticker": "HIGHCHI-24MAR11-T67",
            "count": 33,
            "created_time": "2024-03-10T17:22:16.132774Z",
            "yes_price": 18,
            "no_price": 82,
            "taker_side": "no"
        },
        {
            "trade_id": "7aaefe4a-3590-4ec6-80c3-30badfeebc7c",
            "ticker": "HIGHCHI-24MAR11-T67",
            "count": 50,
            "created_time": "2024-03-10T17:20:43.775129Z",
            "yes_price": 24,
            "no_price": 76,
            "taker_side": "no"
        },
        {
            "trade_id": "74e59cc0-59d8-4fe4-b631-0539cf8b56f9",
            "ticker": "HIGHCHI-24MAR11-T67",
            "count": 70,
            "created_time": "2024-03-10T17:20:43.775129Z",
            "yes_price": 22,
            "no_price": 78,
            "taker_side": "no"
        },
        {
            "trade_id": "5c4b33e4-3d2a-4471-b4ad-d3718090cb0d",
            "ticker": "HIGHCHI-24MAR11-T67",
            "count": 100,
            "created_time": "2024-03-10T17:20:43.775129Z",
            "yes_price": 20,
            "no_price": 80,
            "taker_side": "no"
        },
        {
            "trade_id": "c1382825-6bd1-4ddb-b25b-ff11d88b160b",
            "ticker": "HIGHCHI-24MAR11-T67",
            "count": 12,
            "created_time": "2024-03-10T14:44:34.259922Z",
            "yes_price": 23,
            "no_price": 77,
            "taker_side": "yes"
        },
        {
            "trade_id": "33f3a78e-0bb4-43cc-8ce5-645d079c914b",
            "ticker": "HIGHCHI-24MAR11-T67",
            "count": 1,
            "created_time": "2024-03-10T14:44:34.259922Z",
            "yes_price": 24,
            "no_price": 76,
            "taker_side": "yes"
        }
    ]
}