{
    "HIGHCHI-24MAY26-T71": [
        {
            "trade_id": "32c735e0-d4c3-47bb-8a74-1ba3b55e9434",
            "ticker": "HIGHCHI-24MAY26-T71",
            "count": 997,
            "created_time": "2024-05-26T22:15:06.565615Z",
            "yes_price": 1,
            "no_price": 99,
            "taker_side": "yes"
        },
        {
            "trade_id": "d6cc00b7-2fa3-40a7-b3dc-f736a180f29e",
            "ticker": "HIGHCHI-24MAY26-T71",
            "count": 1,
            "created_time": "2024-05-26T22:10:34.698507Z",
            "yes_price": 1,
            "no_price": 99,
            "taker_side": "no"
        },
        {
            "trade_id": "b2cd2b9a-2a89-4a6d-b788-d4a2cb9688b1",
            "ticker": "HIGHCHI-24MAY26-T71",
            "count": 1,
            "created_time": "2024-05-26T22:10:34.698507Z",
            "yes_price": 1,
            "no_price": 99,
            "taker_side": "no"
        },
        {
            "trade_id": "98b8ac33-0a18-438a-b5b1-1bc252af1e5b",
            "ticker": "HIGHCHI-24MAY26-T71",
            "count": 1,
            "created_time": "2024-05-26T22:10:34.698507Z",
            "yes_price": 9,
            "no_price": 91,
            "taker_side": "no"
        },
        {
            "trade_id": "fbf4b2ea-d046-4559-bfdb-5a3ea7ae681d",
            "ticker": "HIGHCHI-24MAY26-T71",
            "count": 1,
            "created_time": "2024-05-26T17:19:35.054761Z",
            "yes_price": 3,
            "no_price": 97,
            "taker_side": "no"
        },
        {
            "trade_id": "79d6e154-da55-4bd7-aee2-beded4d5f035",
            "ticker": "HIGHCHI-24MAY26-T71",
            "count": 1,
            "created_time": "2024-05-25T20:47:49.210403Z",
            "yes_price": 1,
            "no_price": 99,
            "taker_side": "no"
        },
        {
            "trade_id": "0dc33f71-06d4-4ffe-b6e6-4d6765df0037",
            "ticker": "HIGHCHI-24MAY26-T71",
            "count": 1,
            "created_time": "2024-05-25T20:47:17.933839Z",
            "yes_price": 1,
            "no_price": 99,
            "taker_side": "no"
        },
        {
            "trade_id": "ed60f7ff-a551-4fa6-891c-e8ee94d96d48",
            "ticker": "HIGHCHI-24MAY26-T71",
            "count": 1,
            "created_time": "2024-05-25T20:46:50.386537Z",
            "yes_price": 13,
            "no_price": 87,
            "taker_side": "yes"
        },
        {
            "trade_id": "d60fd98e-1565-4a02-b79b-4cbeab8f2507",
            "ticker": "HIGHCHI-24MAY26-T71",
            "count": 13,
            "created_time": "2024-05-25T20:46:32.028982Z",
            "yes_price": 5,
            "no_price": 95,
            "taker_side": "yes"
        },
        {
            "trade_id": "d2736a47-4bdb-4769-8445-01c88b0bcc80",
            "ticker": "HIGHCHI-24MAY26-T71",
            "count": 1,
            "created_time": "2024-05-25T20:46:19.176431Z",
            "yes_price": 1,
            "no_price": 99,
            "taker_side": "no"
        },
        {
            "trade_id": "3cad5533-94ec-4b6c-9ac3-1f885981b112",
            "ticker": "HIGHCHI-24MAY26-T71",
            "count": 1,
            "created_time": "2024-05-25T20:46:02.219617Z",
            "yes_price": 1,
            "no_price": 99,
            "taker_side": "no"
        },
        {
            "trade_id": "d6abb992-75fc-402d-9a4b-6cf72a4e292d",
            "ticker": "HIGHCHI-24MAY26-T71",
            "count": 14,
            "created_time": "2024-05-25T20:45:36.115353Z",
            "yes_price": 1,
            "no_price": 99,
            "taker_side": "no"
        },
        {
            "trade_id": "12d25eaf-923b-43e9-a972-92948ba0d579",
            "ticker": "HIGHCHI-24MAY26-T71",
            "count": 1,
            "created_time": "2024-05-25T20:45:18.799306Z",
            "yes_price": 1,
            "no_price": 99,
            "taker_side": "no"
        },
        {
            "trade_id": "3ed6c57b-64d8-43ad-9a7e-31322c737b2d",
            "ticker": "HIGHCHI-24MAY26-T71",
            "count": 30,
            "created_time": "2024-05-25T18:06:20.009578Z",
            "yes_price": 1,
            "no_price": 99,
            "taker_side": "no"
        },
        {
            "trade_id": "307e8986-faba-4628-9007-2e74d19be897",
            "ticker": "HIGHCHI-24MAY26-T71",
            "count": 60,
            "created_time": "2024-05-25T18:05:18.197812Z",
            "yes_price": 1,
            "no_price": 99,
            "taker_side": "no"
        },
        {
            "trade_id": "dd98bff2-1566-40f9-a84f-3f3749ad4f91",
            "ticker": "HIGHCHI-24MAY26-T71",
            "count": 30,
            "created_time": "2024-05-25T18:05:00.178046Z",
            "yes_price": 1,
            "no_price": 99,
            "taker_side": "no"
        },
        {
            "trade_id": "06d3154c-f196-4c3d-a5df-22b1abc07951",
            "ticker": "HIGHCHI-24MAY26-T71",
            "count": 60,
            "created_time": "2024-05-25T18:04:47.546627Z",
            "yes_price": 1,
            "no_price": 99,
            "taker_side": "no"
        },
        {
            "trade_id": "f8b266ae-7815-48fc-9d94-6cb0e1910ce9",
            "ticker": "HIGHCHI-24MAY26-T71",
            "count": 15,
            "created_time": "2024-05-25T18:04:34.848933Z",
            "yes_price": 1,
            "no_price": 99,
            "taker_side": "no"
        },
        {
            "trade_id": "07753ca5-fcde-4f4b-b119-b1f0fce17f54",
            "ticker": "HIGHCHI-24MAY26-T71",
            "count": 38,
            "created_time": "2024-05-25T17:12:21.956317Z",
            "yes_price": 1,
            "no_price": 99,
            "taker_side": "no"
        },
        {
            "trade_id": "91e4d192-3107-48db-a31b-032a811ef2c9",
            "ticker": "HIGHCHI-24MAY26-T71",
            "count": 1,
            "created_time": "2024-05-25T17:12:16.110064Z",
            "yes_price": 1,
            "no_price": 99,
            "taker_side": "no"
        }
    ],
    "HIGHCHI-24MAY26-B71.5": [
        {
            "trade_id": "4055fdbf-a446-4507-82dc-7ecf60393785",
            "ticker": "HIGHCHI-24MAY26-B71.5",
            "count": 120,
            "created_time": "2024-05-26T23:23:36.812537Z",
            "yes_price": 1,
            "no_price": 99,
            "taker_side": "yes"
        },
        {
            "trade_id": "add2dd6d-2799-410f-b0c8-890c4cc3e6c8",
            "ticker": "HIGHCHI-24MAY26-B71.5",
            "count": 200,
            "created_time": "2024-05-26T23:22:38.52012Z",
            "yes_price": 1,
            "no_price": 99,
            "taker_side": "yes"
        },
        {
            "trade_id": "f14e96ba-61d7-4fd5-a2d5-05ec409c168b",
            "ticker": "HIGHCHI-24MAY26-B71.5",
            "count": 400,
            "created_time": "2024-05-26T23:20:35.986992Z",
            "yes_price": 1,
            "no_price": 99,
            "taker_side": "yes"
        },
        {
            "trade_id": "823513be-8b41-48b7-b43c-77bbeb9cb099",
            "ticker": "HIGHCHI-24MAY26-B71.5",
            "count": 500,
            "created_time": "2024-05-26T23:19:36.932095Z",
            "yes_price": 1,
            "no_price": 99,
            "taker_side": "yes"
        },
        {
            "trade_id": "7e607392-b0e2-402a-bd27-defce3cfcaa5",
            "ticker": "HIGHCHI-24MAY26-B71.5",
            "count": 1000,
            "created_time": "2024-05-26T23:16:37.169541Z",
            "yes_price": 1,
            "no_price": 99,
            "taker_side": "yes"
        },
        {
            "trade_id": "e3318d3e-ddae-4990-b737-f725e8ffacfa",
            "ticker": "HIGHCHI-24MAY26-B71.5",
            "count": 1,
            "created_time": "2024-05-26T23:11:12.941711Z",
            "yes_price": 4,
            "no_price": 96,
            "taker_side": "no"
        },
        {
            "trade_id": "a1fc09cb-8cfc-450d-9ec7-a069a04d2e14",
            "ticker": "HIGHCHI-24MAY26-B71.5",
            "count": 500,
            "created_time": "2024-05-26T23:11:12.941711Z",
            "yes_price": 3,
            "no_price": 97,
            "taker_side": "no"
        },
        {
            "trade_id": "b82d393c-69d8-463d-b0ed-88d0a1afa663",
            "ticker": "HIGHCHI-24MAY26-B71.5",
            "count": 13,
            "created_time": "2024-05-26T22:30:32.454314Z",
            "yes_price": 75,
            "no_price": 25,
            "taker_side": "yes"
        },
        {
            "trade_id": "7829023c-b5e5-47e3-822e-a9e3c6fe0ea1",
            "ticker": "HIGHCHI-24MAY26-B71.5",
            "count": 5,
            "created_time": "2024-05-26T21:31:44.918669Z",
            "yes_price": 75,
            "no_price": 25,
            "taker_side": "yes"
        },
        {
            "trade_id": "f1f14856-bf2c-490d-91b2-f3085e98b576",
            "ticker": "HIGHCHI-24MAY26-B71.5",
            "count": 12,
            "created_time": "2024-05-26T16:54:29.849937Z",
            "yes_price": 30,
            "no_price": 70,
            "taker_side": "yes"
        },
        {
            "trade_id": "bf31076f-0b02-4161-a27d-78dcce136a30",
            "ticker": "HIGHCHI-24MAY26-B71.5",
            "count": 2,
            "created_time": "2024-05-26T16:54:29.849937Z",
            "yes_price": 28,
            "no_price": 72,
            "taker_side": "yes"
        },
        {
            "trade_id": "ae59d7ff-2c4b-44fd-9099-635fd1c4ee9b",
            "ticker": "HIGHCHI-24MAY26-B71.5",
            "count": 12,
            "created_time": "2024-05-26T16:54:29.849937Z",
            "yes_price": 32,
            "no_price": 68,
            "taker_side": "yes"
        },
        {
            "trade_id": "9bf2635b-64a3-4cfe-ac1e-8088c899e8d8",
            "ticker": "HIGHCHI-24MAY26-B71.5",
            "count": 10,
            "created_time": "2024-05-26T16:43:44.905047Z",
            "yes_price": 27,
            "no_price": 73,
            "taker_side": "yes"
        },
        {
            "trade_id": "4cab27ec-f80b-4d96-8280-b9a2b92cbe25",
            "ticker": "HIGHCHI-24MAY26-B71.5",
            "count": 27,
            "created_time": "2024-05-26T16:43:44.905047Z",
            "yes_price": 25,
            "no_price": 75,
            "taker_side": "yes"
        },
        {
            "trade_id": "03daedfa-04a9-4a0f-ba37-59d967462679",
            "ticker": "HIGHCHI-24MAY26-B71.5",
            "count": 27,
            "created_time": "2024-05-26T16:36:40.31412Z",
            "yes_price": 24,
            "no_price": 76,
            "taker_side": "yes"
        },
        {
            "trade_id": "ba58362e-1d75-4e94-8620-471e35927755",
            "ticker": "HIGHCHI-24MAY26-B71.5",
            "count": 31,
            "created_time": "2024-05-26T16:36:09.305969Z",
            "yes_price": 24,
            "no_price": 76,
            "taker_side": "yes"
        },
        {
            "trade_id": "6b93ff49-9fd0-4789-8e24-c01f4c705138",
            "ticker": "HIGHCHI-24MAY26-B71.5",
            "count": 22,
            "created_time": "2024-05-26T16:35:12.118355Z",
            "yes_price": 23,
            "no_price": 77,
            "taker_side": "yes"
        },
        {
            "trade_id": "13501a8d-a9a4-42f5-8c40-5d069c312ae0",
            "ticker": "HIGHCHI-24MAY26-B71.5",
            "count": 36,
            "created_time": "2024-05-26T16:35:01.741861Z",
            "yes_price": 22,
            "no_price": 78,
            "taker_side": "yes"
        },
        {
            "trade_id": "eb8dd3e1-840f-4936-85bf-75d7e46fca4c",
            "ticker": "HIGHCHI-24MAY26-B71.5",
            "count": 48,
            "created_time": "2024-05-26T16:22:56.846356Z",
            "yes_price": 23,
            "no_price": 77,
            "taker_side": "yes"
        },
        {
            "trade_id": "9fcf67f6-3b8a-4edf-88e6-e4ee2d7753ef",
            "ticker": "HIGHCHI-24MAY26-B71.5",
            "count": 48,
            "created_time": "2024-05-26T16:22:56.846356Z",
            "yes_price": 24,
            "no_price": 76,
            "taker_side": "yes"
        },
        {
            "trade_id": "5ef0b314-861a-4991-9a09-a66d5a47eede",
            "ticker": "HIGHCHI-24MAY26-B71.5",
            "count": 24,
            "created_time": "2024-05-26T16:22:56.846356Z",
            "yes_price": 21,
            "no_price": 79,
            "taker_side": "yes"
        },
        {
            "trade_id": "df024bd7-b1e6-49b8-9810-f24ead33e7a1",
            "ticker": "HIGHCHI-24MAY26-B71.5",
            "count": 10,
            "created_time": "2024-05-26T16:00:06.41092Z",
            "yes_price": 30,
            "no_price": 70,
            "taker_side": "yes"
        },
        {
            "trade_id": "7ee8e8a9-4090-44bf-8647-998197dbe63a",
            "ticker": "HIGHCHI-24MAY26-B71.5",
            "count": 5,
            "created_time": "2024-05-26T16:00:06.41092Z",
            "yes_price": 25,
            "no_price": 75,
            "taker_side": "yes"
        },
        {
            "trade_id": "63912980-3f6a-43b6-8dfd-6cbf00b2239c",
            "ticker": "HIGHCHI-24MAY26-B71.5",
            "count": 10,
            "created_time": "2024-05-26T16:00:06.41092Z",
            "yes_price": 28,
            "no_price": 72,
            "taker_side": "yes"
        },
        {
            "trade_id": "d89a731c-805f-4027-8c8a-de5c4c0b23fe",
            "ticker": "HIGHCHI-24MAY26-B71.5",
            "count": 22,
            "created_time": "2024-05-26T15:59:36.99328Z",
            "yes_price": 23,
            "no_price": 77,
            "taker_side": "yes"
        },
        {
            "trade_id": "d0914f75-b67c-4b8d-b702-ac8304c3c1e8",
            "ticker": "HIGHCHI-24MAY26-B71.5",
            "count": 22,
            "created_time": "2024-05-26T15:59:36.99328Z",
            "yes_price": 24,
            "no_price": 76,
            "taker_side": "yes"
        },
        {
            "trade_id": "b86080bc-47d3-4cf2-be2f-c2999814237d",
            "ticker": "HIGHCHI-24MAY26-B71.5",
            "count": 1,
            "created_time": "2024-05-26T15:59:36.99328Z",
            "yes_price": 24,
            "no_price": 76,
            "taker_side": "yes"
        },
        {
            "trade_id": "86574f71-2f40-45d4-833f-e82801abd556",
            "ticker": "HIGHCHI-24MAY26-B71.5",
            "count": 15,
            "created_time": "2024-05-26T15:59:36.99328Z",
            "yes_price": 21,
            "no_price": 79,
            "taker_side": "yes"
        },
        {
            "trade_id": "7fa3e358-6b1d-40d3-b923-d9b78ad61820",
            "ticker": "HIGHCHI-24MAY26-B71.5",
            "count": 1,
            "created_time": "2024-05-26T12:00:28.179883Z",
            "yes_price": 15,
            "no_price": 85,
            "taker_side": "no"
        },
        {
            "trade_id": "f76a64b7-2ee3-4c4e-b398-0df0a7bdea86",
            "ticker": "HIGHCHI-24MAY26-B71.5",
            "count": 4,
            "created_time": "2024-05-25T21:00:18.852363Z",
            "yes_price": 16,
            "no_price": 84,
            "taker_side": "yes"
        },
        {
            "trade_id": "36fcb0c2-edd8-463e-8a5e-c49c5d71335b",
            "ticker": "HIGHCHI-24MAY26-B71.5",
            "count": 1,
            "created_time": "2024-05-25T20:47:49.122104Z",
            "yes_price": 15,
            "no_price": 85,
            "taker_side": "yes"
        },
        {
            "trade_id": "e8a0f231-be49-4cfd-a188-8e2f6dc81566",
            "ticker": "HIGHCHI-24MAY26-B71.5",
            "count": 1,
            "created_time": "2024-05-25T20:47:17.852471Z",
            "yes_price": 15,
            "no_price": 85,
            "taker_side": "yes"
        },
        {
            "trade_id": "e72bdc13-822c-4121-9127-d7fa14f1ad49",
            "ticker": "HIGHCHI-24MAY26-B71.5",
            "count": 1,
            "created_time": "2024-05-25T20:46:50.462957Z",
            "yes_price": 6,
            "no_price": 94,
            "taker_side": "no"
        },
        {
            "trade_id": "9f656821-e462-4cc3-959d-e26c2cdcdb06",
            "ticker": "HIGHCHI-24MAY26-B71.5",
            "count": 1,
            "created_time": "2024-05-25T20:46:19.087992Z",
            "yes_price": 15,
            "no_price": 85,
            "taker_side": "yes"
        },
        {
            "trade_id": "f1562f4d-e995-4047-bf13-c63540bf74a3",
            "ticker": "HIGHCHI-24MAY26-B71.5",
            "count": 1,
            "created_time": "2024-05-25T20:46:02.092881Z",
            "yes_price": 15,
            "no_price": 85,
            "taker_side": "yes"
        },
        {
            "trade_id": "cf6a9209-6a5c-43de-89fc-09fcbf4ccf78",
            "ticker": "HIGHCHI-24MAY26-B71.5",
            "count": 14,
            "created_time": "2024-05-25T20:45:36.022729Z",
            "yes_price": 15,
            "no_price": 85,
            "taker_side": "yes"
        },
        {
            "trade_id": "639c8c46-fb91-47b7-af41-fc35ce166680",
            "ticker": "HIGHCHI-24MAY26-B71.5",
            "count": 1,
            "created_time": "2024-05-25T20:45:18.730514Z",
            "yes_price": 15,
            "no_price": 85,
            "taker_side": "yes"
        },
        {
            "trade_id": "ef0f8717-c0a8-495f-9182-18f804e617a4",
            "ticker": "HIGHCHI-24MAY26-B71.5",
            "count": 11,
            "created_time": "2024-05-25T18:58:37.929855Z",
            "yes_price": 8,
            "no_price": 92,
            "taker_side": "yes"
        },
        {
            "trade_id": "57c1c237-8570-469a-abf4-799c518eec30",
            "ticker": "HIGHCHI-24MAY26-B71.5",
            "count": 1,
            "created_time": "2024-05-25T18:58:06.157322Z",
            "yes_price": 7,
            "no_price": 93,
            "taker_side": "yes"
        },
        {
            "trade_id": "9aedac53-9c2f-4e76-8cad-e84f5dd7fc46",
            "ticker": "HIGHCHI-24MAY26-B71.5",
            "count": 30,
            "created_time": "2024-05-25T18:06:20.007833Z",
            "yes_price": 5,
            "no_price": 95,
            "taker_side": "no"
        },
        {
            "trade_id": "8b7c954c-96f1-45a1-920a-c8e9c27536b3",
            "ticker": "HIGHCHI-24MAY26-B71.5",
            "count": 60,
            "created_time": "2024-05-25T18:05:18.200353Z",
            "yes_price": 5,
            "no_price": 95,
            "taker_side": "no"
        },
        {
            "trade_id": "1518088a-4307-4704-9a04-1907f699e038",
            "ticker": "HIGHCHI-24MAY26-B71.5",
            "count": 30,
            "created_time": "2024-05-25T18:05:00.176379Z",
            "yes_price": 5,
            "no_price": 95,
            "taker_side": "no"
        },
        {
            "trade_id": "6f56a115-ded8-4127-83ec-317dee91eb77",
            "ticker": "HIGHCHI-24MAY26-B71.5",
            "count": 60,
            "created_time": "2024-05-25T18:04:47.547993Z",
            "yes_price": 5,
            "no_price": 95,
            "taker_side": "no"
        },
        {
            "trade_id": "4d6b0ff9-02f6-4fa9-9ff2-ba294fdba3bc",
            "ticker": "HIGHCHI-24MAY26-B71.5",
            "count": 15,
            "created_time": "2024-05-25T18:04:34.850262Z",
            "yes_price": 5,
            "no_price": 95,
            "taker_side": "no"
        },
        {
            "trade_id": "3b1a4cc0-5df9-4563-b3f4-1a7cf89ea495",
            "ticker": "HIGHCHI-24MAY26-B71.5",
            "count": 38,
            "created_time": "2024-05-25T17:12:21.955292Z",
            "yes_price": 5,
            "no_price": 95,
            "taker_side": "no"
        }
    ],
    "HIGHCHI-24MAY26-B73.5": [
        {
            "trade_id": "19af3736-f21e-4f2f-8c7f-bf28511c9264",
            "ticker": "HIGHCHI-24MAY26-B73.5",
            "count": 149,
            "created_time": "2024-05-27T02:03:25.430465Z",
            "yes_price": 1,
            "no_price": 99,
            "taker_side": "yes"
        },
        {
            "trade_id": "14fed5e8-d610-4418-aabb-674667b26c1a",
            "ticker": "HIGHCHI-24MAY26-B73.5",
            "count": 217,
            "created_time": "2024-05-26T23:53:31.212005Z",
            "yes_price": 1,
            "no_price": 99,
            "taker_side": "no"
        },
        {
            "trade_id": "2ceb6876-93f1-4a83-a4b5-a3e5b9b81244",
            "ticker": "HIGHCHI-24MAY26-B73.5",
            "count": 16,
            "created_time": "2024-05-26T20:01:58.580594Z",
            "yes_price": 1,
            "no_price": 99,
            "taker_side": "no"
        },
        {
            "trade_id": "bb764807-0cc1-480e-a659-ebbec27ca5db",
            "ticker": "HIGHCHI-24MAY26-B73.5",
            "count": 10,
            "created_time": "2024-05-26T16:00:21.459204Z",
            "yes_price": 43,
            "no_price": 57,
            "taker_side": "no"
        },
        {
            "trade_id": "759d6b84-1c99-49cc-b78e-db97108f4c90",
            "ticker": "HIGHCHI-24MAY26-B73.5",
            "count": 10,
            "created_time": "2024-05-26T16:00:21.459204Z",
            "yes_price": 40,
            "no_price": 60,
            "taker_side": "no"
        },
        {
            "trade_id": "fc58a7db-a460-4e39-a2b2-afd1cad8af74",
            "ticker": "HIGHCHI-24MAY26-B73.5",
            "count": 1,
            "created_time": "2024-05-26T15:58:08.296938Z",
            "yes_price": 26,
            "no_price": 74,
            "taker_side": "no"
        },
        {
            "trade_id": "bb9330c1-51d3-4b8f-916c-c3871687bc60",
            "ticker": "HIGHCHI-24MAY26-B73.5",
            "count": 12,
            "created_time": "2024-05-26T15:58:08.296938Z",
            "yes_price": 5,
            "no_price": 95,
            "taker_side": "no"
        },
        {
            "trade_id": "4dd64062-2b03-4943-8bd7-7229ef736cd2",
            "ticker": "HIGHCHI-24MAY26-B73.5",
            "count": 67,
            "created_time": "2024-05-26T15:58:08.296938Z",
            "yes_price": 46,
            "no_price": 54,
            "taker_side": "no"
        },
        {
            "trade_id": "2135c441-c261-44a4-b489-fbfd85fdefc7",
            "ticker": "HIGHCHI-24MAY26-B73.5",
            "count": 2,
            "created_time": "2024-05-26T15:58:08.296938Z",
            "yes_price": 53,
            "no_price": 47,
            "taker_side": "no"
        },
        {
            "trade_id": "089e30d9-6183-4cce-97e1-a7a68d5e47b3",
            "ticker": "HIGHCHI-24MAY26-B73.5",
            "count": 67,
            "created_time": "2024-05-26T15:58:08.296938Z",
            "yes_price": 43,
            "no_price": 57,
            "taker_side": "no"
        },
        {
            "trade_id": "93290a38-5cf7-4809-a333-92acd24ba315",
            "ticker": "HIGHCHI-24MAY26-B73.5",
            "count": 15,
            "created_time": "2024-05-26T15:53:15.639314Z",
            "yes_price": 47,
            "no_price": 53,
            "taker_side": "yes"
        },
        {
            "trade_id": "c50c50d5-e15e-40f4-833b-6349b120757c",
            "ticker": "HIGHCHI-24MAY26-B73.5",
            "count": 75,
            "created_time": "2024-05-26T15:53:04.957596Z",
            "yes_price": 49,
            "no_price": 51,
            "taker_side": "no"
        },
        {
            "trade_id": "0a66fd91-0574-4bbe-b67f-0f9dbe7cd331",
            "ticker": "HIGHCHI-24MAY26-B73.5",
            "count": 75,
            "created_time": "2024-05-26T15:53:04.957596Z",
            "yes_price": 52,
            "no_price": 48,
            "taker_side": "no"
        },
        {
            "trade_id": "35eebcf4-4f7a-4a6b-9d90-b59933defaaa",
            "ticker": "HIGHCHI-24MAY26-B73.5",
            "count": 2,
            "created_time": "2024-05-26T14:47:42.753719Z",
            "yes_price": 33,
            "no_price": 67,
            "taker_side": "no"
        },
        {
            "trade_id": "fd8aaffa-8133-44a7-9b7e-a70a0bac5c02",
            "ticker": "HIGHCHI-24MAY26-B73.5",
            "count": 105,
            "created_time": "2024-05-26T13:13:22.421754Z",
            "yes_price": 32,
            "no_price": 68,
            "taker_side": "yes"
        },
        {
            "trade_id": "76712707-137e-4a68-b965-7be4e785264b",
            "ticker": "HIGHCHI-24MAY26-B73.5",
            "count": 59,
            "created_time": "2024-05-26T13:13:22.421754Z",
            "yes_price": 28,
            "no_price": 72,
            "taker_side": "yes"
        },
        {
            "trade_id": "2b1dcf8e-5185-42bb-acfc-74eb3e7d7fb2",
            "ticker": "HIGHCHI-24MAY26-B73.5",
            "count": 150,
            "created_time": "2024-05-26T13:13:22.421754Z",
            "yes_price": 30,
            "no_price": 70,
            "taker_side": "yes"
        },
        {
            "trade_id": "90ce27f4-ff51-40af-b12f-a3a105218a2f",
            "ticker": "HIGHCHI-24MAY26-B73.5",
            "count": 2,
            "created_time": "2024-05-26T12:40:12.962423Z",
            "yes_price": 29,
            "no_price": 71,
            "taker_side": "yes"
        },
        {
            "trade_id": "310ce331-8449-45cd-92e2-e5d2078501b6",
            "ticker": "HIGHCHI-24MAY26-B73.5",
            "count": 15,
            "created_time": "2024-05-26T12:40:12.962423Z",
            "yes_price": 27,
            "no_price": 73,
            "taker_side": "yes"
        },
        {
            "trade_id": "523e77c7-ecbd-4736-b57b-2c5ecd0f28f9",
            "ticker": "HIGHCHI-24MAY26-B73.5",
            "count": 6,
            "created_time": "2024-05-26T12:07:55.338954Z",
            "yes_price": 27,
            "no_price": 73,
            "taker_side": "yes"
        },
        {
            "trade_id": "0eb0e693-c72d-4daf-881e-f6ef41ce120b",
            "ticker": "HIGHCHI-24MAY26-B73.5",
            "count": 1,
            "created_time": "2024-05-26T12:07:55.338954Z",
            "yes_price": 26,
            "no_price": 74,
            "taker_side": "yes"
        },
        {
            "trade_id": "c0ec6497-f1e5-4737-8eb0-5582bb8b0b17",
            "ticker": "HIGHCHI-24MAY26-B73.5",
            "count": 1,
            "created_time": "2024-05-26T12:00:28.179172Z",
            "yes_price": 24,
            "no_price": 76,
            "taker_side": "no"
        },
        {
            "trade_id": "4176435e-ebf4-4ec3-86c7-43c2e4b2d6f1",
            "ticker": "HIGHCHI-24MAY26-B73.5",
            "count": 1,
            "created_time": "2024-05-25T20:47:49.18607Z",
            "yes_price": 16,
            "no_price": 84,
            "taker_side": "no"
        },
        {
            "trade_id": "c1add5b3-35cb-4323-92ce-c65bb083d512",
            "ticker": "HIGHCHI-24MAY26-B73.5",
            "count": 1,
            "created_time": "2024-05-25T20:47:36.141069Z",
            "yes_price": 19,
            "no_price": 81,
            "taker_side": "yes"
        },
        {
            "trade_id": "66425b5d-769c-4413-9003-1e11bb989b3a",
            "ticker": "HIGHCHI-24MAY26-B73.5",
            "count": 1,
            "created_time": "2024-05-25T20:47:17.944682Z",
            "yes_price": 16,
            "no_price": 84,
            "taker_side": "no"
        },
        {
            "trade_id": "5de8563a-0bdb-4baa-91c8-c2e2157d1ae9",
            "ticker": "HIGHCHI-24MAY26-B73.5",
            "count": 1,
            "created_time": "2024-05-25T20:46:50.463504Z",
            "yes_price": 16,
            "no_price": 84,
            "taker_side": "no"
        },
        {
            "trade_id": "cf09e2eb-988d-4107-9c4d-8b8701a2a99d",
            "ticker": "HIGHCHI-24MAY26-B73.5",
            "count": 1,
            "created_time": "2024-05-25T20:46:19.159032Z",
            "yes_price": 16,
            "no_price": 84,
            "taker_side": "no"
        },
        {
            "trade_id": "62e68273-b00e-4e36-838d-5f19c992a5be",
            "ticker": "HIGHCHI-24MAY26-B73.5",
            "count": 1,
            "created_time": "2024-05-25T20:46:02.173031Z",
            "yes_price": 16,
            "no_price": 84,
            "taker_side": "no"
        },
        {
            "trade_id": "1c70bc8d-ecd3-4c76-b183-bd2f316adab5",
            "ticker": "HIGHCHI-24MAY26-B73.5",
            "count": 14,
            "created_time": "2024-05-25T20:45:36.093746Z",
            "yes_price": 16,
            "no_price": 84,
            "taker_side": "no"
        },
        {
            "trade_id": "270d337b-1af4-4f6f-8693-a41a401c6ab7",
            "ticker": "HIGHCHI-24MAY26-B73.5",
            "count": 1,
            "created_time": "2024-05-25T20:45:18.81466Z",
            "yes_price": 17,
            "no_price": 83,
            "taker_side": "no"
        },
        {
            "trade_id": "696195a7-73fb-4176-a50e-102cdfec4e29",
            "ticker": "HIGHCHI-24MAY26-B73.5",
            "count": 15,
            "created_time": "2024-05-25T20:45:00.266243Z",
            "yes_price": 18,
            "no_price": 82,
            "taker_side": "yes"
        },
        {
            "trade_id": "3d73c19d-c623-4ac7-92a5-c0aef3a2b5cd",
            "ticker": "HIGHCHI-24MAY26-B73.5",
            "count": 45,
            "created_time": "2024-05-25T19:22:16.702721Z",
            "yes_price": 19,
            "no_price": 81,
            "taker_side": "yes"
        },
        {
            "trade_id": "c6b28a89-528d-413f-ae6b-5162722d591c",
            "ticker": "HIGHCHI-24MAY26-B73.5",
            "count": 1,
            "created_time": "2024-05-25T18:57:33.875639Z",
            "yes_price": 18,
            "no_price": 82,
            "taker_side": "yes"
        },
        {
            "trade_id": "2914ca3c-96c5-44b8-b900-278da696675c",
            "ticker": "HIGHCHI-24MAY26-B73.5",
            "count": 74,
            "created_time": "2024-05-25T18:33:47.658146Z",
            "yes_price": 18,
            "no_price": 82,
            "taker_side": "yes"
        },
        {
            "trade_id": "7e4d2752-15e0-4a65-adae-75cdabc6b86f",
            "ticker": "HIGHCHI-24MAY26-B73.5",
            "count": 6,
            "created_time": "2024-05-25T18:18:49.35359Z",
            "yes_price": 18,
            "no_price": 82,
            "taker_side": "yes"
        },
        {
            "trade_id": "f1302e51-39b3-43a6-9fea-6445029cc595",
            "ticker": "HIGHCHI-24MAY26-B73.5",
            "count": 40,
            "created_time": "2024-05-25T18:18:05.586795Z",
            "yes_price": 18,
            "no_price": 82,
            "taker_side": "yes"
        },
        {
            "trade_id": "dddf50cb-6c9a-435d-abf6-3f66bc3594ec",
            "ticker": "HIGHCHI-24MAY26-B73.5",
            "count": 90,
            "created_time": "2024-05-25T18:13:38.194886Z",
            "yes_price": 17,
            "no_price": 83,
            "taker_side": "yes"
        },
        {
            "trade_id": "cb35bac8-6c0e-44d9-ae91-a67950fb77a5",
            "ticker": "HIGHCHI-24MAY26-B73.5",
            "count": 45,
            "created_time": "2024-05-25T18:08:53.44706Z",
            "yes_price": 16,
            "no_price": 84,
            "taker_side": "yes"
        },
        {
            "trade_id": "9a7e3728-f964-4c1d-9e09-8847cecbc5fe",
            "ticker": "HIGHCHI-24MAY26-B73.5",
            "count": 150,
            "created_time": "2024-05-25T18:08:29.980226Z",
            "yes_price": 15,
            "no_price": 85,
            "taker_side": "no"
        },
        {
            "trade_id": "1199bf25-d231-40e6-8001-325529d34a22",
            "ticker": "HIGHCHI-24MAY26-B73.5",
            "count": 14,
            "created_time": "2024-05-25T18:08:29.949611Z",
            "yes_price": 15,
            "no_price": 85,
            "taker_side": "no"
        },
        {
            "trade_id": "07a3395f-f064-48f5-a800-c594c3c33209",
            "ticker": "HIGHCHI-24MAY26-B73.5",
            "count": 106,
            "created_time": "2024-05-25T18:08:29.949611Z",
            "yes_price": 16,
            "no_price": 84,
            "taker_side": "no"
        },
        {
            "trade_id": "a8c5fa1d-d926-4e89-ac03-a62cd8a4d8fa",
            "ticker": "HIGHCHI-24MAY26-B73.5",
            "count": 83,
            "created_time": "2024-05-25T18:08:29.920975Z",
            "yes_price": 20,
            "no_price": 80,
            "taker_side": "no"
        },
        {
            "trade_id": "5115c556-c2ac-4c5a-ac78-118550c6d925",
            "ticker": "HIGHCHI-24MAY26-B73.5",
            "count": 66,
            "created_time": "2024-05-25T18:08:29.920975Z",
            "yes_price": 16,
            "no_price": 84,
            "taker_side": "no"
        },
        {
            "trade_id": "11834075-2bd5-4987-83d4-e9eb8d5b3d4f",
            "ticker": "HIGHCHI-24MAY26-B73.5",
            "count": 1,
            "created_time": "2024-05-25T18:08:29.920975Z",
            "yes_price": 20,
            "no_price": 80,
            "taker_side": "no"
        },
        {
            "trade_id": "ece991db-d4ed-479c-8d81-363cfd2057e6",
            "ticker": "HIGHCHI-24MAY26-B73.5",
            "count": 30,
            "created_time": "2024-05-25T18:06:20.009097Z",
            "yes_price": 20,
            "no_price": 80,
            "taker_side": "no"
        },
        {
            "trade_id": "a28d7f81-60da-4f01-b0f6-dd251e635197",
            "ticker": "HIGHCHI-24MAY26-B73.5",
            "count": 60,
            "created_time": "2024-05-25T18:05:18.171785Z",
            "yes_price": 16,
            "no_price": 84,
            "taker_side": "no"
        },
        {
            "trade_id": "8c010dbb-a8d0-4770-b2bf-540c1176b6a9",
            "ticker": "HIGHCHI-24MAY26-B73.5",
            "count": 30,
            "created_time": "2024-05-25T18:05:00.193575Z",
            "yes_price": 16,
            "no_price": 84,
            "taker_side": "no"
        },
        {
            "trade_id": "ed64a183-c36a-47a2-a480-81d4c34c4301",
            "ticker": "HIGHCHI-24MAY26-B73.5",
            "count": 60,
            "created_time": "2024-05-25T18:04:47.469528Z",
            "yes_price": 21,
            "no_price": 79,
            "taker_side": "yes"
        },
        {
            "trade_id": "7431e45c-9fda-4f3a-bd7a-f4d98a013ee0",
            "ticker": "HIGHCHI-24MAY26-B73.5",
            "count": 1,
            "created_time": "2024-05-25T18:04:47.469528Z",
            "yes_price": 21,
            "no_price": 79,
            "taker_side": "yes"
        },
        {
            "trade_id": "25bf5407-2436-4f32-b698-a5f59142c982",
            "ticker": "HIGHCHI-24MAY26-B73.5",
            "count": 15,
            "created_time": "2024-05-25T18:04:34.754942Z",
            "yes_price": 20,
            "no_price": 80,
            "taker_side": "yes"
        },
        {
            "trade_id": "180d4fcf-ec26-4e70-a451-52a3e6a09ba7",
            "ticker": "HIGHCHI-24MAY26-B73.5",
            "count": 38,
            "created_time": "2024-05-25T17:12:21.954128Z",
            "yes_price": 16,
            "no_price": 84,
            "taker_side": "no"
        },
        {
            "trade_id": "ad8d0167-953d-4a07-8ad9-ae02b2951e3a",
            "ticker": "HIGHCHI-24MAY26-B73.5",
            "count": 11,
            "created_time": "2024-05-25T14:43:43.921905Z",
            "yes_price": 13,
            "no_price": 87,
            "taker_side": "yes"
        }
    ],
    "HIGHCHI-24MAY26-B75.5": [
        {
            "trade_id": "178cfec4-e2f1-4533-b815-78b413dde48f",
            "ticker": "HIGHCHI-24MAY26-B75.5",
            "count": 37,
            "created_time": "2024-05-26T16:54:13.417279Z",
            "yes_price": 19,
            "no_price": 81,
            "taker_side": "no"
        },
        {
            "trade_id": "0e9f71c3-f8db-475c-b343-0084bf3ed43a",
            "ticker": "HIGHCHI-24MAY26-B75.5",
            "count": 7,
            "created_time": "2024-05-26T16:54:13.417279Z",
            "yes_price": 21,
            "no_price": 79,
            "taker_side": "no"
        },
        {
            "trade_id": "af1ab3f5-384e-4656-a85b-999e49c3ae65",
            "ticker": "HIGHCHI-24MAY26-B75.5",
            "count": 45,
            "created_time": "2024-05-26T16:53:59.207982Z",
            "yes_price": 22,
            "no_price": 78,
            "taker_side": "no"
        },
        {
            "trade_id": "ee187495-3895-455e-856d-221ac2857fa3",
            "ticker": "HIGHCHI-24MAY26-B75.5",
            "count": 18,
            "created_time": "2024-05-26T16:53:53.983141Z",
            "yes_price": 26,
            "no_price": 74,
            "taker_side": "no"
        },
        {
            "trade_id": "ed030173-4596-4e30-9e8b-a117d354b843",
            "ticker": "HIGHCHI-24MAY26-B75.5",
            "count": 1,
            "created_time": "2024-05-26T16:53:53.983141Z",
            "yes_price": 27,
            "no_price": 73,
            "taker_side": "no"
        },
        {
            "trade_id": "0fb401d4-ebae-441c-ac43-247f19afd636",
            "ticker": "HIGHCHI-24MAY26-B75.5",
            "count": 45,
            "created_time": "2024-05-26T16:53:53.983141Z",
            "yes_price": 24,
            "no_price": 76,
            "taker_side": "no"
        },
        {
            "trade_id": "c0972497-da76-4251-9af4-823bf9178bc0",
            "ticker": "HIGHCHI-24MAY26-B75.5",
            "count": 10,
            "created_time": "2024-05-26T16:00:30.561572Z",
            "yes_price": 16,
            "no_price": 84,
            "taker_side": "no"
        },
        {
            "trade_id": "47645064-7a52-4992-b733-92038c9af146",
            "ticker": "HIGHCHI-24MAY26-B75.5",
            "count": 10,
            "created_time": "2024-05-26T16:00:30.561572Z",
            "yes_price": 17,
            "no_price": 83,
            "taker_side": "no"
        },
        {
            "trade_id": "a8cc5e5d-137b-4557-acf3-4665f11fcb57",
            "ticker": "HIGHCHI-24MAY26-B75.5",
            "count": 22,
            "created_time": "2024-05-26T15:59:45.714396Z",
            "yes_price": 18,
            "no_price": 82,
            "taker_side": "no"
        },
        {
            "trade_id": "a19308b7-88fd-4a8f-b08c-7cca9534ffb4",
            "ticker": "HIGHCHI-24MAY26-B75.5",
            "count": 11,
            "created_time": "2024-05-26T15:59:45.714396Z",
            "yes_price": 22,
            "no_price": 78,
            "taker_side": "no"
        },
        {
            "trade_id": "1a4ea815-c4ee-4029-bf53-a7d3eb47c76d",
            "ticker": "HIGHCHI-24MAY26-B75.5",
            "count": 22,
            "created_time": "2024-05-26T15:59:45.714396Z",
            "yes_price": 20,
            "no_price": 80,
            "taker_side": "no"
        },
        {
            "trade_id": "9696f39e-c2fd-47e8-bdcb-d7ed9188fabb",
            "ticker": "HIGHCHI-24MAY26-B75.5",
            "count": 22,
            "created_time": "2024-05-26T15:59:32.071794Z",
            "yes_price": 22,
            "no_price": 78,
            "taker_side": "no"
        },
        {
            "trade_id": "53bd09ea-2fc6-4aaf-9e3f-e227dc9e44c1",
            "ticker": "HIGHCHI-24MAY26-B75.5",
            "count": 20,
            "created_time": "2024-05-26T15:59:32.071794Z",
            "yes_price": 24,
            "no_price": 76,
            "taker_side": "no"
        },
        {
            "trade_id": "0ce222b4-0057-4b82-9ae9-473bfb1023a2",
            "ticker": "HIGHCHI-24MAY26-B75.5",
            "count": 13,
            "created_time": "2024-05-26T15:59:32.071794Z",
            "yes_price": 26,
            "no_price": 74,
            "taker_side": "no"
        },
        {
            "trade_id": "ec1b93ae-7779-4075-a227-6ba76a57191d",
            "ticker": "HIGHCHI-24MAY26-B75.5",
            "count": 13,
            "created_time": "2024-05-26T15:57:58.384417Z",
            "yes_price": 27,
            "no_price": 73,
            "taker_side": "yes"
        },
        {
            "trade_id": "89c3eeac-c0f8-4c7d-8554-e89cc38aa530",
            "ticker": "HIGHCHI-24MAY26-B75.5",
            "count": 1,
            "created_time": "2024-05-26T15:57:58.384417Z",
            "yes_price": 27,
            "no_price": 73,
            "taker_side": "yes"
        },
        {
            "trade_id": "7f7f5f8d-1820-43ea-b5cc-6c6405116bdf",
            "ticker": "HIGHCHI-24MAY26-B75.5",
            "count": 49,
            "created_time": "2024-05-26T15:57:58.384417Z",
            "yes_price": 31,
            "no_price": 69,
            "taker_side": "yes"
        },
        {
            "trade_id": "404b42ce-3c9b-4e6b-a96f-d30772c57cb2",
            "ticker": "HIGHCHI-24MAY26-B75.5",
            "count": 67,
            "created_time": "2024-05-26T15:57:58.384417Z",
            "yes_price": 29,
            "no_price": 71,
            "taker_side": "yes"
        },
        {
            "trade_id": "41d5c9d4-c83b-44d2-acc5-c0bcdeca36a2",
            "ticker": "HIGHCHI-24MAY26-B75.5",
            "count": 45,
            "created_time": "2024-05-26T15:53:57.569911Z",
            "yes_price": 22,
            "no_price": 78,
            "taker_side": "no"
        },
        {
            "trade_id": "b46e34d4-e83d-4cd1-b368-30d9d72e87da",
            "ticker": "HIGHCHI-24MAY26-B75.5",
            "count": 75,
            "created_time": "2024-05-26T15:52:53.504213Z",
            "yes_price": 20,
            "no_price": 80,
            "taker_side": "no"
        },
        {
            "trade_id": "504b715b-8445-40be-9a3f-5d5d9809f727",
            "ticker": "HIGHCHI-24MAY26-B75.5",
            "count": 52,
            "created_time": "2024-05-26T15:52:53.504213Z",
            "yes_price": 22,
            "no_price": 78,
            "taker_side": "no"
        },
        {
            "trade_id": "b48a302b-cfe1-4dd5-93ad-6a6b6f651141",
            "ticker": "HIGHCHI-24MAY26-B75.5",
            "count": 7,
            "created_time": "2024-05-26T15:52:31.05681Z",
            "yes_price": 23,
            "no_price": 77,
            "taker_side": "no"
        },
        {
            "trade_id": "c65f0491-3b17-42c4-8669-1c356e129a53",
            "ticker": "HIGHCHI-24MAY26-B75.5",
            "count": 90,
            "created_time": "2024-05-26T15:30:56.920622Z",
            "yes_price": 28,
            "no_price": 72,
            "taker_side": "no"
        },
        {
            "trade_id": "67e63354-29bf-4285-9790-2c69103ff194",
            "ticker": "HIGHCHI-24MAY26-B75.5",
            "count": 3,
            "created_time": "2024-05-26T15:30:56.920622Z",
            "yes_price": 26,
            "no_price": 74,
            "taker_side": "no"
        },
        {
            "trade_id": "331387b8-2285-40d6-8601-d6b8d5adbd49",
            "ticker": "HIGHCHI-24MAY26-B75.5",
            "count": 36,
            "created_time": "2024-05-26T15:30:56.920622Z",
            "yes_price": 30,
            "no_price": 70,
            "taker_side": "no"
        },
        {
            "trade_id": "07dc0176-f298-46c3-a096-0c4b60a74dc2",
            "ticker": "HIGHCHI-24MAY26-B75.5",
            "count": 1,
            "created_time": "2024-05-26T15:30:56.920622Z",
            "yes_price": 32,
            "no_price": 68,
            "taker_side": "no"
        },
        {
            "trade_id": "bb4561a6-2f02-4710-a9e9-bb3f9826f0b2",
            "ticker": "HIGHCHI-24MAY26-B75.5",
            "count": 1,
            "created_time": "2024-05-26T15:28:30.219333Z",
            "yes_price": 37,
            "no_price": 63,
            "taker_side": "no"
        },
        {
            "trade_id": "0690f4f1-fee2-4aee-87eb-57b8673bbf06",
            "ticker": "HIGHCHI-24MAY26-B75.5",
            "count": 52,
            "created_time": "2024-05-26T15:05:14.174174Z",
            "yes_price": 41,
            "no_price": 59,
            "taker_side": "no"
        },
        {
            "trade_id": "57bc8fb0-5358-45cf-99b6-5829116ad30f",
            "ticker": "HIGHCHI-24MAY26-B75.5",
            "count": 1,
            "created_time": "2024-05-26T14:15:40.25485Z",
            "yes_price": 49,
            "no_price": 51,
            "taker_side": "yes"
        },
        {
            "trade_id": "4e9cfe91-7683-426d-897c-cafad511edd6",
            "ticker": "HIGHCHI-24MAY26-B75.5",
            "count": 86,
            "created_time": "2024-05-26T13:29:11.230987Z",
            "yes_price": 44,
            "no_price": 56,
            "taker_side": "no"
        },
        {
            "trade_id": "054c0136-ce9d-4301-ac73-9cb26dc9ec0d",
            "ticker": "HIGHCHI-24MAY26-B75.5",
            "count": 5,
            "created_time": "2024-05-26T12:40:22.984467Z",
            "yes_price": 44,
            "no_price": 56,
            "taker_side": "no"
        },
        {
            "trade_id": "da6dd1fc-5318-4caf-a459-e23ce5291488",
            "ticker": "HIGHCHI-24MAY26-B75.5",
            "count": 1,
            "created_time": "2024-05-26T12:07:31.66497Z",
            "yes_price": 46,
            "no_price": 54,
            "taker_side": "yes"
        },
        {
            "trade_id": "a8b6394b-7bc3-4728-9130-b890302b659c",
            "ticker": "HIGHCHI-24MAY26-B75.5",
            "count": 9,
            "created_time": "2024-05-26T12:07:31.66497Z",
            "yes_price": 47,
            "no_price": 53,
            "taker_side": "yes"
        },
        {
            "trade_id": "e7ab199a-fac9-4a48-9301-9d63a9d4b5c3",
            "ticker": "HIGHCHI-24MAY26-B75.5",
            "count": 1,
            "created_time": "2024-05-26T12:00:28.198488Z",
            "yes_price": 42,
            "no_price": 58,
            "taker_side": "no"
        },
        {
            "trade_id": "96adcd12-d7ae-4a0f-a1c7-64a68e30c795",
            "ticker": "HIGHCHI-24MAY26-B75.5",
            "count": 1,
            "created_time": "2024-05-25T20:47:49.19975Z",
            "yes_price": 23,
            "no_price": 77,
            "taker_side": "no"
        },
        {
            "trade_id": "a53e4c65-6079-4667-a11b-4a73bf27e04a",
            "ticker": "HIGHCHI-24MAY26-B75.5",
            "count": 1,
            "created_time": "2024-05-25T20:47:17.935031Z",
            "yes_price": 23,
            "no_price": 77,
            "taker_side": "no"
        },
        {
            "trade_id": "9e15b384-997c-4970-b7dc-89d5f5d662da",
            "ticker": "HIGHCHI-24MAY26-B75.5",
            "count": 1,
            "created_time": "2024-05-25T20:46:50.450288Z",
            "yes_price": 23,
            "no_price": 77,
            "taker_side": "no"
        },
        {
            "trade_id": "740e2529-e496-4b8a-93b6-4086c92dd50b",
            "ticker": "HIGHCHI-24MAY26-B75.5",
            "count": 1,
            "created_time": "2024-05-25T20:46:19.17773Z",
            "yes_price": 23,
            "no_price": 77,
            "taker_side": "no"
        },
        {
            "trade_id": "3e7b5b1f-d2f8-454d-b5c7-9d61e8e42bb7",
            "ticker": "HIGHCHI-24MAY26-B75.5",
            "count": 1,
            "created_time": "2024-05-25T20:46:02.178915Z",
            "yes_price": 23,
            "no_price": 77,
            "taker_side": "no"
        },
        {
            "trade_id": "de2f4685-663a-4759-815b-bfd2924b3fec",
            "ticker": "HIGHCHI-24MAY26-B75.5",
            "count": 14,
            "created_time": "2024-05-25T20:45:36.105707Z",
            "yes_price": 23,
            "no_price": 77,
            "taker_side": "no"
        },
        {
            "trade_id": "c5a65d39-b4ec-4999-82d5-a585eaa4211b",
            "ticker": "HIGHCHI-24MAY26-B75.5",
            "count": 1,
            "created_time": "2024-05-25T20:45:18.797985Z",
            "yes_price": 24,
            "no_price": 76,
            "taker_side": "no"
        },
        {
            "trade_id": "a333ca25-b797-4c3f-aca1-e2ee1c12bf04",
            "ticker": "HIGHCHI-24MAY26-B75.5",
            "count": 75,
            "created_time": "2024-05-25T19:32:57.013689Z",
            "yes_price": 33,
            "no_price": 67,
            "taker_side": "yes"
        },
        {
            "trade_id": "ffb58938-d714-42f3-932f-c85f679b6142",
            "ticker": "HIGHCHI-24MAY26-B75.5",
            "count": 4,
            "created_time": "2024-05-25T19:32:39.531907Z",
            "yes_price": 32,
            "no_price": 68,
            "taker_side": "yes"
        },
        {
            "trade_id": "d70761fb-f03f-4aa9-8881-099efb539ac4",
            "ticker": "HIGHCHI-24MAY26-B75.5",
            "count": 1,
            "created_time": "2024-05-25T19:32:39.531907Z",
            "yes_price": 29,
            "no_price": 71,
            "taker_side": "yes"
        },
        {
            "trade_id": "adf28ff7-995e-4189-919c-b9c1079af6e9",
            "ticker": "HIGHCHI-24MAY26-B75.5",
            "count": 90,
            "created_time": "2024-05-25T19:32:39.531907Z",
            "yes_price": 32,
            "no_price": 68,
            "taker_side": "yes"
        },
        {
            "trade_id": "62e65ddb-1899-42ac-b1cb-eb5946956f8e",
            "ticker": "HIGHCHI-24MAY26-B75.5",
            "count": 30,
            "created_time": "2024-05-25T18:06:19.912755Z",
            "yes_price": 26,
            "no_price": 74,
            "taker_side": "yes"
        },
        {
            "trade_id": "2c7488a0-d2a6-4ba5-9ac4-6320da3d09d0",
            "ticker": "HIGHCHI-24MAY26-B75.5",
            "count": 60,
            "created_time": "2024-05-25T18:05:18.086032Z",
            "yes_price": 26,
            "no_price": 74,
            "taker_side": "yes"
        },
        {
            "trade_id": "0126c00a-1ace-4780-b7b0-2dfe7f1d7750",
            "ticker": "HIGHCHI-24MAY26-B75.5",
            "count": 11,
            "created_time": "2024-05-25T18:05:18.086032Z",
            "yes_price": 26,
            "no_price": 74,
            "taker_side": "yes"
        },
        {
            "trade_id": "83428bbc-70ed-429e-bf62-57b4424fb744",
            "ticker": "HIGHCHI-24MAY26-B75.5",
            "count": 30,
            "created_time": "2024-05-25T18:05:00.126653Z",
            "yes_price": 25,
            "no_price": 75,
            "taker_side": "yes"
        },
        {
            "trade_id": "301cbb84-81a1-420b-8b2b-0a3f2c56608b",
            "ticker": "HIGHCHI-24MAY26-B75.5",
            "count": 60,
            "created_time": "2024-05-25T18:04:47.549078Z",
            "yes_price": 22,
            "no_price": 78,
            "taker_side": "no"
        },
        {
            "trade_id": "8bc3b408-08f4-4cb3-944b-af657de1fb7a",
            "ticker": "HIGHCHI-24MAY26-B75.5",
            "count": 15,
            "created_time": "2024-05-25T18:04:34.808646Z",
            "yes_price": 22,
            "no_price": 78,
            "taker_side": "no"
        },
        {
            "trade_id": "bcbc4dd9-479c-4eb9-a297-304523ae84fe",
            "ticker": "HIGHCHI-24MAY26-B75.5",
            "count": 38,
            "created_time": "2024-05-25T17:12:21.9307Z",
            "yes_price": 20,
            "no_price": 80,
            "taker_side": "no"
        },
        {
            "trade_id": "6592dee4-5ce3-47ec-8d56-641947b741f1",
            "ticker": "HIGHCHI-24MAY26-B75.5",
            "count": 90,
            "created_time": "2024-05-25T14:46:37.232488Z",
            "yes_price": 25,
            "no_price": 75,
            "taker_side": "yes"
        }
    ],
    "HIGHCHI-24MAY26-B77.5": [
        {
            "trade_id": "2d2aa6b9-dee7-48b6-b5fd-d2bc6bbec459",
            "ticker": "HIGHCHI-24MAY26-B77.5",
            "count": 102,
            "created_time": "2024-05-26T20:15:27.262188Z",
            "yes_price": 1,
            "no_price": 99,
            "taker_side": "no"
        },
        {
            "trade_id": "e42309a1-275c-4387-a7a5-e49d2535b7d8",
            "ticker": "HIGHCHI-24MAY26-B77.5",
            "count": 1,
            "created_time": "2024-05-26T16:58:53.069612Z",
            "yes_price": 26,
            "no_price": 74,
            "taker_side": "yes"
        },
        {
            "trade_id": "ceaa51ce-6bd7-4045-b516-dfdf9b274b90",
            "ticker": "HIGHCHI-24MAY26-B77.5",
            "count": 5,
            "created_time": "2024-05-26T16:58:53.069612Z",
            "yes_price": 12,
            "no_price": 88,
            "taker_side": "yes"
        },
        {
            "trade_id": "b360c734-d688-4f8d-832c-95a46d031792",
            "ticker": "HIGHCHI-24MAY26-B77.5",
            "count": 1,
            "created_time": "2024-05-26T16:58:53.069612Z",
            "yes_price": 74,
            "no_price": 26,
            "taker_side": "yes"
        },
        {
            "trade_id": "627e804c-490d-4682-ab01-f210e2850890",
            "ticker": "HIGHCHI-24MAY26-B77.5",
            "count": 5,
            "created_time": "2024-05-26T16:58:53.069612Z",
            "yes_price": 10,
            "no_price": 90,
            "taker_side": "yes"
        },
        {
            "trade_id": "1c10403c-e28b-4fb0-a836-1a004ed0e49c",
            "ticker": "HIGHCHI-24MAY26-B77.5",
            "count": 11,
            "created_time": "2024-05-26T16:58:53.069612Z",
            "yes_price": 55,
            "no_price": 45,
            "taker_side": "yes"
        },
        {
            "trade_id": "56a64891-a83d-460f-8094-84e074b43dab",
            "ticker": "HIGHCHI-24MAY26-B77.5",
            "count": 300,
            "created_time": "2024-05-26T15:59:56.571923Z",
            "yes_price": 3,
            "no_price": 97,
            "taker_side": "no"
        },
        {
            "trade_id": "077cca45-b7c2-4c56-8b40-c8f228d2a35a",
            "ticker": "HIGHCHI-24MAY26-B77.5",
            "count": 6,
            "created_time": "2024-05-26T12:40:55.213781Z",
            "yes_price": 19,
            "no_price": 81,
            "taker_side": "no"
        },
        {
            "trade_id": "a403d9e0-e1d2-4d26-8bda-8d9ee94d5f22",
            "ticker": "HIGHCHI-24MAY26-B77.5",
            "count": 1,
            "created_time": "2024-05-26T12:00:28.184137Z",
            "yes_price": 20,
            "no_price": 80,
            "taker_side": "no"
        },
        {
            "trade_id": "c3d413c7-4714-48b7-8696-406fbd49ffcb",
            "ticker": "HIGHCHI-24MAY26-B77.5",
            "count": 1,
            "created_time": "2024-05-25T20:47:49.187598Z",
            "yes_price": 23,
            "no_price": 77,
            "taker_side": "no"
        },
        {
            "trade_id": "394b4bff-f397-491d-8d11-d552712f40f3",
            "ticker": "HIGHCHI-24MAY26-B77.5",
            "count": 1,
            "created_time": "2024-05-25T20:47:17.910323Z",
            "yes_price": 23,
            "no_price": 77,
            "taker_side": "no"
        },
        {
            "trade_id": "1514b995-4c97-496d-a1b1-24dc96a13904",
            "ticker": "HIGHCHI-24MAY26-B77.5",
            "count": 1,
            "created_time": "2024-05-25T20:46:50.47525Z",
            "yes_price": 23,
            "no_price": 77,
            "taker_side": "no"
        },
        {
            "trade_id": "04f53482-4f01-4656-8b97-641d777ae448",
            "ticker": "HIGHCHI-24MAY26-B77.5",
            "count": 1,
            "created_time": "2024-05-25T20:46:19.190181Z",
            "yes_price": 23,
            "no_price": 77,
            "taker_side": "no"
        },
        {
            "trade_id": "e6a182f8-484b-4312-98d2-df276cee0b80",
            "ticker": "HIGHCHI-24MAY26-B77.5",
            "count": 1,
            "created_time": "2024-05-25T20:46:02.204479Z",
            "yes_price": 23,
            "no_price": 77,
            "taker_side": "no"
        },
        {
            "trade_id": "503f4a53-394b-486d-bfd4-8d0e89c2f099",
            "ticker": "HIGHCHI-24MAY26-B77.5",
            "count": 14,
            "created_time": "2024-05-25T20:45:36.094963Z",
            "yes_price": 23,
            "no_price": 77,
            "taker_side": "no"
        },
        {
            "trade_id": "6b09d1fe-e128-44d1-b116-34cc62129a08",
            "ticker": "HIGHCHI-24MAY26-B77.5",
            "count": 1,
            "created_time": "2024-05-25T20:45:18.80073Z",
            "yes_price": 23,
            "no_price": 77,
            "taker_side": "no"
        },
        {
            "trade_id": "81597d62-995a-4731-84d9-fd5418fbf417",
            "ticker": "HIGHCHI-24MAY26-B77.5",
            "count": 30,
            "created_time": "2024-05-25T18:06:19.994654Z",
            "yes_price": 25,
            "no_price": 75,
            "taker_side": "no"
        },
        {
            "trade_id": "cafa2a15-78d8-4e9e-b5a3-b04a65ce1626",
            "ticker": "HIGHCHI-24MAY26-B77.5",
            "count": 60,
            "created_time": "2024-05-25T18:05:18.17417Z",
            "yes_price": 25,
            "no_price": 75,
            "taker_side": "no"
        },
        {
            "trade_id": "0e05f732-6a24-4a37-8f33-6294df04c696",
            "ticker": "HIGHCHI-24MAY26-B77.5",
            "count": 30,
            "created_time": "2024-05-25T18:05:00.194777Z",
            "yes_price": 26,
            "no_price": 74,
            "taker_side": "no"
        },
        {
            "trade_id": "b91ba704-37ba-4c45-ac2e-555b88b46bfe",
            "ticker": "HIGHCHI-24MAY26-B77.5",
            "count": 60,
            "created_time": "2024-05-25T18:04:47.562598Z",
            "yes_price": 26,
            "no_price": 74,
            "taker_side": "no"
        },
        {
            "trade_id": "7e0634e3-aea0-4db2-a0b0-9ea4011ea17c",
            "ticker": "HIGHCHI-24MAY26-B77.5",
            "count": 15,
            "created_time": "2024-05-25T18:04:34.836871Z",
            "yes_price": 27,
            "no_price": 73,
            "taker_side": "no"
        },
        {
            "trade_id": "352af96d-ef8b-4f84-b872-3a8ffd1acb65",
            "ticker": "HIGHCHI-24MAY26-B77.5",
            "count": 90,
            "created_time": "2024-05-25T17:34:26.609109Z",
            "yes_price": 27,
            "no_price": 73,
            "taker_side": "no"
        },
        {
            "trade_id": "ce3146a1-e477-4056-ad2a-877143f71c50",
            "ticker": "HIGHCHI-24MAY26-B77.5",
            "count": 30,
            "created_time": "2024-05-25T17:19:59.470903Z",
            "yes_price": 28,
            "no_price": 72,
            "taker_side": "no"
        },
        {
            "trade_id": "c8d7fb43-f8c1-4c6c-88ab-b84d0b428321",
            "ticker": "HIGHCHI-24MAY26-B77.5",
            "count": 30,
            "created_time": "2024-05-25T17:19:11.230498Z",
            "yes_price": 28,
            "no_price": 72,
            "taker_side": "no"
        },
        {
            "trade_id": "8af3e7ec-f346-472f-a9af-f04deca25652",
            "ticker": "HIGHCHI-24MAY26-B77.5",
            "count": 75,
            "created_time": "2024-05-25T17:18:25.643254Z",
            "yes_price": 28,
            "no_price": 72,
            "taker_side": "no"
        },
        {
            "trade_id": "2b8d426c-91b2-403a-8cd4-9a7dcaa99a79",
            "ticker": "HIGHCHI-24MAY26-B77.5",
            "count": 38,
            "created_time": "2024-05-25T17:12:21.94354Z",
            "yes_price": 28,
            "no_price": 72,
            "taker_side": "no"
        }
    ],
    "HIGHCHI-24MAY26-T78": [
        {
            "trade_id": "529e1723-e7d7-4819-aaae-66916363e445",
            "ticker": "HIGHCHI-24MAY26-T78",
            "count": 4,
            "created_time": "2024-05-26T20:15:22.9286Z",
            "yes_price": 1,
            "no_price": 99,
            "taker_side": "no"
        },
        {
            "trade_id": "42ef97de-db55-48d4-b87a-efc028739e12",
            "ticker": "HIGHCHI-24MAY26-T78",
            "count": 1,
            "created_time": "2024-05-26T20:02:15.180157Z",
            "yes_price": 2,
            "no_price": 98,
            "taker_side": "no"
        },
        {
            "trade_id": "59818dd5-ac15-41fd-8642-9147cb772a9c",
            "ticker": "HIGHCHI-24MAY26-T78",
            "count": 38,
            "created_time": "2024-05-26T17:13:29.588519Z",
            "yes_price": 25,
            "no_price": 75,
            "taker_side": "yes"
        },
        {
            "trade_id": "af735209-16cc-4e8f-a45f-76fd3cf44797",
            "ticker": "HIGHCHI-24MAY26-T78",
            "count": 33,
            "created_time": "2024-05-26T17:12:18.471942Z",
            "yes_price": 25,
            "no_price": 75,
            "taker_side": "yes"
        },
        {
            "trade_id": "4301fb9c-4651-47e3-92fe-6c4b4fec8d9e",
            "ticker": "HIGHCHI-24MAY26-T78",
            "count": 1,
            "created_time": "2024-05-26T17:12:18.471942Z",
            "yes_price": 9,
            "no_price": 91,
            "taker_side": "yes"
        },
        {
            "trade_id": "3357b517-44a9-4107-bb36-ad69a0d4f039",
            "ticker": "HIGHCHI-24MAY26-T78",
            "count": 10,
            "created_time": "2024-05-26T17:12:18.471942Z",
            "yes_price": 10,
            "no_price": 90,
            "taker_side": "yes"
        },
        {
            "trade_id": "a5e9a14e-609f-4a53-a06a-9e0d878052ef",
            "ticker": "HIGHCHI-24MAY26-T78",
            "count": 274,
            "created_time": "2024-05-26T14:58:43.502946Z",
            "yes_price": 7,
            "no_price": 93,
            "taker_side": "no"
        },
        {
            "trade_id": "8d9d20a8-739e-43ba-a1a6-d889dd3f28d8",
            "ticker": "HIGHCHI-24MAY26-T78",
            "count": 5,
            "created_time": "2024-05-26T14:48:44.628753Z",
            "yes_price": 7,
            "no_price": 93,
            "taker_side": "no"
        },
        {
            "trade_id": "435c73cf-b37c-4c40-b4cc-4ad82bdd2f56",
            "ticker": "HIGHCHI-24MAY26-T78",
            "count": 4,
            "created_time": "2024-05-26T13:38:37.92987Z",
            "yes_price": 7,
            "no_price": 93,
            "taker_side": "no"
        },
        {
            "trade_id": "69ed126c-e90d-4a00-b72e-e0cc1f4b639c",
            "ticker": "HIGHCHI-24MAY26-T78",
            "count": 16,
            "created_time": "2024-05-26T12:40:40.239421Z",
            "yes_price": 7,
            "no_price": 93,
            "taker_side": "no"
        },
        {
            "trade_id": "6288d11b-6b09-4495-a56a-b8b5007a4822",
            "ticker": "HIGHCHI-24MAY26-T78",
            "count": 1,
            "created_time": "2024-05-26T12:00:28.182687Z",
            "yes_price": 7,
            "no_price": 93,
            "taker_side": "no"
        },
        {
            "trade_id": "e9abc5d6-58de-4847-a5d3-2ab91b3ee128",
            "ticker": "HIGHCHI-24MAY26-T78",
            "count": 1,
            "created_time": "2024-05-25T20:47:49.171742Z",
            "yes_price": 26,
            "no_price": 74,
            "taker_side": "no"
        },
        {
            "trade_id": "697bca67-9385-437b-97f1-f903af98fc73",
            "ticker": "HIGHCHI-24MAY26-T78",
            "count": 1,
            "created_time": "2024-05-25T20:47:17.923165Z",
            "yes_price": 26,
            "no_price": 74,
            "taker_side": "no"
        },
        {
            "trade_id": "e4d6bfec-e509-4904-b0a0-a110ba1f9004",
            "ticker": "HIGHCHI-24MAY26-T78",
            "count": 1,
            "created_time": "2024-05-25T20:46:50.464651Z",
            "yes_price": 26,
            "no_price": 74,
            "taker_side": "no"
        },
        {
            "trade_id": "28127b88-68ae-4527-afc7-794fabee3e3a",
            "ticker": "HIGHCHI-24MAY26-T78",
            "count": 1,
            "created_time": "2024-05-25T20:46:19.160521Z",
            "yes_price": 26,
            "no_price": 74,
            "taker_side": "no"
        },
        {
            "trade_id": "83cf5eb6-c082-4915-8b8e-6899dfb86b4b",
            "ticker": "HIGHCHI-24MAY26-T78",
            "count": 1,
            "created_time": "2024-05-25T20:46:02.155638Z",
            "yes_price": 26,
            "no_price": 74,
            "taker_side": "no"
        },
        {
            "trade_id": "f5289dd3-6cea-41fa-8bab-4e309d19ebf1",
            "ticker": "HIGHCHI-24MAY26-T78",
            "count": 14,
            "created_time": "2024-05-25T20:45:36.079989Z",
            "yes_price": 26,
            "no_price": 74,
            "taker_side": "no"
        },
        {
            "trade_id": "84120ac4-913a-49c9-9a97-35ee197bcf6d",
            "ticker": "HIGHCHI-24MAY26-T78",
            "count": 1,
            "created_time": "2024-05-25T20:45:18.798806Z",
            "yes_price": 27,
            "no_price": 73,
            "taker_side": "no"
        },
        {
            "trade_id": "31c8a599-2c30-4b0e-a421-802bb6777c93",
            "ticker": "HIGHCHI-24MAY26-T78",
            "count": 96,
            "created_time": "2024-05-25T18:13:04.108072Z",
            "yes_price": 27,
            "no_price": 73,
            "taker_side": "no"
        },
        {
            "trade_id": "008c1816-94b6-4fba-9fd8-0bdd9c766837",
            "ticker": "HIGHCHI-24MAY26-T78",
            "count": 30,
            "created_time": "2024-05-25T18:13:04.108072Z",
            "yes_price": 28,
            "no_price": 72,
            "taker_side": "no"
        },
        {
            "trade_id": "bc855b31-dc41-4cc3-bf78-187f7269e796",
            "ticker": "HIGHCHI-24MAY26-T78",
            "count": 30,
            "created_time": "2024-05-25T18:06:19.979048Z",
            "yes_price": 28,
            "no_price": 72,
            "taker_side": "no"
        },
        {
            "trade_id": "76f28845-552b-4b61-a12d-2c181422432f",
            "ticker": "HIGHCHI-24MAY26-T78",
            "count": 60,
            "created_time": "2024-05-25T18:05:18.148772Z",
            "yes_price": 30,
            "no_price": 70,
            "taker_side": "no"
        },
        {
            "trade_id": "484b2ec1-ed41-496a-b5e3-3b66ac6c55fe",
            "ticker": "HIGHCHI-24MAY26-T78",
            "count": 30,
            "created_time": "2024-05-25T18:05:00.179262Z",
            "yes_price": 30,
            "no_price": 70,
            "taker_side": "no"
        },
        {
            "trade_id": "38891708-abba-430f-b311-fbbbb58963d3",
            "ticker": "HIGHCHI-24MAY26-T78",
            "count": 60,
            "created_time": "2024-05-25T18:04:47.532155Z",
            "yes_price": 31,
            "no_price": 69,
            "taker_side": "no"
        },
        {
            "trade_id": "a6a55093-5460-49a6-a022-d4c2ecd7934d",
            "ticker": "HIGHCHI-24MAY26-T78",
            "count": 15,
            "created_time": "2024-05-25T18:04:34.823231Z",
            "yes_price": 31,
            "no_price": 69,
            "taker_side": "no"
        },
        {
            "trade_id": "faec5dcc-3285-422c-bef6-73de4726efbb",
            "ticker": "HIGHCHI-24MAY26-T78",
            "count": 45,
            "created_time": "2024-05-25T17:34:38.148676Z",
            "yes_price": 32,
            "no_price": 68,
            "taker_side": "no"
        },
        {
            "trade_id": "2a675484-3017-4f39-82f9-0c49ee739c8e",
            "ticker": "HIGHCHI-24MAY26-T78",
            "count": 90,
            "created_time": "2024-05-25T17:19:43.650627Z",
            "yes_price": 32,
            "no_price": 68,
            "taker_side": "no"
        },
        {
            "trade_id": "fb767390-fb9c-4f3f-af8b-120a3cd627b6",
            "ticker": "HIGHCHI-24MAY26-T78",
            "count": 45,
            "created_time": "2024-05-25T17:18:40.114652Z",
            "yes_price": 33,
            "no_price": 67,
            "taker_side": "no"
        },
        {
            "trade_id": "f0b074ae-1d0b-4b45-b6b1-a85fc5da343f",
            "ticker": "HIGHCHI-24MAY26-T78",
            "count": 29,
            "created_time": "2024-05-25T17:18:03.366519Z",
            "yes_price": 33,
            "no_price": 67,
            "taker_side": "no"
        },
        {
            "trade_id": "c39cc4c8-9bca-4dd4-91f8-4c407e349920",
            "ticker": "HIGHCHI-24MAY26-T78",
            "count": 1,
            "created_time": "2024-05-25T17:14:14.443284Z",
            "yes_price": 33,
            "no_price": 67,
            "taker_side": "no"
        },
        {
            "trade_id": "f1ccdc82-9c86-4e27-b54b-0cbcfaef8127",
            "ticker": "HIGHCHI-24MAY26-T78",
            "count": 38,
            "created_time": "2024-05-25T17:12:21.867706Z",
            "yes_price": 33,
            "no_price": 67,
            "taker_side": "no"
        },
        {
            "trade_id": "73f173c2-b0d5-43e8-a513-f88c0b42dd97",
            "ticker": "HIGHCHI-24MAY26-T78",
            "count": 30,
            "created_time": "2024-05-25T17:05:56.094263Z",
            "yes_price": 33,
            "no_price": 67,
            "taker_side": "no"
        },
        {
            "trade_id": "8cd01071-6568-4a79-adc0-1a000b0522db",
            "ticker": "HIGHCHI-24MAY26-T78",
            "count": 1,
            "created_time": "2024-05-25T16:38:01.760227Z",
            "yes_price": 34,
            "no_price": 66,
            "taker_side": "no"
        },
        {
            "trade_id": "6a3e1013-12e3-44bd-94bf-a3621145d628",
            "ticker": "HIGHCHI-24MAY26-T78",
            "count": 3,
            "created_time": "2024-05-25T16:38:01.760227Z",
            "yes_price": 33,
            "no_price": 67,
            "taker_side": "no"
        },
        {
            "trade_id": "f138b02c-dd5e-46d8-8464-73bfa570fbff",
            "ticker": "HIGHCHI-24MAY26-T78",
            "count": 4,
            "created_time": "2024-05-25T15:19:28.764539Z",
            "yes_price": 33,
            "no_price": 67,
            "taker_side": "no"
        },
        {
            "trade_id": "dc1bd542-fa17-4083-ae12-0bd1f1b17b1b",
            "ticker": "HIGHCHI-24MAY26-T78",
            "count": 1,
            "created_time": "2024-05-25T14:36:25.623882Z",
            "yes_price": 34,
            "no_price": 66,
            "taker_side": "yes"
        }
    ]
}