{
    "HIGHCHI-24MAY17-T69": [],
    "HIGHCHI-24MAY17-B69.5": [
        {
            "trade_id": "68fd9fd1-43e9-4d0f-9f52-ab1856ec69e2",
            "ticker": "HIGHCHI-24MAY17-B69.5",
            "count": 69,
            "created_time": "2024-05-18T00:30:23.180151Z",
            "yes_price": 1,
            "no_price": 99,
            "taker_side": "yes"
        },
        {
            "trade_id": "c6ad08e4-76d1-400f-859f-6b818d16574d",
            "ticker": "HIGHCHI-24MAY17-B69.5",
            "count": 16,
            "created_time": "2024-05-17T12:00:10.889848Z",
            "yes_price": 1,
            "no_price": 99,
            "taker_side": "no"
        },
        {
            "trade_id": "c64a170b-f5a3-4d3a-b599-edac41fcb8fb",
            "ticker": "HIGHCHI-24MAY17-B69.5",
            "count": 13,
            "created_time": "2024-05-16T18:57:51.247859Z",
            "yes_price": 4,
            "no_price": 96,
            "taker_side": "yes"
        },
        {
            "trade_id": "657b915d-ed09-4dc1-85d1-5d31c8007a08",
            "ticker": "HIGHCHI-24MAY17-B69.5",
            "count": 13,
            "created_time": "2024-05-16T18:57:51.247859Z",
            "yes_price": 5,
            "no_price": 95,
            "taker_side": "yes"
        },
        {
            "trade_id": "4237089e-f71b-4268-b590-54bb74a6b138",
            "ticker": "HIGHCHI-24MAY17-B69.5",
            "count": 3,
            "created_time": "2024-05-16T18:57:51.247859Z",
            "yes_price": 10,
            "no_price": 90,
            "taker_side": "yes"
        },
        {
            "trade_id": "0959e64f-2c3b-4bd0-a42a-3cd4b5338045",
            "ticker": "HIGHCHI-24MAY17-B69.5",
            "count": 3,
            "created_time": "2024-05-16T18:57:51.247859Z",
            "yes_price": 9,
            "no_price": 91,
            "taker_side": "yes"
        }
    ],
    "HIGHCHI-24MAY17-B71.5": [
        {
            "trade_id": "f0c4fe21-3232-41c8-b023-f35be1867c01",
            "ticker": "HIGHCHI-24MAY17-B71.5",
            "count": 935,
            "created_time": "2024-05-17T17:44:51.337103Z",
            "yes_price": 1,
            "no_price": 99,
            "taker_side": "yes"
        },
        {
            "trade_id": "601137bf-0b0b-4731-9e41-bd2c5f81638f",
            "ticker": "HIGHCHI-24MAY17-B71.5",
            "count": 31,
            "created_time": "2024-05-17T15:32:06.565846Z",
            "yes_price": 1,
            "no_price": 99,
            "taker_side": "no"
        },
        {
            "trade_id": "f83d819a-a252-4b37-a9f7-2e92344c651c",
            "ticker": "HIGHCHI-24MAY17-B71.5",
            "count": 5,
            "created_time": "2024-05-17T13:19:57.979409Z",
            "yes_price": 1,
            "no_price": 99,
            "taker_side": "no"
        },
        {
            "trade_id": "4c4015d5-a1eb-45a3-abcb-e3ce5268f784",
            "ticker": "HIGHCHI-24MAY17-B71.5",
            "count": 4,
            "created_time": "2024-05-17T12:58:45.045812Z",
            "yes_price": 13,
            "no_price": 87,
            "taker_side": "yes"
        },
        {
            "trade_id": "4755ce68-17db-412c-8b00-ce61f2e8a5dd",
            "ticker": "HIGHCHI-24MAY17-B71.5",
            "count": 11,
            "created_time": "2024-05-17T12:58:45.045812Z",
            "yes_price": 12,
            "no_price": 88,
            "taker_side": "yes"
        },
        {
            "trade_id": "e33a6f4c-7985-423f-a4a6-92c6cf5487af",
            "ticker": "HIGHCHI-24MAY17-B71.5",
            "count": 5,
            "created_time": "2024-05-17T12:42:35.578209Z",
            "yes_price": 1,
            "no_price": 99,
            "taker_side": "yes"
        },
        {
            "trade_id": "a2393d03-4c19-4221-b71b-9ca2db6fa98b",
            "ticker": "HIGHCHI-24MAY17-B71.5",
            "count": 20,
            "created_time": "2024-05-17T12:42:35.578209Z",
            "yes_price": 1,
            "no_price": 99,
            "taker_side": "yes"
        },
        {
            "trade_id": "7c8af459-34c5-4068-ba1b-8abfd1204cdf",
            "ticker": "HIGHCHI-24MAY17-B71.5",
            "count": 10,
            "created_time": "2024-05-17T12:42:35.578209Z",
            "yes_price": 1,
            "no_price": 99,
            "taker_side": "yes"
        },
        {
            "trade_id": "6db17092-addc-41da-aa04-a89692f0f2c1",
            "ticker": "HIGHCHI-24MAY17-B71.5",
            "count": 10,
            "created_time": "2024-05-17T12:42:35.578209Z",
            "yes_price": 1,
            "no_price": 99,
            "taker_side": "yes"
        },
        {
            "trade_id": "0f9e4464-a684-48dd-a7f6-d57eefc32ccc",
            "ticker": "HIGHCHI-24MAY17-B71.5",
            "count": 5,
            "created_time": "2024-05-17T12:42:35.578209Z",
            "yes_price": 1,
            "no_price": 99,
            "taker_side": "yes"
        }
    ],
    "HIGHCHI-24MAY17-B73.5": [
        {
            "trade_id": "62c3a091-ae98-4aa9-8596-c1103a3081f6",
            "ticker": "HIGHCHI-24MAY17-B73.5",
            "count": 935,
            "created_time": "2024-05-17T17:44:38.016922Z",
            "yes_price": 1,
            "no_price": 99,
            "taker_side": "yes"
        },
        {
            "trade_id": "29cd30d5-f2a1-4419-93f3-a68bce52bb0f",
            "ticker": "HIGHCHI-24MAY17-B73.5",
            "count": 15,
            "created_time": "2024-05-17T12:00:17.12345Z",
            "yes_price": 1,
            "no_price": 99,
            "taker_side": "no"
        },
        {
            "trade_id": "9a209246-aa7f-4b20-bc03-1c8090c25a88",
            "ticker": "HIGHCHI-24MAY17-B73.5",
            "count": 8,
            "created_time": "2024-05-16T21:05:47.399242Z",
            "yes_price": 22,
            "no_price": 78,
            "taker_side": "yes"
        },
        {
            "trade_id": "86b1024a-df49-4996-91cf-39786a378617",
            "ticker": "HIGHCHI-24MAY17-B73.5",
            "count": 105,
            "created_time": "2024-05-16T20:07:20.919237Z",
            "yes_price": 9,
            "no_price": 91,
            "taker_side": "no"
        },
        {
            "trade_id": "7b0af4d6-34df-4f34-80db-4d33233b7961",
            "ticker": "HIGHCHI-24MAY17-B73.5",
            "count": 31,
            "created_time": "2024-05-16T20:07:20.919237Z",
            "yes_price": 10,
            "no_price": 90,
            "taker_side": "no"
        },
        {
            "trade_id": "53c85dff-add3-4a50-92c2-4184a3443df8",
            "ticker": "HIGHCHI-24MAY17-B73.5",
            "count": 105,
            "created_time": "2024-05-16T20:07:20.919237Z",
            "yes_price": 8,
            "no_price": 92,
            "taker_side": "no"
        },
        {
            "trade_id": "4026f9d0-4145-429f-bcc5-11bc3ea06bf9",
            "ticker": "HIGHCHI-24MAY17-B73.5",
            "count": 10,
            "created_time": "2024-05-16T19:34:42.98003Z",
            "yes_price": 9,
            "no_price": 91,
            "taker_side": "no"
        },
        {
            "trade_id": "0c4ab1b6-470b-4415-b425-fecab9fa8829",
            "ticker": "HIGHCHI-24MAY17-B73.5",
            "count": 5,
            "created_time": "2024-05-16T19:30:01.588623Z",
            "yes_price": 9,
            "no_price": 91,
            "taker_side": "no"
        },
        {
            "trade_id": "5a2535d9-b150-4ca1-8bfa-486f6cbe4f00",
            "ticker": "HIGHCHI-24MAY17-B73.5",
            "count": 10,
            "created_time": "2024-05-16T19:26:41.907497Z",
            "yes_price": 9,
            "no_price": 91,
            "taker_side": "no"
        },
        {
            "trade_id": "f9babb75-a734-4e53-a476-bafcfd2d0ce9",
            "ticker": "HIGHCHI-24MAY17-B73.5",
            "count": 4,
            "created_time": "2024-05-16T17:45:20.107676Z",
            "yes_price": 22,
            "no_price": 78,
            "taker_side": "yes"
        },
        {
            "trade_id": "5a256c0e-916f-4f65-b589-6c7c72d54353",
            "ticker": "HIGHCHI-24MAY17-B73.5",
            "count": 3,
            "created_time": "2024-05-16T17:45:20.107676Z",
            "yes_price": 19,
            "no_price": 81,
            "taker_side": "yes"
        },
        {
            "trade_id": "069d49d8-d1a3-450b-95ca-ea5b3e8001db",
            "ticker": "HIGHCHI-24MAY17-B73.5",
            "count": 3,
            "created_time": "2024-05-16T17:45:20.107676Z",
            "yes_price": 20,
            "no_price": 80,
            "taker_side": "yes"
        }
    ],
    "HIGHCHI-24MAY17-B75.5": [
        {
            "trade_id": "df635951-a091-4cd5-b2fc-bda05cea9338",
            "ticker": "HIGHCHI-24MAY17-B75.5",
            "count": 10,
            "created_time": "2024-05-17T23:30:12.861047Z",
            "yes_price": 1,
            "no_price": 99,
            "taker_side": "yes"
        },
        {
            "trade_id": "b1c4765a-207e-443a-a4a1-ae5ba28d4690",
            "ticker": "HIGHCHI-24MAY17-B75.5",
            "count": 93,
            "created_time": "2024-05-17T23:29:25.741162Z",
            "yes_price": 1,
            "no_price": 99,
            "taker_side": "yes"
        },
        {
            "trade_id": "a6feb4c0-22c7-4348-8c33-2c95913f3d51",
            "ticker": "HIGHCHI-24MAY17-B75.5",
            "count": 5,
            "created_time": "2024-05-17T23:28:34.303932Z",
            "yes_price": 1,
            "no_price": 99,
            "taker_side": "yes"
        },
        {
            "trade_id": "ffbb5785-aa16-47fe-86a1-798b95627f6a",
            "ticker": "HIGHCHI-24MAY17-B75.5",
            "count": 935,
            "created_time": "2024-05-17T17:44:22.797325Z",
            "yes_price": 1,
            "no_price": 99,
            "taker_side": "yes"
        },
        {
            "trade_id": "c1b48a63-dd97-4c2a-ac44-9bfe070bb52e",
            "ticker": "HIGHCHI-24MAY17-B75.5",
            "count": 11,
            "created_time": "2024-05-17T16:55:28.92101Z",
            "yes_price": 1,
            "no_price": 99,
            "taker_side": "no"
        },
        {
            "trade_id": "ff295a64-6a96-474c-9468-c93adae71afc",
            "ticker": "HIGHCHI-24MAY17-B75.5",
            "count": 1,
            "created_time": "2024-05-17T14:17:45.875527Z",
            "yes_price": 55,
            "no_price": 45,
            "taker_side": "yes"
        },
        {
            "trade_id": "a8e2850b-86b4-4238-886f-9dcf412062d4",
            "ticker": "HIGHCHI-24MAY17-B75.5",
            "count": 5,
            "created_time": "2024-05-17T14:17:45.875527Z",
            "yes_price": 40,
            "no_price": 60,
            "taker_side": "yes"
        },
        {
            "trade_id": "9a213bc5-413e-4c68-aa73-a211e93aaedd",
            "ticker": "HIGHCHI-24MAY17-B75.5",
            "count": 5,
            "created_time": "2024-05-17T14:17:45.875527Z",
            "yes_price": 39,
            "no_price": 61,
            "taker_side": "yes"
        },
        {
            "trade_id": "26dc876d-d880-41c2-a38b-2924c06ab5d7",
            "ticker": "HIGHCHI-24MAY17-B75.5",
            "count": 5,
            "created_time": "2024-05-17T13:59:00.838671Z",
            "yes_price": 20,
            "no_price": 80,
            "taker_side": "yes"
        },
        {
            "trade_id": "688cc81b-6787-42ae-b87e-6a06b39ffee5",
            "ticker": "HIGHCHI-24MAY17-B75.5",
            "count": 2,
            "created_time": "2024-05-17T13:43:25.989786Z",
            "yes_price": 1,
            "no_price": 99,
            "taker_side": "no"
        },
        {
            "trade_id": "db17d5d8-a83e-49ae-ad6e-251d4b6f9a10",
            "ticker": "HIGHCHI-24MAY17-B75.5",
            "count": 41,
            "created_time": "2024-05-17T01:44:34.569113Z",
            "yes_price": 11,
            "no_price": 89,
            "taker_side": "no"
        },
        {
            "trade_id": "8cef49f3-d2b1-4783-9038-f166277c7b49",
            "ticker": "HIGHCHI-24MAY17-B75.5",
            "count": 16,
            "created_time": "2024-05-17T01:44:34.569113Z",
            "yes_price": 12,
            "no_price": 88,
            "taker_side": "no"
        },
        {
            "trade_id": "37d6a9f8-7762-4fb6-9e5e-93d8c010d6c0",
            "ticker": "HIGHCHI-24MAY17-B75.5",
            "count": 41,
            "created_time": "2024-05-17T01:44:34.569113Z",
            "yes_price": 10,
            "no_price": 90,
            "taker_side": "no"
        },
        {
            "trade_id": "d62a560e-fb63-4d48-ae2a-f917443fbadf",
            "ticker": "HIGHCHI-24MAY17-B75.5",
            "count": 11,
            "created_time": "2024-05-17T00:21:20.933278Z",
            "yes_price": 13,
            "no_price": 87,
            "taker_side": "no"
        },
        {
            "trade_id": "361fc430-6412-48f9-99e9-37f9238cd0a0",
            "ticker": "HIGHCHI-24MAY17-B75.5",
            "count": 2,
            "created_time": "2024-05-16T23:55:06.65222Z",
            "yes_price": 55,
            "no_price": 45,
            "taker_side": "yes"
        },
        {
            "trade_id": "432ad827-450a-4943-b7e3-80a54412967b",
            "ticker": "HIGHCHI-24MAY17-B75.5",
            "count": 3,
            "created_time": "2024-05-16T21:04:41.70961Z",
            "yes_price": 30,
            "no_price": 70,
            "taker_side": "yes"
        },
        {
            "trade_id": "508ade7d-2fce-4694-9ff7-eedfe47b5016",
            "ticker": "HIGHCHI-24MAY17-B75.5",
            "count": 3,
            "created_time": "2024-05-16T21:04:33.981605Z",
            "yes_price": 29,
            "no_price": 71,
            "taker_side": "yes"
        },
        {
            "trade_id": "0dbcc742-30ab-4117-adfd-372f8577ddc3",
            "ticker": "HIGHCHI-24MAY17-B75.5",
            "count": 10,
            "created_time": "2024-05-16T19:35:00.374108Z",
            "yes_price": 22,
            "no_price": 78,
            "taker_side": "no"
        },
        {
            "trade_id": "2c02680e-5d6e-4204-b46b-cb84f2b53aaf",
            "ticker": "HIGHCHI-24MAY17-B75.5",
            "count": 5,
            "created_time": "2024-05-16T19:30:16.361894Z",
            "yes_price": 21,
            "no_price": 79,
            "taker_side": "no"
        },
        {
            "trade_id": "31fb1432-44cc-48b5-81a7-b1b3653e4f50",
            "ticker": "HIGHCHI-24MAY17-B75.5",
            "count": 1,
            "created_time": "2024-05-16T15:45:04.922256Z",
            "yes_price": 13,
            "no_price": 87,
            "taker_side": "no"
        }
    ],
    "HIGHCHI-24MAY17-T76": [
        {
            "trade_id": "10019fd7-8127-4a8d-a3bc-93dfe0521742",
            "ticker": "HIGHCHI-24MAY17-T76",
            "count": 935,
            "created_time": "2024-05-17T20:44:47.783855Z",
            "yes_price": 99,
            "no_price": 1,
            "taker_side": "no"
        },
        {
            "trade_id": "7daf574e-b8f1-4124-93ba-1af4b06388c5",
            "ticker": "HIGHCHI-24MAY17-T76",
            "count": 30,
            "created_time": "2024-05-17T16:55:43.817015Z",
            "yes_price": 99,
            "no_price": 1,
            "taker_side": "yes"
        },
        {
            "trade_id": "801caf6f-95e3-4847-8383-908ea41af2b7",
            "ticker": "HIGHCHI-24MAY17-T76",
            "count": 200,
            "created_time": "2024-05-17T14:56:14.481083Z",
            "yes_price": 95,
            "no_price": 5,
            "taker_side": "yes"
        },
        {
            "trade_id": "7a256c2b-3217-4c31-8e2e-12f3dad8e6a1",
            "ticker": "HIGHCHI-24MAY17-T76",
            "count": 3,
            "created_time": "2024-05-17T01:48:59.58695Z",
            "yes_price": 86,
            "no_price": 14,
            "taker_side": "yes"
        },
        {
            "trade_id": "ba4eb2a0-470e-4b1a-820f-b95cc9b0bc37",
            "ticker": "HIGHCHI-24MAY17-T76",
            "count": 19,
            "created_time": "2024-05-17T00:21:10.519413Z",
            "yes_price": 51,
            "no_price": 49,
            "taker_side": "no"
        },
        {
            "trade_id": "3029a3a9-dc35-4691-b404-f6e2a964d748",
            "ticker": "HIGHCHI-24MAY17-T76",
            "count": 39,
            "created_time": "2024-05-17T00:19:22.261259Z",
            "yes_price": 51,
            "no_price": 49,
            "taker_side": "no"
        },
        {
            "trade_id": "93e62ed6-4988-45d6-a7bc-569fdf63faee",
            "ticker": "HIGHCHI-24MAY17-T76",
            "count": 105,
            "created_time": "2024-05-16T20:07:18.190174Z",
            "yes_price": 63,
            "no_price": 37,
            "taker_side": "yes"
        },
        {
            "trade_id": "56ebc32e-a39d-4c8f-9945-e8a1ef1e3d27",
            "ticker": "HIGHCHI-24MAY17-T76",
            "count": 21,
            "created_time": "2024-05-16T20:07:18.190174Z",
            "yes_price": 61,
            "no_price": 39,
            "taker_side": "yes"
        },
        {
            "trade_id": "46e1a2c3-eb95-44cf-a5a8-2ee7e82e05c4",
            "ticker": "HIGHCHI-24MAY17-T76",
            "count": 105,
            "created_time": "2024-05-16T20:07:18.190174Z",
            "yes_price": 65,
            "no_price": 35,
            "taker_side": "yes"
        },
        {
            "trade_id": "abb5e7b6-7f49-4da0-8501-952a3ae0b381",
            "ticker": "HIGHCHI-24MAY17-T76",
            "count": 10,
            "created_time": "2024-05-16T19:35:10.128514Z",
            "yes_price": 56,
            "no_price": 44,
            "taker_side": "no"
        },
        {
            "trade_id": "bf5962ca-a0ef-4dfd-8484-38389e9d82e8",
            "ticker": "HIGHCHI-24MAY17-T76",
            "count": 7,
            "created_time": "2024-05-16T19:34:50.496335Z",
            "yes_price": 58,
            "no_price": 42,
            "taker_side": "no"
        },
        {
            "trade_id": "80931e4f-9788-4b35-8fa8-b9e829aa444a",
            "ticker": "HIGHCHI-24MAY17-T76",
            "count": 10,
            "created_time": "2024-05-16T19:34:50.496335Z",
            "yes_price": 57,
            "no_price": 43,
            "taker_side": "no"
        },
        {
            "trade_id": "2037de18-0d31-4027-bf20-41a567a3049c",
            "ticker": "HIGHCHI-24MAY17-T76",
            "count": 92,
            "created_time": "2024-05-16T19:34:50.496335Z",
            "yes_price": 56,
            "no_price": 44,
            "taker_side": "no"
        },
        {
            "trade_id": "48fbfe7b-1182-4e16-a08d-86786a84bc51",
            "ticker": "HIGHCHI-24MAY17-T76",
            "count": 4,
            "created_time": "2024-05-16T18:58:08.740554Z",
            "yes_price": 58,
            "no_price": 42,
            "taker_side": "no"
        },
        {
            "trade_id": "36a5271c-81a9-4533-adf3-26b28ae1ce91",
            "ticker": "HIGHCHI-24MAY17-T76",
            "count": 6,
            "created_time": "2024-05-16T16:05:22.34Z",
            "yes_price": 70,
            "no_price": 30,
            "taker_side": "no"
        },
        {
            "trade_id": "0ecbd221-5142-4cf0-9b93-5a4880548dfb",
            "ticker": "HIGHCHI-24MAY17-T76",
            "count": 19,
            "created_time": "2024-05-16T16:05:22.34Z",
            "yes_price": 71,
            "no_price": 29,
            "taker_side": "no"
        },
        {
            "trade_id": "f528936e-c34b-4d76-8d98-3a1f59b6fa5d",
            "ticker": "HIGHCHI-24MAY17-T76",
            "count": 11,
            "created_time": "2024-05-16T15:44:26.736027Z",
            "yes_price": 64,
            "no_price": 36,
            "taker_side": "yes"
        }
    ]
}