{
    "KXHIGHCHI-25JAN22-T21": [
        {
            "trade_id": "37f7686c-a183-49f1-b1d3-a75fdacbf748",
            "ticker": "KXHIGHCHI-25JAN22-T21",
            "count": 7,
            "created_time": "2025-01-22T18:13:44.669661Z",
            "yes_price": 3,
            "no_price": 97,
            "taker_side": "yes"
        },
        {
            "trade_id": "1fc715c3-cc8f-4c2a-9f4f-0abb9cf1b569",
            "ticker": "KXHIGHCHI-25JAN22-T21",
            "count": 18,
            "created_time": "2025-01-22T18:13:44.669661Z",
            "yes_price": 4,
            "no_price": 96,
            "taker_side": "yes"
        },
        {
            "trade_id": "5eaee4b6-f548-4efb-9c4c-1cd5ca22523b",
            "ticker": "KXHIGHCHI-25JAN22-T21",
            "count": 9,
            "created_time": "2025-01-22T18:03:46.310334Z",
            "yes_price": 1,
            "no_price": 99,
            "taker_side": "no"
        },
        {
            "trade_id": "9dd0bfe5-cc69-4637-9671-e2596a3ce24a",
            "ticker": "KXHIGHCHI-25JAN22-T21",
            "count": 163,
            "created_time": "2025-01-22T17:51:33.829105Z",
            "yes_price": 1,
            "no_price": 99,
            "taker_side": "yes"
        },
        {
            "trade_id": "2543ca62-3eea-4959-ba5c-d11e70c82cb7",
            "ticker": "KXHIGHCHI-25JAN22-T21",
            "count": 5,
            "created_time": "2025-01-22T17:51:33.829105Z",
            "yes_price": 4,
            "no_price": 96,
            "taker_side": "yes"
        },
        {
            "trade_id": "1608a7ce-616b-461a-914f-d4eab553bcd4",
            "ticker": "KXHIGHCHI-25JAN22-T21",
            "count": 1,
            "created_time": "2025-01-22T17:44:26.590739Z",
            "yes_price": 3,
            "no_price": 97,
            "taker_side": "yes"
        },
        {
            "trade_id": "22713b64-be72-4726-ae23-7f527fadc0d4",
            "ticker": "KXHIGHCHI-25JAN22-T21",
            "count": 1,
            "created_time": "2025-01-22T17:44:21.772979Z",
            "yes_price": 3,
            "no_price": 97,
            "taker_side": "yes"
        },
        {
            "trade_id": "72bc2031-1d68-4335-a6cf-03b202671380",
            "ticker": "KXHIGHCHI-25JAN22-T21",
            "count": 1,
            "created_time": "2025-01-22T17:42:11.964223Z",
            "yes_price": 3,
            "no_price": 97,
            "taker_side": "yes"
        },
        {
            "trade_id": "6287a778-63fa-4872-a201-79ec278b25b2",
            "ticker": "KXHIGHCHI-25JAN22-T21",
            "count": 8,
            "created_time": "2025-01-22T17:39:09.40484Z",
            "yes_price": 3,
            "no_price": 97,
            "taker_side": "no"
        },
        {
            "trade_id": "59bc328a-f35b-419b-a1d2-00b8a84bb858",
            "ticker": "KXHIGHCHI-25JAN22-T21",
            "count": 5,
            "created_time": "2025-01-22T17:31:33.853722Z",
            "yes_price": 2,
            "no_price": 98,
            "taker_side": "no"
        },
        {
            "trade_id": "faa5f312-91c1-4f91-b0d5-5b6895f1f45a",
            "ticker": "KXHIGHCHI-25JAN22-T21",
            "count": 9,
            "created_time": "2025-01-22T17:14:05.187462Z",
            "yes_price": 2,
            "no_price": 98,
            "taker_side": "no"
        },
        {
            "trade_id": "368c4061-88be-49f7-9013-bf5602c4f135",
            "ticker": "KXHIGHCHI-25JAN22-T21",
            "count": 10,
            "created_time": "2025-01-22T17:14:04.001837Z",
            "yes_price": 2,
            "no_price": 98,
            "taker_side": "no"
        },
        {
            "trade_id": "507c6a71-2987-43a0-af22-890e1a9e54a8",
            "ticker": "KXHIGHCHI-25JAN22-T21",
            "count": 10,
            "created_time": "2025-01-22T17:14:03.826105Z",
            "yes_price": 2,
            "no_price": 98,
            "taker_side": "no"
        },
        {
            "trade_id": "d756dcef-6d4a-436f-98e8-4baa1f3f25fa",
            "ticker": "KXHIGHCHI-25JAN22-T21",
            "count": 20,
            "created_time": "2025-01-22T17:13:40.332012Z",
            "yes_price": 2,
            "no_price": 98,
            "taker_side": "no"
        },
        {
            "trade_id": "9e8beb90-6031-48e2-a9be-d1342b6bffab",
            "ticker": "KXHIGHCHI-25JAN22-T21",
            "count": 5,
            "created_time": "2025-01-22T17:13:39.802446Z",
            "yes_price": 2,
            "no_price": 98,
            "taker_side": "no"
        },
        {
            "trade_id": "55cfcb96-e32c-4692-aa9e-04f9622c74e7",
            "ticker": "KXHIGHCHI-25JAN22-T21",
            "count": 5,
            "created_time": "2025-01-22T17:13:39.652581Z",
            "yes_price": 2,
            "no_price": 98,
            "taker_side": "no"
        },
        {
            "trade_id": "c55d7002-5b21-48e9-a43c-867c53da04d5",
            "ticker": "KXHIGHCHI-25JAN22-T21",
            "count": 101,
            "created_time": "2025-01-22T16:54:24.400124Z",
            "yes_price": 2,
            "no_price": 98,
            "taker_side": "no"
        },
        {
            "trade_id": "52728c3a-734a-43aa-b30c-aa639e88fbbb",
            "ticker": "KXHIGHCHI-25JAN22-T21",
            "count": 3,
            "created_time": "2025-01-22T13:27:28.434069Z",
            "yes_price": 2,
            "no_price": 98,
            "taker_side": "no"
        },
        {
            "trade_id": "a86b7115-b8c4-4f40-939a-38bb3827841f",
            "ticker": "KXHIGHCHI-25JAN22-T21",
            "count": 1000,
            "created_time": "2025-01-22T13:04:16.489067Z",
            "yes_price": 1,
            "no_price": 99,
            "taker_side": "no"
        },
        {
            "trade_id": "959d5c0d-3137-4d08-9b33-b555b02d1308",
            "ticker": "KXHIGHCHI-25JAN22-T21",
            "count": 3,
            "created_time": "2025-01-22T07:38:14.274072Z",
            "yes_price": 3,
            "no_price": 97,
            "taker_side": "no"
        },
        {
            "trade_id": "5bd587f9-2b66-44d9-bdfc-ef29ad0ecbe3",
            "ticker": "KXHIGHCHI-25JAN22-T21",
            "count": 36,
            "created_time": "2025-01-22T07:38:14.274072Z",
            "yes_price": 2,
            "no_price": 98,
            "taker_side": "no"
        },
        {
            "trade_id": "df6ce303-e467-497a-93fd-695bc50dfa88",
            "ticker": "KXHIGHCHI-25JAN22-T21",
            "count": 38,
            "created_time": "2025-01-22T05:47:37.877303Z",
            "yes_price": 10,
            "no_price": 90,
            "taker_side": "yes"
        },
        {
            "trade_id": "a16dfec1-2573-4a1b-8e9b-fc3fc6b656c7",
            "ticker": "KXHIGHCHI-25JAN22-T21",
            "count": 89,
            "created_time": "2025-01-22T05:47:37.877303Z",
            "yes_price": 10,
            "no_price": 90,
            "taker_side": "yes"
        },
        {
            "trade_id": "49c3b97d-ce08-4d74-9cc1-352e16262e0d",
            "ticker": "KXHIGHCHI-25JAN22-T21",
            "count": 160,
            "created_time": "2025-01-22T05:45:02.840885Z",
            "yes_price": 13,
            "no_price": 87,
            "taker_side": "yes"
        },
        {
            "trade_id": "19ba50aa-6abd-44c4-8db8-b3f4cecbac83",
            "ticker": "KXHIGHCHI-25JAN22-T21",
            "count": 99,
            "created_time": "2025-01-22T05:44:54.350256Z",
            "yes_price": 11,
            "no_price": 89,
            "taker_side": "no"
        },
        {
            "trade_id": "3901a1fd-c335-408d-a10a-1cc2a7cd028e",
            "ticker": "KXHIGHCHI-25JAN22-T21",
            "count": 13,
            "created_time": "2025-01-22T05:44:49.317186Z",
            "yes_price": 11,
            "no_price": 89,
            "taker_side": "yes"
        },
        {
            "trade_id": "0de830c0-39cf-4e5f-a37c-732083f66c61",
            "ticker": "KXHIGHCHI-25JAN22-T21",
            "count": 10,
            "created_time": "2025-01-22T05:44:49.317186Z",
            "yes_price": 11,
            "no_price": 89,
            "taker_side": "yes"
        },
        {
            "trade_id": "827ae7f1-7175-4cb7-a085-082025657444",
            "ticker": "KXHIGHCHI-25JAN22-T21",
            "count": 18,
            "created_time": "2025-01-22T05:44:44.569704Z",
            "yes_price": 10,
            "no_price": 90,
            "taker_side": "no"
        },
        {
            "trade_id": "623f8268-c5c6-4d06-ac31-f20dadc2b188",
            "ticker": "KXHIGHCHI-25JAN22-T21",
            "count": 200,
            "created_time": "2025-01-22T05:44:30.471972Z",
            "yes_price": 10,
            "no_price": 90,
            "taker_side": "yes"
        },
        {
            "trade_id": "15f9ef0c-8328-4903-b440-29640dc85e41",
            "ticker": "KXHIGHCHI-25JAN22-T21",
            "count": 75,
            "created_time": "2025-01-22T05:43:23.886406Z",
            "yes_price": 8,
            "no_price": 92,
            "taker_side": "no"
        },
        {
            "trade_id": "ad449bc3-b9d5-4d35-8c40-b81acf27dee4",
            "ticker": "KXHIGHCHI-25JAN22-T21",
            "count": 99,
            "created_time": "2025-01-22T05:43:16.894754Z",
            "yes_price": 7,
            "no_price": 93,
            "taker_side": "yes"
        },
        {
            "trade_id": "b1f881c1-5be3-4291-8bed-b23f5cf66d81",
            "ticker": "KXHIGHCHI-25JAN22-T21",
            "count": 10,
            "created_time": "2025-01-22T05:43:01.106376Z",
            "yes_price": 6,
            "no_price": 94,
            "taker_side": "yes"
        },
        {
            "trade_id": "57115b21-05f0-44e3-82e7-b53fe0da3ebc",
            "ticker": "KXHIGHCHI-25JAN22-T21",
            "count": 1,
            "created_time": "2025-01-22T05:43:01.106376Z",
            "yes_price": 6,
            "no_price": 94,
            "taker_side": "yes"
        },
        {
            "trade_id": "37688e2c-06ee-4558-8945-48556cb95bdd",
            "ticker": "KXHIGHCHI-25JAN22-T21",
            "count": 15,
            "created_time": "2025-01-22T05:43:01.106376Z",
            "yes_price": 6,
            "no_price": 94,
            "taker_side": "yes"
        },
        {
            "trade_id": "d6b999ff-90ae-4127-8b36-87ba8aa037c1",
            "ticker": "KXHIGHCHI-25JAN22-T21",
            "count": 1,
            "created_time": "2025-01-22T05:07:24.826994Z",
            "yes_price": 6,
            "no_price": 94,
            "taker_side": "yes"
        },
        {
            "trade_id": "d6b2d9f4-3cf6-4f24-b52d-ccbace487160",
            "ticker": "KXHIGHCHI-25JAN22-T21",
            "count": 36,
            "created_time": "2025-01-22T05:07:24.826994Z",
            "yes_price": 6,
            "no_price": 94,
            "taker_side": "yes"
        },
        {
            "trade_id": "c6eebdcc-cd7a-43f3-a058-787b2b61a2a3",
            "ticker": "KXHIGHCHI-25JAN22-T21",
            "count": 60,
            "created_time": "2025-01-22T05:07:24.826994Z",
            "yes_price": 8,
            "no_price": 92,
            "taker_side": "yes"
        },
        {
            "trade_id": "43986da5-0e35-42d4-8f3e-e19ff7d61970",
            "ticker": "KXHIGHCHI-25JAN22-T21",
            "count": 3,
            "created_time": "2025-01-22T05:07:24.826994Z",
            "yes_price": 6,
            "no_price": 94,
            "taker_side": "yes"
        },
        {
            "trade_id": "19b01c73-61b5-4039-9957-3363294715fc",
            "ticker": "KXHIGHCHI-25JAN22-T21",
            "count": 988,
            "created_time": "2025-01-22T05:06:20.957909Z",
            "yes_price": 1,
            "no_price": 99,
            "taker_side": "no"
        },
        {
            "trade_id": "fc40284b-1d84-4f3b-93bd-8452bdd8a02f",
            "ticker": "KXHIGHCHI-25JAN22-T21",
            "count": 56,
            "created_time": "2025-01-22T04:05:12.865246Z",
            "yes_price": 8,
            "no_price": 92,
            "taker_side": "yes"
        },
        {
            "trade_id": "ca6e1abf-1103-4e14-af51-d14b7bc80f15",
            "ticker": "KXHIGHCHI-25JAN22-T21",
            "count": 70,
            "created_time": "2025-01-22T04:05:12.865246Z",
            "yes_price": 6,
            "no_price": 94,
            "taker_side": "yes"
        },
        {
            "trade_id": "02219bfe-79b3-472d-bdc6-c677de666222",
            "ticker": "KXHIGHCHI-25JAN22-T21",
            "count": 8,
            "created_time": "2025-01-22T04:05:12.865246Z",
            "yes_price": 6,
            "no_price": 94,
            "taker_side": "yes"
        },
        {
            "trade_id": "3203b21b-b10e-4357-b656-f743115f4a61",
            "ticker": "KXHIGHCHI-25JAN22-T21",
            "count": 88,
            "created_time": "2025-01-22T03:37:01.550327Z",
            "yes_price": 5,
            "no_price": 95,
            "taker_side": "yes"
        },
        {
            "trade_id": "e0d0f5de-e115-40a3-98bf-899d373d5624",
            "ticker": "KXHIGHCHI-25JAN22-T21",
            "count": 98,
            "created_time": "2025-01-22T03:35:28.82724Z",
            "yes_price": 6,
            "no_price": 94,
            "taker_side": "yes"
        },
        {
            "trade_id": "d2a71346-81ce-4ceb-903e-78b454aef508",
            "ticker": "KXHIGHCHI-25JAN22-T21",
            "count": 90,
            "created_time": "2025-01-22T03:34:37.712559Z",
            "yes_price": 5,
            "no_price": 95,
            "taker_side": "yes"
        },
        {
            "trade_id": "ec761da6-1d6d-435d-b414-4c1090785b6e",
            "ticker": "KXHIGHCHI-25JAN22-T21",
            "count": 71,
            "created_time": "2025-01-22T03:08:23.066058Z",
            "yes_price": 5,
            "no_price": 95,
            "taker_side": "yes"
        },
        {
            "trade_id": "e22c0b16-b2d0-433f-be74-5732bfb316d0",
            "ticker": "KXHIGHCHI-25JAN22-T21",
            "count": 20,
            "created_time": "2025-01-22T03:08:23.066058Z",
            "yes_price": 5,
            "no_price": 95,
            "taker_side": "yes"
        },
        {
            "trade_id": "9db2679b-af3d-4699-aa28-07aa70386f98",
            "ticker": "KXHIGHCHI-25JAN22-T21",
            "count": 1,
            "created_time": "2025-01-22T03:08:23.066058Z",
            "yes_price": 7,
            "no_price": 93,
            "taker_side": "yes"
        },
        {
            "trade_id": "77ad4354-4199-47fb-946e-88136e722280",
            "ticker": "KXHIGHCHI-25JAN22-T21",
            "count": 1,
            "created_time": "2025-01-22T03:08:23.066058Z",
            "yes_price": 5,
            "no_price": 95,
            "taker_side": "yes"
        },
        {
            "trade_id": "84bf8750-6df4-4aab-99d5-4454dcf8ba1c",
            "ticker": "KXHIGHCHI-25JAN22-T21",
            "count": 18,
            "created_time": "2025-01-22T03:03:18.522051Z",
            "yes_price": 5,
            "no_price": 95,
            "taker_side": "yes"
        },
        {
            "trade_id": "9796febc-c67f-4818-9311-412d529beb3b",
            "ticker": "KXHIGHCHI-25JAN22-T21",
            "count": 2,
            "created_time": "2025-01-22T00:02:33.390243Z",
            "yes_price": 1,
            "no_price": 99,
            "taker_side": "no"
        },
        {
            "trade_id": "8123f30e-f802-4365-bf6d-591cb6346f10",
            "ticker": "KXHIGHCHI-25JAN22-T21",
            "count": 5,
            "created_time": "2025-01-21T23:26:24.983459Z",
            "yes_price": 1,
            "no_price": 99,
            "taker_side": "no"
        },
        {
            "trade_id": "466ec774-4c24-475d-a296-8805d45c6275",
            "ticker": "KXHIGHCHI-25JAN22-T21",
            "count": 5,
            "created_time": "2025-01-21T23:25:16.558977Z",
            "yes_price": 1,
            "no_price": 99,
            "taker_side": "no"
        },
        {
            "trade_id": "ac8d9c0a-f6f1-4472-baa8-ff01a7f1da09",
            "ticker": "KXHIGHCHI-25JAN22-T21",
            "count": 1,
            "created_time": "2025-01-21T17:30:19.710081Z",
            "yes_price": 10,
            "no_price": 90,
            "taker_side": "yes"
        }
    ],
    "KXHIGHCHI-25JAN22-B21.5": [
        {
            "trade_id": "5ad95e27-2670-4476-964a-1b4319e77dae",
            "ticker": "KXHIGHCHI-25JAN22-B21.5",
            "count": 93,
            "created_time": "2025-01-23T00:39:45.844299Z",
            "yes_price": 1,
            "no_price": 99,
            "taker_side": "yes"
        },
        {
            "trade_id": "b697b162-c5eb-47bd-adc9-23288939bd94",
            "ticker": "KXHIGHCHI-25JAN22-B21.5",
            "count": 935,
            "created_time": "2025-01-22T20:32:32.919804Z",
            "yes_price": 1,
            "no_price": 99,
            "taker_side": "yes"
        },
        {
            "trade_id": "9b3a0e7c-b4d9-4bc0-949b-2616e4ca87df",
            "ticker": "KXHIGHCHI-25JAN22-B21.5",
            "count": 3725,
            "created_time": "2025-01-22T20:21:32.334625Z",
            "yes_price": 1,
            "no_price": 99,
            "taker_side": "yes"
        },
        {
            "trade_id": "0cae5f64-fe63-4e8e-b3c1-0ca7a299488a",
            "ticker": "KXHIGHCHI-25JAN22-B21.5",
            "count": 950,
            "created_time": "2025-01-22T20:21:32.334625Z",
            "yes_price": 1,
            "no_price": 99,
            "taker_side": "yes"
        },
        {
            "trade_id": "40103474-2d05-4be3-9465-f2de176c2747",
            "ticker": "KXHIGHCHI-25JAN22-B21.5",
            "count": 50,
            "created_time": "2025-01-22T20:04:44.210688Z",
            "yes_price": 1,
            "no_price": 99,
            "taker_side": "yes"
        },
        {
            "trade_id": "05350069-de90-41de-bd02-5070abcc886c",
            "ticker": "KXHIGHCHI-25JAN22-B21.5",
            "count": 79,
            "created_time": "2025-01-22T18:57:23.670574Z",
            "yes_price": 2,
            "no_price": 98,
            "taker_side": "yes"
        },
        {
            "trade_id": "d913223e-b90f-4560-86d1-36175b1e9b3b",
            "ticker": "KXHIGHCHI-25JAN22-B21.5",
            "count": 624,
            "created_time": "2025-01-22T18:53:11.71622Z",
            "yes_price": 1,
            "no_price": 99,
            "taker_side": "no"
        },
        {
            "trade_id": "413acdac-5ab7-42f5-8eba-0171e668bc47",
            "ticker": "KXHIGHCHI-25JAN22-B21.5",
            "count": 150,
            "created_time": "2025-01-22T18:53:11.71622Z",
            "yes_price": 1,
            "no_price": 99,
            "taker_side": "no"
        },
        {
            "trade_id": "f6c77c1f-7b76-4e67-9594-17514d42a5f1",
            "ticker": "KXHIGHCHI-25JAN22-B21.5",
            "count": 300,
            "created_time": "2025-01-22T18:43:36.314068Z",
            "yes_price": 2,
            "no_price": 98,
            "taker_side": "no"
        },
        {
            "trade_id": "35cfb267-1754-479a-820e-b74c18b4094b",
            "ticker": "KXHIGHCHI-25JAN22-B21.5",
            "count": 50,
            "created_time": "2025-01-22T18:43:36.314068Z",
            "yes_price": 2,
            "no_price": 98,
            "taker_side": "no"
        },
        {
            "trade_id": "2df1278b-93b9-403e-947d-7c16fc344d94",
            "ticker": "KXHIGHCHI-25JAN22-B21.5",
            "count": 1,
            "created_time": "2025-01-22T18:43:36.314068Z",
            "yes_price": 3,
            "no_price": 97,
            "taker_side": "no"
        },
        {
            "trade_id": "0a98178e-d57e-4400-9c13-abe747cc5245",
            "ticker": "KXHIGHCHI-25JAN22-B21.5",
            "count": 49,
            "created_time": "2025-01-22T18:43:36.314068Z",
            "yes_price": 2,
            "no_price": 98,
            "taker_side": "no"
        },
        {
            "trade_id": "ec92a8f9-8fbf-49e5-a445-71ea01aaae17",
            "ticker": "KXHIGHCHI-25JAN22-B21.5",
            "count": 3,
            "created_time": "2025-01-22T18:08:01.967198Z",
            "yes_price": 8,
            "no_price": 92,
            "taker_side": "yes"
        },
        {
            "trade_id": "4ebe541c-adba-4f5a-bb62-385e176e9c0e",
            "ticker": "KXHIGHCHI-25JAN22-B21.5",
            "count": 101,
            "created_time": "2025-01-22T18:08:01.967198Z",
            "yes_price": 9,
            "no_price": 91,
            "taker_side": "yes"
        },
        {
            "trade_id": "3fedfe21-9bc5-4a49-87a1-3d5849fd836e",
            "ticker": "KXHIGHCHI-25JAN22-B21.5",
            "count": 20,
            "created_time": "2025-01-22T17:51:46.242334Z",
            "yes_price": 9,
            "no_price": 91,
            "taker_side": "yes"
        },
        {
            "trade_id": "a4e5735f-ed08-49f3-b37c-d06603459191",
            "ticker": "KXHIGHCHI-25JAN22-B21.5",
            "count": 4,
            "created_time": "2025-01-22T17:50:41.667259Z",
            "yes_price": 8,
            "no_price": 92,
            "taker_side": "yes"
        },
        {
            "trade_id": "6f8f6a75-3172-4bde-89cb-957d8d4f0e49",
            "ticker": "KXHIGHCHI-25JAN22-B21.5",
            "count": 5,
            "created_time": "2025-01-22T17:50:41.667259Z",
            "yes_price": 11,
            "no_price": 89,
            "taker_side": "yes"
        },
        {
            "trade_id": "9b38db07-7549-4bff-9909-5835723737a4",
            "ticker": "KXHIGHCHI-25JAN22-B21.5",
            "count": 7,
            "created_time": "2025-01-22T17:44:29.36704Z",
            "yes_price": 4,
            "no_price": 96,
            "taker_side": "yes"
        },
        {
            "trade_id": "fc3783bd-7a9d-4499-bd8c-5e4c25229197",
            "ticker": "KXHIGHCHI-25JAN22-B21.5",
            "count": 8,
            "created_time": "2025-01-22T17:44:13.804846Z",
            "yes_price": 7,
            "no_price": 93,
            "taker_side": "no"
        },
        {
            "trade_id": "f3785bd5-761c-4f99-b052-585d4004f614",
            "ticker": "KXHIGHCHI-25JAN22-B21.5",
            "count": 50,
            "created_time": "2025-01-22T17:44:13.804846Z",
            "yes_price": 4,
            "no_price": 96,
            "taker_side": "no"
        },
        {
            "trade_id": "0c92034a-0e49-436f-8717-cf844a53c8b6",
            "ticker": "KXHIGHCHI-25JAN22-B21.5",
            "count": 6,
            "created_time": "2025-01-22T17:44:13.804846Z",
            "yes_price": 5,
            "no_price": 95,
            "taker_side": "no"
        },
        {
            "trade_id": "1c670663-264b-47d3-acca-1d45deb7567e",
            "ticker": "KXHIGHCHI-25JAN22-B21.5",
            "count": 28,
            "created_time": "2025-01-22T17:32:19.459215Z",
            "yes_price": 10,
            "no_price": 90,
            "taker_side": "yes"
        },
        {
            "trade_id": "14fc3ecf-36b2-461c-a8b3-eddd83a3384c",
            "ticker": "KXHIGHCHI-25JAN22-B21.5",
            "count": 8,
            "created_time": "2025-01-22T17:27:45.140746Z",
            "yes_price": 11,
            "no_price": 89,
            "taker_side": "yes"
        },
        {
            "trade_id": "6c142d93-6c26-4912-97d5-2ba6221ea365",
            "ticker": "KXHIGHCHI-25JAN22-B21.5",
            "count": 328,
            "created_time": "2025-01-22T17:27:17.98591Z",
            "yes_price": 11,
            "no_price": 89,
            "taker_side": "yes"
        },
        {
            "trade_id": "585e3724-2a85-4c12-9e27-bd7882847d33",
            "ticker": "KXHIGHCHI-25JAN22-B21.5",
            "count": 100,
            "created_time": "2025-01-22T17:27:17.98591Z",
            "yes_price": 10,
            "no_price": 90,
            "taker_side": "yes"
        },
        {
            "trade_id": "dd53a8cf-8650-491a-bf4d-93b1ee6c8cfd",
            "ticker": "KXHIGHCHI-25JAN22-B21.5",
            "count": 5,
            "created_time": "2025-01-22T17:22:04.073264Z",
            "yes_price": 10,
            "no_price": 90,
            "taker_side": "no"
        },
        {
            "trade_id": "d35d6a44-8ef3-4f0c-a4d2-c186262407be",
            "ticker": "KXHIGHCHI-25JAN22-B21.5",
            "count": 142,
            "created_time": "2025-01-22T17:22:04.073264Z",
            "yes_price": 7,
            "no_price": 93,
            "taker_side": "no"
        },
        {
            "trade_id": "9f7e72e9-0e75-4d24-b23f-1481989205ee",
            "ticker": "KXHIGHCHI-25JAN22-B21.5",
            "count": 23,
            "created_time": "2025-01-22T17:22:04.073264Z",
            "yes_price": 9,
            "no_price": 91,
            "taker_side": "no"
        },
        {
            "trade_id": "03bda61b-02bd-409e-bcb6-edf89deba3f8",
            "ticker": "KXHIGHCHI-25JAN22-B21.5",
            "count": 100,
            "created_time": "2025-01-22T17:22:04.073264Z",
            "yes_price": 8,
            "no_price": 92,
            "taker_side": "no"
        },
        {
            "trade_id": "0ccafb89-924d-47ac-99b9-01394d98cb20",
            "ticker": "KXHIGHCHI-25JAN22-B21.5",
            "count": 14,
            "created_time": "2025-01-22T17:17:04.382484Z",
            "yes_price": 10,
            "no_price": 90,
            "taker_side": "no"
        },
        {
            "trade_id": "ef20624c-2b18-4474-a297-76b888c8b0b5",
            "ticker": "KXHIGHCHI-25JAN22-B21.5",
            "count": 7,
            "created_time": "2025-01-22T17:16:22.398779Z",
            "yes_price": 16,
            "no_price": 84,
            "taker_side": "yes"
        },
        {
            "trade_id": "a3bb4ea0-11c9-4782-9e91-c0df3a41394a",
            "ticker": "KXHIGHCHI-25JAN22-B21.5",
            "count": 22,
            "created_time": "2025-01-22T17:16:22.398779Z",
            "yes_price": 16,
            "no_price": 84,
            "taker_side": "yes"
        },
        {
            "trade_id": "b6baf7a8-37bd-4aab-a121-765b94169c8f",
            "ticker": "KXHIGHCHI-25JAN22-B21.5",
            "count": 10,
            "created_time": "2025-01-22T17:14:20.362594Z",
            "yes_price": 15,
            "no_price": 85,
            "taker_side": "yes"
        },
        {
            "trade_id": "97660fd4-e3c4-4df8-b369-f1677903c952",
            "ticker": "KXHIGHCHI-25JAN22-B21.5",
            "count": 6,
            "created_time": "2025-01-22T17:14:20.362594Z",
            "yes_price": 16,
            "no_price": 84,
            "taker_side": "yes"
        },
        {
            "trade_id": "3281140e-9e7d-4f38-a56f-d33c44a6ad97",
            "ticker": "KXHIGHCHI-25JAN22-B21.5",
            "count": 9,
            "created_time": "2025-01-22T17:14:05.186601Z",
            "yes_price": 9,
            "no_price": 91,
            "taker_side": "no"
        },
        {
            "trade_id": "c27fff0e-f210-47f1-844a-a6780f6de057",
            "ticker": "KXHIGHCHI-25JAN22-B21.5",
            "count": 10,
            "created_time": "2025-01-22T17:14:04.002502Z",
            "yes_price": 9,
            "no_price": 91,
            "taker_side": "no"
        },
        {
            "trade_id": "50a46619-34d8-4c43-90af-573a48a1758c",
            "ticker": "KXHIGHCHI-25JAN22-B21.5",
            "count": 10,
            "created_time": "2025-01-22T17:14:03.810982Z",
            "yes_price": 9,
            "no_price": 91,
            "taker_side": "no"
        },
        {
            "trade_id": "f4f486f8-8272-4555-a6ce-f3bb54301021",
            "ticker": "KXHIGHCHI-25JAN22-B21.5",
            "count": 20,
            "created_time": "2025-01-22T17:13:40.332671Z",
            "yes_price": 9,
            "no_price": 91,
            "taker_side": "no"
        },
        {
            "trade_id": "e36cb890-c058-4587-a7ad-97c809768152",
            "ticker": "KXHIGHCHI-25JAN22-B21.5",
            "count": 5,
            "created_time": "2025-01-22T17:13:39.802898Z",
            "yes_price": 9,
            "no_price": 91,
            "taker_side": "no"
        },
        {
            "trade_id": "ff8c42b6-ccb4-4a56-8ed7-0acbbeea0665",
            "ticker": "KXHIGHCHI-25JAN22-B21.5",
            "count": 5,
            "created_time": "2025-01-22T17:13:39.656781Z",
            "yes_price": 9,
            "no_price": 91,
            "taker_side": "no"
        },
        {
            "trade_id": "17c33acc-ce6b-44f5-8739-b1726288e375",
            "ticker": "KXHIGHCHI-25JAN22-B21.5",
            "count": 4,
            "created_time": "2025-01-22T17:05:09.12572Z",
            "yes_price": 19,
            "no_price": 81,
            "taker_side": "yes"
        },
        {
            "trade_id": "f43988c2-999a-4a73-b6b1-3420e6f8a4a6",
            "ticker": "KXHIGHCHI-25JAN22-B21.5",
            "count": 43,
            "created_time": "2025-01-22T16:47:42.851216Z",
            "yes_price": 24,
            "no_price": 76,
            "taker_side": "yes"
        },
        {
            "trade_id": "daec5257-224b-487e-b2fb-5be8e99db605",
            "ticker": "KXHIGHCHI-25JAN22-B21.5",
            "count": 16,
            "created_time": "2025-01-22T16:47:42.851216Z",
            "yes_price": 24,
            "no_price": 76,
            "taker_side": "yes"
        },
        {
            "trade_id": "438a8279-3881-4437-a9ea-985415e016a9",
            "ticker": "KXHIGHCHI-25JAN22-B21.5",
            "count": 1,
            "created_time": "2025-01-22T16:44:59.67229Z",
            "yes_price": 11,
            "no_price": 89,
            "taker_side": "no"
        },
        {
            "trade_id": "a1fd90f4-a6d3-4985-9bd1-fa36befad17c",
            "ticker": "KXHIGHCHI-25JAN22-B21.5",
            "count": 2,
            "created_time": "2025-01-22T16:39:48.424426Z",
            "yes_price": 11,
            "no_price": 89,
            "taker_side": "no"
        },
        {
            "trade_id": "bf0389b2-c6fc-476a-aab9-068d15360ef6",
            "ticker": "KXHIGHCHI-25JAN22-B21.5",
            "count": 1,
            "created_time": "2025-01-22T16:39:44.846565Z",
            "yes_price": 26,
            "no_price": 74,
            "taker_side": "yes"
        },
        {
            "trade_id": "9e6b6170-5cf2-4938-8d54-6f9773c7b222",
            "ticker": "KXHIGHCHI-25JAN22-B21.5",
            "count": 17,
            "created_time": "2025-01-22T16:39:44.846565Z",
            "yes_price": 26,
            "no_price": 74,
            "taker_side": "yes"
        },
        {
            "trade_id": "f8c0432d-102a-4a68-a8c5-fa716150a07a",
            "ticker": "KXHIGHCHI-25JAN22-B21.5",
            "count": 3,
            "created_time": "2025-01-22T16:35:44.479865Z",
            "yes_price": 10,
            "no_price": 90,
            "taker_side": "no"
        },
        {
            "trade_id": "850af943-c969-49c4-a588-b17c98f57600",
            "ticker": "KXHIGHCHI-25JAN22-B21.5",
            "count": 6,
            "created_time": "2025-01-22T16:34:37.566775Z",
            "yes_price": 22,
            "no_price": 78,
            "taker_side": "yes"
        },
        {
            "trade_id": "3f459581-13c2-4c98-9a4b-53291378a6ac",
            "ticker": "KXHIGHCHI-25JAN22-B21.5",
            "count": 13,
            "created_time": "2025-01-22T16:34:37.566775Z",
            "yes_price": 32,
            "no_price": 68,
            "taker_side": "yes"
        },
        {
            "trade_id": "476b28ec-5d85-4f34-9d8e-27b0dd1f3994",
            "ticker": "KXHIGHCHI-25JAN22-B21.5",
            "count": 5,
            "created_time": "2025-01-22T16:34:21.52524Z",
            "yes_price": 22,
            "no_price": 78,
            "taker_side": "yes"
        },
        {
            "trade_id": "0cc155d6-1cd8-47fc-8ffa-3f9d129ce5c8",
            "ticker": "KXHIGHCHI-25JAN22-B21.5",
            "count": 8,
            "created_time": "2025-01-22T16:34:21.52524Z",
            "yes_price": 22,
            "no_price": 78,
            "taker_side": "yes"
        },
        {
            "trade_id": "d9fb8100-3e7e-4b7d-a82c-12fd64775fdf",
            "ticker": "KXHIGHCHI-25JAN22-B21.5",
            "count": 2,
            "created_time": "2025-01-22T16:25:05.395239Z",
            "yes_price": 22,
            "no_price": 78,
            "taker_side": "yes"
        },
        {
            "trade_id": "f0a57e24-2ee2-4972-b410-837d34f22d69",
            "ticker": "KXHIGHCHI-25JAN22-B21.5",
            "count": 6,
            "created_time": "2025-01-22T16:14:55.974037Z",
            "yes_price": 29,
            "no_price": 71,
            "taker_side": "yes"
        },
        {
            "trade_id": "d985afca-f8f6-423e-8541-543eb6eae1f6",
            "ticker": "KXHIGHCHI-25JAN22-B21.5",
            "count": 2,
            "created_time": "2025-01-22T16:14:55.974037Z",
            "yes_price": 25,
            "no_price": 75,
            "taker_side": "yes"
        },
        {
            "trade_id": "acf9ae7d-d714-490d-9707-e78f67bb6955",
            "ticker": "KXHIGHCHI-25JAN22-B21.5",
            "count": 4,
            "created_time": "2025-01-22T16:14:55.974037Z",
            "yes_price": 11,
            "no_price": 89,
            "taker_side": "yes"
        },
        {
            "trade_id": "a23f9b7c-897c-4fba-b3f3-09cccc72df21",
            "ticker": "KXHIGHCHI-25JAN22-B21.5",
            "count": 50,
            "created_time": "2025-01-22T16:14:55.974037Z",
            "yes_price": 15,
            "no_price": 85,
            "taker_side": "yes"
        },
        {
            "trade_id": "71577722-6319-49bb-8186-1e48683898d9",
            "ticker": "KXHIGHCHI-25JAN22-B21.5",
            "count": 13,
            "created_time": "2025-01-22T16:14:55.974037Z",
            "yes_price": 19,
            "no_price": 81,
            "taker_side": "yes"
        },
        {
            "trade_id": "6ccd15ed-fc4d-491d-8a5e-43d6e7b017b7",
            "ticker": "KXHIGHCHI-25JAN22-B21.5",
            "count": 90,
            "created_time": "2025-01-22T16:14:55.974037Z",
            "yes_price": 12,
            "no_price": 88,
            "taker_side": "yes"
        },
        {
            "trade_id": "0b416649-73c4-4929-b83b-e87940924dc4",
            "ticker": "KXHIGHCHI-25JAN22-B21.5",
            "count": 18,
            "created_time": "2025-01-22T16:13:06.453813Z",
            "yes_price": 9,
            "no_price": 91,
            "taker_side": "no"
        },
        {
            "trade_id": "308ea8dd-2df4-480b-aceb-8c621f553981",
            "ticker": "KXHIGHCHI-25JAN22-B21.5",
            "count": 3,
            "created_time": "2025-01-22T16:11:07.6819Z",
            "yes_price": 11,
            "no_price": 89,
            "taker_side": "yes"
        },
        {
            "trade_id": "2d4fb516-b5c3-4777-ac7a-c2b5a762f532",
            "ticker": "KXHIGHCHI-25JAN22-B21.5",
            "count": 5,
            "created_time": "2025-01-22T16:11:07.6819Z",
            "yes_price": 12,
            "no_price": 88,
            "taker_side": "yes"
        },
        {
            "trade_id": "830ce78e-239f-4eec-bbd8-10e8fc93119e",
            "ticker": "KXHIGHCHI-25JAN22-B21.5",
            "count": 5,
            "created_time": "2025-01-22T16:00:46.61138Z",
            "yes_price": 12,
            "no_price": 88,
            "taker_side": "yes"
        },
        {
            "trade_id": "067dfc47-416f-4838-b911-d389441e312f",
            "ticker": "KXHIGHCHI-25JAN22-B21.5",
            "count": 7,
            "created_time": "2025-01-22T16:00:46.61138Z",
            "yes_price": 10,
            "no_price": 90,
            "taker_side": "yes"
        },
        {
            "trade_id": "404b73e2-75e6-4cb3-9b81-f028f83fc2f0",
            "ticker": "KXHIGHCHI-25JAN22-B21.5",
            "count": 42,
            "created_time": "2025-01-22T15:56:47.681069Z",
            "yes_price": 9,
            "no_price": 91,
            "taker_side": "no"
        },
        {
            "trade_id": "efc762ac-a346-40f8-bf77-963ca640137b",
            "ticker": "KXHIGHCHI-25JAN22-B21.5",
            "count": 10,
            "created_time": "2025-01-22T15:21:26.961402Z",
            "yes_price": 15,
            "no_price": 85,
            "taker_side": "yes"
        },
        {
            "trade_id": "7d32e9c3-40d9-4a08-a2c8-fe4c4b75a73a",
            "ticker": "KXHIGHCHI-25JAN22-B21.5",
            "count": 1,
            "created_time": "2025-01-22T15:21:26.961402Z",
            "yes_price": 14,
            "no_price": 86,
            "taker_side": "yes"
        },
        {
            "trade_id": "69bdc31e-ba17-4418-8bdc-ac42886070f4",
            "ticker": "KXHIGHCHI-25JAN22-B21.5",
            "count": 1,
            "created_time": "2025-01-22T15:21:26.961402Z",
            "yes_price": 17,
            "no_price": 83,
            "taker_side": "yes"
        },
        {
            "trade_id": "f30b9d1d-3e89-42fb-b6af-1cc874af8990",
            "ticker": "KXHIGHCHI-25JAN22-B21.5",
            "count": 78,
            "created_time": "2025-01-22T15:14:20.561165Z",
            "yes_price": 11,
            "no_price": 89,
            "taker_side": "no"
        },
        {
            "trade_id": "d0a94fe2-dbe0-4898-863c-81e260186705",
            "ticker": "KXHIGHCHI-25JAN22-B21.5",
            "count": 138,
            "created_time": "2025-01-22T15:14:20.561165Z",
            "yes_price": 9,
            "no_price": 91,
            "taker_side": "no"
        },
        {
            "trade_id": "5f874f3e-a9a3-4230-b930-fcfdc96c06af",
            "ticker": "KXHIGHCHI-25JAN22-B21.5",
            "count": 4,
            "created_time": "2025-01-22T15:14:20.561165Z",
            "yes_price": 12,
            "no_price": 88,
            "taker_side": "no"
        },
        {
            "trade_id": "7bd2b5e3-6567-43fa-857e-0e77abb78f60",
            "ticker": "KXHIGHCHI-25JAN22-B21.5",
            "count": 13,
            "created_time": "2025-01-22T15:04:17.164709Z",
            "yes_price": 17,
            "no_price": 83,
            "taker_side": "yes"
        },
        {
            "trade_id": "464e916c-138b-4a92-8e22-144ea373d441",
            "ticker": "KXHIGHCHI-25JAN22-B21.5",
            "count": 77,
            "created_time": "2025-01-22T15:04:17.164709Z",
            "yes_price": 19,
            "no_price": 81,
            "taker_side": "yes"
        },
        {
            "trade_id": "20be7eb1-a155-44f2-8b67-affafae75f88",
            "ticker": "KXHIGHCHI-25JAN22-B21.5",
            "count": 12,
            "created_time": "2025-01-22T15:04:17.164709Z",
            "yes_price": 16,
            "no_price": 84,
            "taker_side": "yes"
        },
        {
            "trade_id": "d1fdf2a7-852e-4754-beca-5d5b70d58211",
            "ticker": "KXHIGHCHI-25JAN22-B21.5",
            "count": 22,
            "created_time": "2025-01-22T15:03:22.502058Z",
            "yes_price": 17,
            "no_price": 83,
            "taker_side": "yes"
        },
        {
            "trade_id": "b9d7746f-ccd8-4200-92e4-f8238640d801",
            "ticker": "KXHIGHCHI-25JAN22-B21.5",
            "count": 10,
            "created_time": "2025-01-22T15:03:22.502058Z",
            "yes_price": 17,
            "no_price": 83,
            "taker_side": "yes"
        },
        {
            "trade_id": "4d722704-db70-4b6d-a777-a3a7f6f56cdb",
            "ticker": "KXHIGHCHI-25JAN22-B21.5",
            "count": 7,
            "created_time": "2025-01-22T15:03:22.502058Z",
            "yes_price": 16,
            "no_price": 84,
            "taker_side": "yes"
        },
        {
            "trade_id": "25f8e489-f80d-4a24-816d-e9a83b7e0201",
            "ticker": "KXHIGHCHI-25JAN22-B21.5",
            "count": 3,
            "created_time": "2025-01-22T15:03:22.502058Z",
            "yes_price": 16,
            "no_price": 84,
            "taker_side": "yes"
        },
        {
            "trade_id": "227ee49d-e34d-434b-8f0e-b53246ef2d20",
            "ticker": "KXHIGHCHI-25JAN22-B21.5",
            "count": 1,
            "created_time": "2025-01-22T15:03:22.502058Z",
            "yes_price": 17,
            "no_price": 83,
            "taker_side": "yes"
        },
        {
            "trade_id": "17cdcf18-48fe-4e98-982c-d4cc5c4387d9",
            "ticker": "KXHIGHCHI-25JAN22-B21.5",
            "count": 13,
            "created_time": "2025-01-22T15:03:22.502058Z",
            "yes_price": 17,
            "no_price": 83,
            "taker_side": "yes"
        },
        {
            "trade_id": "1e4cb84b-e8f3-4774-a6dd-c520a002577a",
            "ticker": "KXHIGHCHI-25JAN22-B21.5",
            "count": 5,
            "created_time": "2025-01-22T14:56:05.750541Z",
            "yes_price": 16,
            "no_price": 84,
            "taker_side": "yes"
        },
        {
            "trade_id": "83a7357e-aa9b-4d34-a99c-736ac6a35589",
            "ticker": "KXHIGHCHI-25JAN22-B21.5",
            "count": 1,
            "created_time": "2025-01-22T14:55:55.456814Z",
            "yes_price": 14,
            "no_price": 86,
            "taker_side": "yes"
        },
        {
            "trade_id": "1fbbe4db-d5bb-45f7-b057-6c3ed6205c97",
            "ticker": "KXHIGHCHI-25JAN22-B21.5",
            "count": 5,
            "created_time": "2025-01-22T14:55:55.456814Z",
            "yes_price": 16,
            "no_price": 84,
            "taker_side": "yes"
        },
        {
            "trade_id": "de234587-6459-4a9f-84ac-cda711f61952",
            "ticker": "KXHIGHCHI-25JAN22-B21.5",
            "count": 2,
            "created_time": "2025-01-22T14:48:07.81616Z",
            "yes_price": 17,
            "no_price": 83,
            "taker_side": "yes"
        },
        {
            "trade_id": "b013ab9c-09ef-485d-90c8-9cba59e36710",
            "ticker": "KXHIGHCHI-25JAN22-B21.5",
            "count": 13,
            "created_time": "2025-01-22T14:48:07.81616Z",
            "yes_price": 16,
            "no_price": 84,
            "taker_side": "yes"
        },
        {
            "trade_id": "ab904180-f174-41f4-bfb9-814257fc82e1",
            "ticker": "KXHIGHCHI-25JAN22-B21.5",
            "count": 54,
            "created_time": "2025-01-22T14:48:07.81616Z",
            "yes_price": 17,
            "no_price": 83,
            "taker_side": "yes"
        },
        {
            "trade_id": "9a5fe6ec-d0b2-4fb5-9ee9-d27c2734a9d2",
            "ticker": "KXHIGHCHI-25JAN22-B21.5",
            "count": 100,
            "created_time": "2025-01-22T14:48:07.81616Z",
            "yes_price": 12,
            "no_price": 88,
            "taker_side": "yes"
        },
        {
            "trade_id": "49dca2d6-bdc8-4e28-aa62-f9b20fb500f3",
            "ticker": "KXHIGHCHI-25JAN22-B21.5",
            "count": 1,
            "created_time": "2025-01-22T14:48:07.81616Z",
            "yes_price": 15,
            "no_price": 85,
            "taker_side": "yes"
        },
        {
            "trade_id": "44e7601d-3c1b-41ad-a860-4702564632dc",
            "ticker": "KXHIGHCHI-25JAN22-B21.5",
            "count": 26,
            "created_time": "2025-01-22T14:48:07.81616Z",
            "yes_price": 17,
            "no_price": 83,
            "taker_side": "yes"
        },
        {
            "trade_id": "2fde5649-86c1-4c86-8f9a-d7e52619c953",
            "ticker": "KXHIGHCHI-25JAN22-B21.5",
            "count": 50,
            "created_time": "2025-01-22T14:48:07.81616Z",
            "yes_price": 15,
            "no_price": 85,
            "taker_side": "yes"
        },
        {
            "trade_id": "19c569b6-fb6d-4b7e-9b5d-fea0e19f8a64",
            "ticker": "KXHIGHCHI-25JAN22-B21.5",
            "count": 7,
            "created_time": "2025-01-22T14:48:07.81616Z",
            "yes_price": 15,
            "no_price": 85,
            "taker_side": "yes"
        },
        {
            "trade_id": "12f4d0c0-e46a-473e-9101-ec4c7edbbb77",
            "ticker": "KXHIGHCHI-25JAN22-B21.5",
            "count": 312,
            "created_time": "2025-01-22T14:48:07.81616Z",
            "yes_price": 17,
            "no_price": 83,
            "taker_side": "yes"
        },
        {
            "trade_id": "0a111276-6aa6-4f9d-8441-77f2bbef9bca",
            "ticker": "KXHIGHCHI-25JAN22-B21.5",
            "count": 22,
            "created_time": "2025-01-22T14:48:07.81616Z",
            "yes_price": 12,
            "no_price": 88,
            "taker_side": "yes"
        },
        {
            "trade_id": "7880d292-bf6f-45e3-8f97-e815278f2e0c",
            "ticker": "KXHIGHCHI-25JAN22-B21.5",
            "count": 2,
            "created_time": "2025-01-22T14:42:40.984353Z",
            "yes_price": 11,
            "no_price": 89,
            "taker_side": "no"
        },
        {
            "trade_id": "c5cfd06d-e94d-4cca-9442-d8a06fb65415",
            "ticker": "KXHIGHCHI-25JAN22-B21.5",
            "count": 78,
            "created_time": "2025-01-22T14:00:29.971877Z",
            "yes_price": 12,
            "no_price": 88,
            "taker_side": "yes"
        },
        {
            "trade_id": "f537a86e-d48a-432b-98e2-be54beabc41f",
            "ticker": "KXHIGHCHI-25JAN22-B21.5",
            "count": 5,
            "created_time": "2025-01-22T13:47:25.241622Z",
            "yes_price": 8,
            "no_price": 92,
            "taker_side": "no"
        },
        {
            "trade_id": "64cf4dc0-c779-4cc8-a976-e770c3a58c2c",
            "ticker": "KXHIGHCHI-25JAN22-B21.5",
            "count": 88,
            "created_time": "2025-01-22T13:47:25.241622Z",
            "yes_price": 6,
            "no_price": 94,
            "taker_side": "no"
        },
        {
            "trade_id": "ff5cc468-4780-48e2-9985-75b80d668d12",
            "ticker": "KXHIGHCHI-25JAN22-B21.5",
            "count": 200,
            "created_time": "2025-01-22T13:46:16.234531Z",
            "yes_price": 9,
            "no_price": 91,
            "taker_side": "yes"
        },
        {
            "trade_id": "ce10cf5b-202f-440f-ad9b-7414742aad4b",
            "ticker": "KXHIGHCHI-25JAN22-B21.5",
            "count": 85,
            "created_time": "2025-01-22T13:46:16.234531Z",
            "yes_price": 12,
            "no_price": 88,
            "taker_side": "yes"
        },
        {
            "trade_id": "2add7e06-96c3-4465-bacb-9b9c22b8e959",
            "ticker": "KXHIGHCHI-25JAN22-B21.5",
            "count": 10,
            "created_time": "2025-01-22T13:18:24.171858Z",
            "yes_price": 6,
            "no_price": 94,
            "taker_side": "no"
        },
        {
            "trade_id": "4da4f936-8aaa-4f09-b175-7366aa80d337",
            "ticker": "KXHIGHCHI-25JAN22-B21.5",
            "count": 10,
            "created_time": "2025-01-22T13:17:41.392375Z",
            "yes_price": 6,
            "no_price": 94,
            "taker_side": "no"
        },
        {
            "trade_id": "196a00c7-5911-4cfe-b3fd-8cfc9bf6dc1d",
            "ticker": "KXHIGHCHI-25JAN22-B21.5",
            "count": 15,
            "created_time": "2025-01-22T13:10:38.356207Z",
            "yes_price": 12,
            "no_price": 88,
            "taker_side": "yes"
        },
        {
            "trade_id": "ed6c2787-198c-4ac7-a4bc-0674a9d31438",
            "ticker": "KXHIGHCHI-25JAN22-B21.5",
            "count": 73,
            "created_time": "2025-01-22T13:08:32.607258Z",
            "yes_price": 9,
            "no_price": 91,
            "taker_side": "no"
        },
        {
            "trade_id": "9843e208-6534-4673-a4fa-0aaf968b8d48",
            "ticker": "KXHIGHCHI-25JAN22-B21.5",
            "count": 6,
            "created_time": "2025-01-22T13:08:05.215408Z",
            "yes_price": 14,
            "no_price": 86,
            "taker_side": "yes"
        },
        {
            "trade_id": "5d72fdba-a636-4a2c-bd5b-81d809db7e93",
            "ticker": "KXHIGHCHI-25JAN22-B21.5",
            "count": 62,
            "created_time": "2025-01-22T13:03:25.647343Z",
            "yes_price": 12,
            "no_price": 88,
            "taker_side": "yes"
        },
        {
            "trade_id": "487bb471-911d-48da-939c-40dc231f38c8",
            "ticker": "KXHIGHCHI-25JAN22-B21.5",
            "count": 13,
            "created_time": "2025-01-22T13:03:25.647343Z",
            "yes_price": 13,
            "no_price": 87,
            "taker_side": "yes"
        },
        {
            "trade_id": "21091f0b-610c-4123-b543-abff134e816e",
            "ticker": "KXHIGHCHI-25JAN22-B21.5",
            "count": 200,
            "created_time": "2025-01-22T13:03:25.647343Z",
            "yes_price": 13,
            "no_price": 87,
            "taker_side": "yes"
        },
        {
            "trade_id": "9150e46b-ce9f-4039-b2d5-9cd897c29042",
            "ticker": "KXHIGHCHI-25JAN22-B21.5",
            "count": 3,
            "created_time": "2025-01-22T13:03:16.108547Z",
            "yes_price": 11,
            "no_price": 89,
            "taker_side": "yes"
        },
        {
            "trade_id": "694bd940-97a3-4ca7-abc3-68b90bc7dd8e",
            "ticker": "KXHIGHCHI-25JAN22-B21.5",
            "count": 77,
            "created_time": "2025-01-22T13:03:16.108547Z",
            "yes_price": 11,
            "no_price": 89,
            "taker_side": "yes"
        },
        {
            "trade_id": "61539c80-37dc-49ff-bcfc-769fb8251fe0",
            "ticker": "KXHIGHCHI-25JAN22-B21.5",
            "count": 1,
            "created_time": "2025-01-22T13:03:16.108547Z",
            "yes_price": 11,
            "no_price": 89,
            "taker_side": "yes"
        },
        {
            "trade_id": "597ae127-94c9-45c8-81be-159f78bb4178",
            "ticker": "KXHIGHCHI-25JAN22-B21.5",
            "count": 71,
            "created_time": "2025-01-22T13:03:16.108547Z",
            "yes_price": 10,
            "no_price": 90,
            "taker_side": "yes"
        },
        {
            "trade_id": "96bb660c-3fca-46b0-897d-c491f59bce34",
            "ticker": "KXHIGHCHI-25JAN22-B21.5",
            "count": 9,
            "created_time": "2025-01-22T13:01:30.89801Z",
            "yes_price": 10,
            "no_price": 90,
            "taker_side": "yes"
        },
        {
            "trade_id": "1cdabfb2-59a6-428b-b62f-7da262beee80",
            "ticker": "KXHIGHCHI-25JAN22-B21.5",
            "count": 11,
            "created_time": "2025-01-22T13:01:12.788971Z",
            "yes_price": 3,
            "no_price": 97,
            "taker_side": "no"
        },
        {
            "trade_id": "b82c131f-c09e-4e09-9922-1b9e0530ad90",
            "ticker": "KXHIGHCHI-25JAN22-B21.5",
            "count": 11,
            "created_time": "2025-01-22T13:00:48.066899Z",
            "yes_price": 11,
            "no_price": 89,
            "taker_side": "yes"
        },
        {
            "trade_id": "d622f81d-e016-4529-a94c-183d147bde61",
            "ticker": "KXHIGHCHI-25JAN22-B21.5",
            "count": 72,
            "created_time": "2025-01-22T07:45:20.672055Z",
            "yes_price": 3,
            "no_price": 97,
            "taker_side": "no"
        },
        {
            "trade_id": "dee4a35a-f91f-4a0a-9bd0-2577b58e3dca",
            "ticker": "KXHIGHCHI-25JAN22-B21.5",
            "count": 3,
            "created_time": "2025-01-22T06:38:25.577739Z",
            "yes_price": 10,
            "no_price": 90,
            "taker_side": "yes"
        },
        {
            "trade_id": "84dcc276-290a-4589-b336-8110108f2f22",
            "ticker": "KXHIGHCHI-25JAN22-B21.5",
            "count": 11,
            "created_time": "2025-01-22T06:38:25.577739Z",
            "yes_price": 10,
            "no_price": 90,
            "taker_side": "yes"
        },
        {
            "trade_id": "481595c4-ec2e-49b0-a1f5-e651c88aa27f",
            "ticker": "KXHIGHCHI-25JAN22-B21.5",
            "count": 2,
            "created_time": "2025-01-22T06:38:25.577739Z",
            "yes_price": 12,
            "no_price": 88,
            "taker_side": "yes"
        },
        {
            "trade_id": "21973730-780c-4e52-b290-78c01212453c",
            "ticker": "KXHIGHCHI-25JAN22-B21.5",
            "count": 77,
            "created_time": "2025-01-22T06:38:25.577739Z",
            "yes_price": 10,
            "no_price": 90,
            "taker_side": "yes"
        },
        {
            "trade_id": "cf850c18-a401-4e65-b3b1-426bd6adca7d",
            "ticker": "KXHIGHCHI-25JAN22-B21.5",
            "count": 1,
            "created_time": "2025-01-22T06:11:44.124796Z",
            "yes_price": 10,
            "no_price": 90,
            "taker_side": "yes"
        },
        {
            "trade_id": "796666b0-0449-479d-9617-02930b526760",
            "ticker": "KXHIGHCHI-25JAN22-B21.5",
            "count": 5,
            "created_time": "2025-01-22T06:11:44.124796Z",
            "yes_price": 12,
            "no_price": 88,
            "taker_side": "yes"
        },
        {
            "trade_id": "59661a47-3558-4406-b975-3032720a1e57",
            "ticker": "KXHIGHCHI-25JAN22-B21.5",
            "count": 5,
            "created_time": "2025-01-22T06:11:44.124796Z",
            "yes_price": 10,
            "no_price": 90,
            "taker_side": "yes"
        },
        {
            "trade_id": "5843ad58-2faf-4c04-8813-8523016d3530",
            "ticker": "KXHIGHCHI-25JAN22-B21.5",
            "count": 6,
            "created_time": "2025-01-22T06:11:44.124796Z",
            "yes_price": 10,
            "no_price": 90,
            "taker_side": "yes"
        },
        {
            "trade_id": "8e196706-9e3c-4aea-8aa1-c669b7bc5cef",
            "ticker": "KXHIGHCHI-25JAN22-B21.5",
            "count": 18,
            "created_time": "2025-01-22T06:05:44.543971Z",
            "yes_price": 10,
            "no_price": 90,
            "taker_side": "yes"
        },
        {
            "trade_id": "df38d692-bfad-4f38-b4a6-c42906730f6f",
            "ticker": "KXHIGHCHI-25JAN22-B21.5",
            "count": 9,
            "created_time": "2025-01-22T05:51:54.277318Z",
            "yes_price": 17,
            "no_price": 83,
            "taker_side": "yes"
        },
        {
            "trade_id": "d317f496-3941-447b-8746-a4b2d8050648",
            "ticker": "KXHIGHCHI-25JAN22-B21.5",
            "count": 312,
            "created_time": "2025-01-22T05:51:54.277318Z",
            "yes_price": 15,
            "no_price": 85,
            "taker_side": "yes"
        },
        {
            "trade_id": "bd6f67d9-51e0-4a43-a0b5-bf95942bac96",
            "ticker": "KXHIGHCHI-25JAN22-B21.5",
            "count": 200,
            "created_time": "2025-01-22T05:51:54.277318Z",
            "yes_price": 10,
            "no_price": 90,
            "taker_side": "yes"
        },
        {
            "trade_id": "981a7b51-2439-4dc9-bdee-cef7c3043e15",
            "ticker": "KXHIGHCHI-25JAN22-B21.5",
            "count": 25,
            "created_time": "2025-01-22T05:51:54.277318Z",
            "yes_price": 6,
            "no_price": 94,
            "taker_side": "yes"
        },
        {
            "trade_id": "70666d3c-5618-40ee-959b-45bb21a1977c",
            "ticker": "KXHIGHCHI-25JAN22-B21.5",
            "count": 70,
            "created_time": "2025-01-22T05:51:54.277318Z",
            "yes_price": 6,
            "no_price": 94,
            "taker_side": "yes"
        },
        {
            "trade_id": "682e2175-6258-44bf-bc26-993f3a3906c2",
            "ticker": "KXHIGHCHI-25JAN22-B21.5",
            "count": 13,
            "created_time": "2025-01-22T05:51:54.277318Z",
            "yes_price": 11,
            "no_price": 89,
            "taker_side": "yes"
        },
        {
            "trade_id": "2979d410-6a39-47d4-90db-32a959115f32",
            "ticker": "KXHIGHCHI-25JAN22-B21.5",
            "count": 1,
            "created_time": "2025-01-22T05:51:54.277318Z",
            "yes_price": 6,
            "no_price": 94,
            "taker_side": "yes"
        },
        {
            "trade_id": "17f86168-be55-4c42-ba8a-3705b9debdff",
            "ticker": "KXHIGHCHI-25JAN22-B21.5",
            "count": 200,
            "created_time": "2025-01-22T05:51:54.277318Z",
            "yes_price": 8,
            "no_price": 92,
            "taker_side": "yes"
        },
        {
            "trade_id": "f89a5681-8425-49c3-8fe3-5404ee5b932d",
            "ticker": "KXHIGHCHI-25JAN22-B21.5",
            "count": 66,
            "created_time": "2025-01-22T05:47:07.216044Z",
            "yes_price": 7,
            "no_price": 93,
            "taker_side": "yes"
        },
        {
            "trade_id": "e23aec9c-8c8d-413b-892c-c7d8a886f92a",
            "ticker": "KXHIGHCHI-25JAN22-B21.5",
            "count": 4,
            "created_time": "2025-01-22T05:47:07.216044Z",
            "yes_price": 5,
            "no_price": 95,
            "taker_side": "yes"
        },
        {
            "trade_id": "e15ade9e-3cc8-4e9c-b68a-2c8429409593",
            "ticker": "KXHIGHCHI-25JAN22-B21.5",
            "count": 6,
            "created_time": "2025-01-22T05:47:07.216044Z",
            "yes_price": 7,
            "no_price": 93,
            "taker_side": "yes"
        },
        {
            "trade_id": "8da47950-d48f-439a-8634-e4def072413a",
            "ticker": "KXHIGHCHI-25JAN22-B21.5",
            "count": 80,
            "created_time": "2025-01-22T05:47:07.216044Z",
            "yes_price": 5,
            "no_price": 95,
            "taker_side": "yes"
        },
        {
            "trade_id": "0ec82318-5a30-421c-8e3e-9ebef272c51d",
            "ticker": "KXHIGHCHI-25JAN22-B21.5",
            "count": 2,
            "created_time": "2025-01-22T05:47:07.216044Z",
            "yes_price": 5,
            "no_price": 95,
            "taker_side": "yes"
        },
        {
            "trade_id": "bc42103a-a837-4cda-8bcf-28abca7c1f6d",
            "ticker": "KXHIGHCHI-25JAN22-B21.5",
            "count": 1741,
            "created_time": "2025-01-22T05:08:11.079326Z",
            "yes_price": 4,
            "no_price": 96,
            "taker_side": "no"
        },
        {
            "trade_id": "e00fdbdd-b67c-44d5-b91b-e4f7c55f8369",
            "ticker": "KXHIGHCHI-25JAN22-B21.5",
            "count": 7,
            "created_time": "2025-01-22T05:00:26.218689Z",
            "yes_price": 6,
            "no_price": 94,
            "taker_side": "yes"
        },
        {
            "trade_id": "8c9017bf-09e6-4054-884a-9aeedfce93a3",
            "ticker": "KXHIGHCHI-25JAN22-B21.5",
            "count": 7,
            "created_time": "2025-01-22T05:00:26.218689Z",
            "yes_price": 7,
            "no_price": 93,
            "taker_side": "yes"
        },
        {
            "trade_id": "df7586d4-3647-4ffc-8072-9bbf3ce62425",
            "ticker": "KXHIGHCHI-25JAN22-B21.5",
            "count": 1341,
            "created_time": "2025-01-22T04:03:41.882581Z",
            "yes_price": 7,
            "no_price": 93,
            "taker_side": "yes"
        },
        {
            "trade_id": "d3c9dd20-2372-4e5e-862f-d850bf3480fc",
            "ticker": "KXHIGHCHI-25JAN22-B21.5",
            "count": 41,
            "created_time": "2025-01-22T03:46:27.022392Z",
            "yes_price": 6,
            "no_price": 94,
            "taker_side": "yes"
        },
        {
            "trade_id": "4aecd5f3-8283-41a8-b2ee-bfb0730cb918",
            "ticker": "KXHIGHCHI-25JAN22-B21.5",
            "count": 2,
            "created_time": "2025-01-22T03:46:27.022392Z",
            "yes_price": 6,
            "no_price": 94,
            "taker_side": "yes"
        },
        {
            "trade_id": "15a2dc27-b890-41bf-b9c2-79707e48678a",
            "ticker": "KXHIGHCHI-25JAN22-B21.5",
            "count": 3,
            "created_time": "2025-01-22T03:46:27.022392Z",
            "yes_price": 6,
            "no_price": 94,
            "taker_side": "yes"
        },
        {
            "trade_id": "e929bc7b-8852-4049-8540-f97abcd46302",
            "ticker": "KXHIGHCHI-25JAN22-B21.5",
            "count": 200,
            "created_time": "2025-01-22T03:36:55.724318Z",
            "yes_price": 7,
            "no_price": 93,
            "taker_side": "yes"
        },
        {
            "trade_id": "474673cc-d90c-49b5-9a33-756835311d66",
            "ticker": "KXHIGHCHI-25JAN22-B21.5",
            "count": 13,
            "created_time": "2025-01-22T03:36:39.471839Z",
            "yes_price": 6,
            "no_price": 94,
            "taker_side": "yes"
        },
        {
            "trade_id": "c6a732df-2a6c-4879-9908-e5ea01880112",
            "ticker": "KXHIGHCHI-25JAN22-B21.5",
            "count": 200,
            "created_time": "2025-01-22T03:35:17.83358Z",
            "yes_price": 7,
            "no_price": 93,
            "taker_side": "yes"
        },
        {
            "trade_id": "cecdf9ff-2aaf-4c88-b263-b9ccaeecbbeb",
            "ticker": "KXHIGHCHI-25JAN22-B21.5",
            "count": 5,
            "created_time": "2025-01-22T03:34:56.466601Z",
            "yes_price": 4,
            "no_price": 96,
            "taker_side": "no"
        },
        {
            "trade_id": "e520f0d5-4ef4-4081-a394-f0bb22b4ddf1",
            "ticker": "KXHIGHCHI-25JAN22-B21.5",
            "count": 43,
            "created_time": "2025-01-22T03:13:09.308551Z",
            "yes_price": 9,
            "no_price": 91,
            "taker_side": "yes"
        },
        {
            "trade_id": "c338b72a-6410-465e-84f8-4c45516075e6",
            "ticker": "KXHIGHCHI-25JAN22-B21.5",
            "count": 54,
            "created_time": "2025-01-22T03:13:09.308551Z",
            "yes_price": 7,
            "no_price": 93,
            "taker_side": "yes"
        },
        {
            "trade_id": "5ee2b325-11b7-4df3-b915-68521a0c3d25",
            "ticker": "KXHIGHCHI-25JAN22-B21.5",
            "count": 21,
            "created_time": "2025-01-22T03:13:09.308551Z",
            "yes_price": 7,
            "no_price": 93,
            "taker_side": "yes"
        },
        {
            "trade_id": "5ec965db-5018-4520-9a57-1765391be608",
            "ticker": "KXHIGHCHI-25JAN22-B21.5",
            "count": 3,
            "created_time": "2025-01-22T03:13:09.308551Z",
            "yes_price": 7,
            "no_price": 93,
            "taker_side": "yes"
        },
        {
            "trade_id": "9a7dbc82-3c56-4cdf-9b8c-37e5166fd52d",
            "ticker": "KXHIGHCHI-25JAN22-B21.5",
            "count": 2,
            "created_time": "2025-01-22T03:03:05.798682Z",
            "yes_price": 7,
            "no_price": 93,
            "taker_side": "yes"
        },
        {
            "trade_id": "471a1911-42ad-4411-9231-34eb36794285",
            "ticker": "KXHIGHCHI-25JAN22-B21.5",
            "count": 9,
            "created_time": "2025-01-22T03:03:05.798682Z",
            "yes_price": 7,
            "no_price": 93,
            "taker_side": "yes"
        },
        {
            "trade_id": "3c57a7db-f39f-4818-a63e-ff4084704c8e",
            "ticker": "KXHIGHCHI-25JAN22-B21.5",
            "count": 2,
            "created_time": "2025-01-22T03:03:05.798682Z",
            "yes_price": 7,
            "no_price": 93,
            "taker_side": "yes"
        },
        {
            "trade_id": "b6d79ccd-cad7-410a-b2f5-07008b6b4ffc",
            "ticker": "KXHIGHCHI-25JAN22-B21.5",
            "count": 23,
            "created_time": "2025-01-22T01:35:46.564453Z",
            "yes_price": 8,
            "no_price": 92,
            "taker_side": "yes"
        },
        {
            "trade_id": "59b4864f-8f52-4641-bec7-eb818e404d69",
            "ticker": "KXHIGHCHI-25JAN22-B21.5",
            "count": 47,
            "created_time": "2025-01-22T01:35:46.564453Z",
            "yes_price": 6,
            "no_price": 94,
            "taker_side": "yes"
        },
        {
            "trade_id": "7c8be5e3-99e8-45b3-ae96-aa21bbf857fd",
            "ticker": "KXHIGHCHI-25JAN22-B21.5",
            "count": 16,
            "created_time": "2025-01-22T01:34:36.846127Z",
            "yes_price": 5,
            "no_price": 95,
            "taker_side": "yes"
        },
        {
            "trade_id": "4f728d2b-f715-4ccf-b641-8098c672f29e",
            "ticker": "KXHIGHCHI-25JAN22-B21.5",
            "count": 51,
            "created_time": "2025-01-22T01:34:36.846127Z",
            "yes_price": 7,
            "no_price": 93,
            "taker_side": "yes"
        },
        {
            "trade_id": "20499981-771f-440c-b189-82e075d10647",
            "ticker": "KXHIGHCHI-25JAN22-B21.5",
            "count": 5,
            "created_time": "2025-01-22T01:34:36.846127Z",
            "yes_price": 5,
            "no_price": 95,
            "taker_side": "yes"
        },
        {
            "trade_id": "f9bff84e-d92d-4267-ac19-dabc773b6b18",
            "ticker": "KXHIGHCHI-25JAN22-B21.5",
            "count": 2,
            "created_time": "2025-01-22T01:29:42.385589Z",
            "yes_price": 5,
            "no_price": 95,
            "taker_side": "yes"
        },
        {
            "trade_id": "5ab7a34f-ef17-47b7-84bd-8efc34307ff4",
            "ticker": "KXHIGHCHI-25JAN22-B21.5",
            "count": 4,
            "created_time": "2025-01-22T01:29:42.385589Z",
            "yes_price": 5,
            "no_price": 95,
            "taker_side": "yes"
        },
        {
            "trade_id": "1cbc62da-4814-4c19-9d8b-dc0008fd72ec",
            "ticker": "KXHIGHCHI-25JAN22-B21.5",
            "count": 12,
            "created_time": "2025-01-22T01:29:42.385589Z",
            "yes_price": 5,
            "no_price": 95,
            "taker_side": "yes"
        },
        {
            "trade_id": "3710be01-07da-4f68-83df-54dd3c3b6d53",
            "ticker": "KXHIGHCHI-25JAN22-B21.5",
            "count": 20,
            "created_time": "2025-01-22T01:26:01.24393Z",
            "yes_price": 5,
            "no_price": 95,
            "taker_side": "yes"
        },
        {
            "trade_id": "b795b489-4078-40e9-95f0-3e1c1b545abe",
            "ticker": "KXHIGHCHI-25JAN22-B21.5",
            "count": 14,
            "created_time": "2025-01-22T01:15:58.056083Z",
            "yes_price": 5,
            "no_price": 95,
            "taker_side": "yes"
        },
        {
            "trade_id": "1ef615da-c08b-466d-9067-822580bff50c",
            "ticker": "KXHIGHCHI-25JAN22-B21.5",
            "count": 4,
            "created_time": "2025-01-22T01:15:58.056083Z",
            "yes_price": 5,
            "no_price": 95,
            "taker_side": "yes"
        },
        {
            "trade_id": "0613d343-59f6-4685-a5f0-91d71ff8a985",
            "ticker": "KXHIGHCHI-25JAN22-B21.5",
            "count": 37,
            "created_time": "2025-01-22T01:04:15.152605Z",
            "yes_price": 5,
            "no_price": 95,
            "taker_side": "yes"
        },
        {
            "trade_id": "3ea9b643-d70c-4e55-8782-f9d0893aa1d6",
            "ticker": "KXHIGHCHI-25JAN22-B21.5",
            "count": 2,
            "created_time": "2025-01-21T18:21:13.91407Z",
            "yes_price": 2,
            "no_price": 98,
            "taker_side": "no"
        },
        {
            "trade_id": "22835672-b1c1-4de0-b215-33b778d1ef9d",
            "ticker": "KXHIGHCHI-25JAN22-B21.5",
            "count": 5,
            "created_time": "2025-01-21T18:04:47.411059Z",
            "yes_price": 1,
            "no_price": 99,
            "taker_side": "no"
        }
    ],
    "KXHIGHCHI-25JAN22-B23.5": [
        {
            "trade_id": "1904a931-9ec4-4649-87cd-89b4ccadcf85",
            "ticker": "KXHIGHCHI-25JAN22-B23.5",
            "count": 18,
            "created_time": "2025-01-23T04:46:28.309748Z",
            "yes_price": 1,
            "no_price": 99,
            "taker_side": "yes"
        },
        {
            "trade_id": "17db7e82-df58-4492-b09c-857d8640d5b6",
            "ticker": "KXHIGHCHI-25JAN22-B23.5",
            "count": 841,
            "created_time": "2025-01-23T04:17:10.232343Z",
            "yes_price": 1,
            "no_price": 99,
            "taker_side": "yes"
        },
        {
            "trade_id": "cc3020ea-9885-4338-8424-914484f2b825",
            "ticker": "KXHIGHCHI-25JAN22-B23.5",
            "count": 18,
            "created_time": "2025-01-23T03:48:06.183262Z",
            "yes_price": 1,
            "no_price": 99,
            "taker_side": "yes"
        },
        {
            "trade_id": "4f6b30f2-a594-4e43-8ab8-6e0836a04d77",
            "ticker": "KXHIGHCHI-25JAN22-B23.5",
            "count": 93,
            "created_time": "2025-01-23T03:10:58.001736Z",
            "yes_price": 1,
            "no_price": 99,
            "taker_side": "yes"
        },
        {
            "trade_id": "a1be169a-a581-4eef-9fc1-8a18c4e388b7",
            "ticker": "KXHIGHCHI-25JAN22-B23.5",
            "count": 146,
            "created_time": "2025-01-23T02:42:22.827479Z",
            "yes_price": 1,
            "no_price": 99,
            "taker_side": "yes"
        },
        {
            "trade_id": "86de39ae-277d-45bd-8cd3-b23a1065cfda",
            "ticker": "KXHIGHCHI-25JAN22-B23.5",
            "count": 1870,
            "created_time": "2025-01-23T01:29:13.658761Z",
            "yes_price": 1,
            "no_price": 99,
            "taker_side": "yes"
        },
        {
            "trade_id": "a9469f82-323b-40d1-999e-449d88352e57",
            "ticker": "KXHIGHCHI-25JAN22-B23.5",
            "count": 100,
            "created_time": "2025-01-23T00:47:35.792308Z",
            "yes_price": 1,
            "no_price": 99,
            "taker_side": "yes"
        },
        {
            "trade_id": "a495313a-f0e1-4c9e-8eac-db1cf8ba45be",
            "ticker": "KXHIGHCHI-25JAN22-B23.5",
            "count": 93,
            "created_time": "2025-01-23T00:36:39.299804Z",
            "yes_price": 1,
            "no_price": 99,
            "taker_side": "yes"
        },
        {
            "trade_id": "b07a867a-c248-4314-9eba-4994386d747c",
            "ticker": "KXHIGHCHI-25JAN22-B23.5",
            "count": 187,
            "created_time": "2025-01-23T00:24:20.78667Z",
            "yes_price": 1,
            "no_price": 99,
            "taker_side": "yes"
        },
        {
            "trade_id": "b26e8e6a-41c8-48d6-af1f-d352f58e4cbc",
            "ticker": "KXHIGHCHI-25JAN22-B23.5",
            "count": 93,
            "created_time": "2025-01-23T00:23:33.583215Z",
            "yes_price": 1,
            "no_price": 99,
            "taker_side": "yes"
        },
        {
            "trade_id": "fa8adfdf-74e7-4da8-abc1-5d359d003962",
            "ticker": "KXHIGHCHI-25JAN22-B23.5",
            "count": 513,
            "created_time": "2025-01-23T00:08:51.386345Z",
            "yes_price": 1,
            "no_price": 99,
            "taker_side": "yes"
        },
        {
            "trade_id": "c7bc0497-6864-406e-a0bc-c89c1dc2f5b5",
            "ticker": "KXHIGHCHI-25JAN22-B23.5",
            "count": 2343,
            "created_time": "2025-01-23T00:08:51.386345Z",
            "yes_price": 1,
            "no_price": 99,
            "taker_side": "yes"
        },
        {
            "trade_id": "4978c29d-faf4-450c-adcc-7d517a80b69e",
            "ticker": "KXHIGHCHI-25JAN22-B23.5",
            "count": 725,
            "created_time": "2025-01-23T00:08:51.386345Z",
            "yes_price": 1,
            "no_price": 99,
            "taker_side": "yes"
        },
        {
            "trade_id": "253a2b19-c035-4bb2-9df3-db2f1c2e6fe6",
            "ticker": "KXHIGHCHI-25JAN22-B23.5",
            "count": 997,
            "created_time": "2025-01-23T00:08:51.386345Z",
            "yes_price": 1,
            "no_price": 99,
            "taker_side": "yes"
        },
        {
            "trade_id": "895a79ae-d6e7-4e2a-95de-e7011f6d3fbf",
            "ticker": "KXHIGHCHI-25JAN22-B23.5",
            "count": 1367,
            "created_time": "2025-01-22T21:53:00.203577Z",
            "yes_price": 1,
            "no_price": 99,
            "taker_side": "yes"
        },
        {
            "trade_id": "0e711b18-487a-49b8-bb78-e26640b84735",
            "ticker": "KXHIGHCHI-25JAN22-B23.5",
            "count": 503,
            "created_time": "2025-01-22T21:53:00.203577Z",
            "yes_price": 1,
            "no_price": 99,
            "taker_side": "yes"
        },
        {
            "trade_id": "94c5ff84-b238-46e3-a717-ac405ab1f0a2",
            "ticker": "KXHIGHCHI-25JAN22-B23.5",
            "count": 200,
            "created_time": "2025-01-22T21:46:59.883182Z",
            "yes_price": 1,
            "no_price": 99,
            "taker_side": "yes"
        },
        {
            "trade_id": "adb4bbc3-1b8e-4900-a4fe-4cd97139cee4",
            "ticker": "KXHIGHCHI-25JAN22-B23.5",
            "count": 59,
            "created_time": "2025-01-22T21:45:31.213372Z",
            "yes_price": 1,
            "no_price": 99,
            "taker_side": "yes"
        },
        {
            "trade_id": "1b7ed3c4-0b98-4438-b674-96ee81f67f32",
            "ticker": "KXHIGHCHI-25JAN22-B23.5",
            "count": 911,
            "created_time": "2025-01-22T21:38:34.464054Z",
            "yes_price": 1,
            "no_price": 99,
            "taker_side": "yes"
        },
        {
            "trade_id": "b44c433f-20e2-4288-a008-ff8d8a1e2d81",
            "ticker": "KXHIGHCHI-25JAN22-B23.5",
            "count": 93,
            "created_time": "2025-01-22T21:22:42.41174Z",
            "yes_price": 1,
            "no_price": 99,
            "taker_side": "yes"
        },
        {
            "trade_id": "6249bec8-bde3-4218-94c4-f545e36cf75d",
            "ticker": "KXHIGHCHI-25JAN22-B23.5",
            "count": 280,
            "created_time": "2025-01-22T21:12:05.241453Z",
            "yes_price": 1,
            "no_price": 99,
            "taker_side": "yes"
        },
        {
            "trade_id": "c84cecd8-e375-4c12-a54f-9e04a60154c8",
            "ticker": "KXHIGHCHI-25JAN22-B23.5",
            "count": 8,
            "created_time": "2025-01-22T20:57:58.301872Z",
            "yes_price": 1,
            "no_price": 99,
            "taker_side": "yes"
        },
        {
            "trade_id": "3f30d71b-7c10-4e97-bf02-64a7e5b113bb",
            "ticker": "KXHIGHCHI-25JAN22-B23.5",
            "count": 467,
            "created_time": "2025-01-22T20:56:31.134365Z",
            "yes_price": 1,
            "no_price": 99,
            "taker_side": "yes"
        },
        {
            "trade_id": "cefdf7ad-a202-4b78-b036-854b5e535c86",
            "ticker": "KXHIGHCHI-25JAN22-B23.5",
            "count": 1043,
            "created_time": "2025-01-22T20:55:40.88437Z",
            "yes_price": 1,
            "no_price": 99,
            "taker_side": "no"
        },
        {
            "trade_id": "82a2d811-ba52-4c6c-8d04-6f289c9b8ee9",
            "ticker": "KXHIGHCHI-25JAN22-B23.5",
            "count": 216,
            "created_time": "2025-01-22T20:55:40.88437Z",
            "yes_price": 1,
            "no_price": 99,
            "taker_side": "no"
        },
        {
            "trade_id": "6fa86c0e-ba69-48fc-aaa8-9bfceeccda88",
            "ticker": "KXHIGHCHI-25JAN22-B23.5",
            "count": 32,
            "created_time": "2025-01-22T20:55:40.88437Z",
            "yes_price": 1,
            "no_price": 99,
            "taker_side": "no"
        },
        {
            "trade_id": "4313995f-8834-4a8e-ad6e-aaa2d04822cb",
            "ticker": "KXHIGHCHI-25JAN22-B23.5",
            "count": 2,
            "created_time": "2025-01-22T20:55:40.88437Z",
            "yes_price": 2,
            "no_price": 98,
            "taker_side": "no"
        },
        {
            "trade_id": "3ef118f8-fb78-41ea-afb0-21a53835a7f5",
            "ticker": "KXHIGHCHI-25JAN22-B23.5",
            "count": 50,
            "created_time": "2025-01-22T20:55:40.88437Z",
            "yes_price": 1,
            "no_price": 99,
            "taker_side": "no"
        },
        {
            "trade_id": "3993a1dd-aebf-4b8e-96bd-28699d855710",
            "ticker": "KXHIGHCHI-25JAN22-B23.5",
            "count": 508,
            "created_time": "2025-01-22T20:55:40.88437Z",
            "yes_price": 1,
            "no_price": 99,
            "taker_side": "no"
        },
        {
            "trade_id": "32ac0123-3712-43f1-b109-96d34a84a790",
            "ticker": "KXHIGHCHI-25JAN22-B23.5",
            "count": 764,
            "created_time": "2025-01-22T20:55:40.88437Z",
            "yes_price": 1,
            "no_price": 99,
            "taker_side": "no"
        },
        {
            "trade_id": "0469d1ca-58e6-41e3-8103-df2dfb6a6b76",
            "ticker": "KXHIGHCHI-25JAN22-B23.5",
            "count": 293,
            "created_time": "2025-01-22T20:55:09.107029Z",
            "yes_price": 8,
            "no_price": 92,
            "taker_side": "yes"
        },
        {
            "trade_id": "ee326122-7833-4e6b-a907-475449529f77",
            "ticker": "KXHIGHCHI-25JAN22-B23.5",
            "count": 113,
            "created_time": "2025-01-22T20:54:33.960582Z",
            "yes_price": 5,
            "no_price": 95,
            "taker_side": "yes"
        },
        {
            "trade_id": "9a350a66-da80-4248-afe0-992c4362c5ea",
            "ticker": "KXHIGHCHI-25JAN22-B23.5",
            "count": 46,
            "created_time": "2025-01-22T20:54:33.960582Z",
            "yes_price": 8,
            "no_price": 92,
            "taker_side": "yes"
        },
        {
            "trade_id": "25b558d4-6eed-47ed-825a-5acf6673516e",
            "ticker": "KXHIGHCHI-25JAN22-B23.5",
            "count": 200,
            "created_time": "2025-01-22T20:53:57.854275Z",
            "yes_price": 1,
            "no_price": 99,
            "taker_side": "no"
        },
        {
            "trade_id": "5cb0b6f1-75bd-4ce5-8565-7dbce624564a",
            "ticker": "KXHIGHCHI-25JAN22-B23.5",
            "count": 56,
            "created_time": "2025-01-22T20:53:17.578249Z",
            "yes_price": 5,
            "no_price": 95,
            "taker_side": "yes"
        },
        {
            "trade_id": "2080e59b-49ba-4614-b29f-daee98799d0c",
            "ticker": "KXHIGHCHI-25JAN22-B23.5",
            "count": 50,
            "created_time": "2025-01-22T20:52:53.777975Z",
            "yes_price": 5,
            "no_price": 95,
            "taker_side": "yes"
        },
        {
            "trade_id": "eab6444a-8383-4467-bfd7-e2ceeae66392",
            "ticker": "KXHIGHCHI-25JAN22-B23.5",
            "count": 93,
            "created_time": "2025-01-22T20:52:17.204066Z",
            "yes_price": 5,
            "no_price": 95,
            "taker_side": "yes"
        },
        {
            "trade_id": "f0f40e76-2e14-4f36-94fd-40e4caf074ee",
            "ticker": "KXHIGHCHI-25JAN22-B23.5",
            "count": 1,
            "created_time": "2025-01-22T20:46:09.714423Z",
            "yes_price": 5,
            "no_price": 95,
            "taker_side": "yes"
        },
        {
            "trade_id": "4af01f20-ed52-4877-bb9f-ce784088a274",
            "ticker": "KXHIGHCHI-25JAN22-B23.5",
            "count": 438,
            "created_time": "2025-01-22T20:45:43.115684Z",
            "yes_price": 2,
            "no_price": 98,
            "taker_side": "no"
        },
        {
            "trade_id": "5a41d868-ad1a-4882-8fa9-87a471249239",
            "ticker": "KXHIGHCHI-25JAN22-B23.5",
            "count": 32,
            "created_time": "2025-01-22T20:45:18.618599Z",
            "yes_price": 5,
            "no_price": 95,
            "taker_side": "yes"
        },
        {
            "trade_id": "048f1910-abfc-424a-a43f-295e325f9443",
            "ticker": "KXHIGHCHI-25JAN22-B23.5",
            "count": 4,
            "created_time": "2025-01-22T20:43:26.819201Z",
            "yes_price": 2,
            "no_price": 98,
            "taker_side": "no"
        },
        {
            "trade_id": "62afc6de-fea2-481b-b746-d27b8a09383d",
            "ticker": "KXHIGHCHI-25JAN22-B23.5",
            "count": 1,
            "created_time": "2025-01-22T20:42:41.074048Z",
            "yes_price": 2,
            "no_price": 98,
            "taker_side": "no"
        },
        {
            "trade_id": "2af7f9c4-173e-45b2-b0ac-d094d6fa7a2b",
            "ticker": "KXHIGHCHI-25JAN22-B23.5",
            "count": 24,
            "created_time": "2025-01-22T20:42:41.074048Z",
            "yes_price": 1,
            "no_price": 99,
            "taker_side": "no"
        },
        {
            "trade_id": "778fd8a0-761e-437e-83c3-646a9efc32dd",
            "ticker": "KXHIGHCHI-25JAN22-B23.5",
            "count": 10,
            "created_time": "2025-01-22T20:42:24.359757Z",
            "yes_price": 1,
            "no_price": 99,
            "taker_side": "no"
        },
        {
            "trade_id": "ec9b7f5c-99ef-45b3-a9d8-784ba5609b15",
            "ticker": "KXHIGHCHI-25JAN22-B23.5",
            "count": 20,
            "created_time": "2025-01-22T20:42:19.268383Z",
            "yes_price": 5,
            "no_price": 95,
            "taker_side": "yes"
        },
        {
            "trade_id": "fd6f621e-5f32-42b0-98a9-a3ce374eee06",
            "ticker": "KXHIGHCHI-25JAN22-B23.5",
            "count": 38,
            "created_time": "2025-01-22T20:42:05.205596Z",
            "yes_price": 1,
            "no_price": 99,
            "taker_side": "no"
        },
        {
            "trade_id": "ecdb9826-b571-4e48-8357-23610a8826da",
            "ticker": "KXHIGHCHI-25JAN22-B23.5",
            "count": 1,
            "created_time": "2025-01-22T20:42:05.205596Z",
            "yes_price": 2,
            "no_price": 98,
            "taker_side": "no"
        },
        {
            "trade_id": "d148efe5-18f5-4375-94e3-ab827033139b",
            "ticker": "KXHIGHCHI-25JAN22-B23.5",
            "count": 92,
            "created_time": "2025-01-22T20:41:37.405339Z",
            "yes_price": 5,
            "no_price": 95,
            "taker_side": "yes"
        },
        {
            "trade_id": "595cacd1-8c38-4559-a743-74cc0b666a2e",
            "ticker": "KXHIGHCHI-25JAN22-B23.5",
            "count": 1,
            "created_time": "2025-01-22T20:41:37.405339Z",
            "yes_price": 5,
            "no_price": 95,
            "taker_side": "yes"
        },
        {
            "trade_id": "bac83ee8-e2e6-442b-b4ec-7be9f5a13275",
            "ticker": "KXHIGHCHI-25JAN22-B23.5",
            "count": 2,
            "created_time": "2025-01-22T20:40:37.88828Z",
            "yes_price": 2,
            "no_price": 98,
            "taker_side": "no"
        },
        {
            "trade_id": "9caf5acd-e931-40d4-8464-328487b1d6e4",
            "ticker": "KXHIGHCHI-25JAN22-B23.5",
            "count": 300,
            "created_time": "2025-01-22T20:40:37.88828Z",
            "yes_price": 2,
            "no_price": 98,
            "taker_side": "no"
        },
        {
            "trade_id": "bdab1b6a-31f9-4c2b-b59c-5fa33145fbcd",
            "ticker": "KXHIGHCHI-25JAN22-B23.5",
            "count": 80,
            "created_time": "2025-01-22T20:37:51.907813Z",
            "yes_price": 7,
            "no_price": 93,
            "taker_side": "yes"
        },
        {
            "trade_id": "a8b5ae26-bbdf-4b6c-add6-6a265ed67fac",
            "ticker": "KXHIGHCHI-25JAN22-B23.5",
            "count": 134,
            "created_time": "2025-01-22T20:37:06.13447Z",
            "yes_price": 7,
            "no_price": 93,
            "taker_side": "yes"
        },
        {
            "trade_id": "d67ae08b-6621-4936-8bef-524934ee61f5",
            "ticker": "KXHIGHCHI-25JAN22-B23.5",
            "count": 3,
            "created_time": "2025-01-22T20:37:05.427409Z",
            "yes_price": 7,
            "no_price": 93,
            "taker_side": "yes"
        },
        {
            "trade_id": "f7812d3f-da7d-4ecb-90b8-bda7c46578d2",
            "ticker": "KXHIGHCHI-25JAN22-B23.5",
            "count": 3,
            "created_time": "2025-01-22T20:35:34.79367Z",
            "yes_price": 7,
            "no_price": 93,
            "taker_side": "yes"
        },
        {
            "trade_id": "e5dd8de2-f86e-4230-bae7-e300625ca85c",
            "ticker": "KXHIGHCHI-25JAN22-B23.5",
            "count": 43,
            "created_time": "2025-01-22T20:35:34.79367Z",
            "yes_price": 8,
            "no_price": 92,
            "taker_side": "yes"
        },
        {
            "trade_id": "41e1abfc-fcb5-49c3-bb45-8177bcd92a52",
            "ticker": "KXHIGHCHI-25JAN22-B23.5",
            "count": 1,
            "created_time": "2025-01-22T20:35:34.79367Z",
            "yes_price": 2,
            "no_price": 98,
            "taker_side": "yes"
        },
        {
            "trade_id": "f9fc9ddb-76dd-4298-bcf1-c86b5b6c8ba7",
            "ticker": "KXHIGHCHI-25JAN22-B23.5",
            "count": 1321,
            "created_time": "2025-01-22T20:34:59.055463Z",
            "yes_price": 1,
            "no_price": 99,
            "taker_side": "no"
        },
        {
            "trade_id": "f34da128-5515-4c9b-9d90-5db7ddefe830",
            "ticker": "KXHIGHCHI-25JAN22-B23.5",
            "count": 5,
            "created_time": "2025-01-22T20:34:59.055463Z",
            "yes_price": 1,
            "no_price": 99,
            "taker_side": "no"
        },
        {
            "trade_id": "be2be2a1-8df8-459a-8d1b-f214f453af21",
            "ticker": "KXHIGHCHI-25JAN22-B23.5",
            "count": 37,
            "created_time": "2025-01-22T20:34:59.055463Z",
            "yes_price": 1,
            "no_price": 99,
            "taker_side": "no"
        },
        {
            "trade_id": "bd840d29-ac12-4463-b4ea-24c8932810de",
            "ticker": "KXHIGHCHI-25JAN22-B23.5",
            "count": 80,
            "created_time": "2025-01-22T20:34:59.055463Z",
            "yes_price": 1,
            "no_price": 99,
            "taker_side": "no"
        },
        {
            "trade_id": "45b70f58-14cc-4ba3-a0a2-b3a2895554e3",
            "ticker": "KXHIGHCHI-25JAN22-B23.5",
            "count": 1,
            "created_time": "2025-01-22T20:34:24.199065Z",
            "yes_price": 2,
            "no_price": 98,
            "taker_side": "yes"
        },
        {
            "trade_id": "ab73f2bb-f4a9-42b7-af41-35adeeb91e42",
            "ticker": "KXHIGHCHI-25JAN22-B23.5",
            "count": 7,
            "created_time": "2025-01-22T20:34:02.070566Z",
            "yes_price": 2,
            "no_price": 98,
            "taker_side": "no"
        },
        {
            "trade_id": "945bfbe1-98ae-4f39-bb61-9b9f91eb8022",
            "ticker": "KXHIGHCHI-25JAN22-B23.5",
            "count": 2,
            "created_time": "2025-01-22T20:34:02.070566Z",
            "yes_price": 2,
            "no_price": 98,
            "taker_side": "no"
        },
        {
            "trade_id": "c9d02454-bf7f-47f8-add7-4c3efac2cc80",
            "ticker": "KXHIGHCHI-25JAN22-B23.5",
            "count": 6,
            "created_time": "2025-01-22T20:33:09.288405Z",
            "yes_price": 8,
            "no_price": 92,
            "taker_side": "yes"
        },
        {
            "trade_id": "546b4caf-0e63-4e73-8e8b-f6467e1ff6da",
            "ticker": "KXHIGHCHI-25JAN22-B23.5",
            "count": 144,
            "created_time": "2025-01-22T20:33:09.288405Z",
            "yes_price": 6,
            "no_price": 94,
            "taker_side": "yes"
        },
        {
            "trade_id": "7a02cd18-da0b-4d52-a0c7-2cfe4d64f1be",
            "ticker": "KXHIGHCHI-25JAN22-B23.5",
            "count": 156,
            "created_time": "2025-01-22T20:32:53.727637Z",
            "yes_price": 6,
            "no_price": 94,
            "taker_side": "yes"
        },
        {
            "trade_id": "bfac4087-27cf-4739-a68e-21a94eab1dee",
            "ticker": "KXHIGHCHI-25JAN22-B23.5",
            "count": 1,
            "created_time": "2025-01-22T20:32:33.627886Z",
            "yes_price": 2,
            "no_price": 98,
            "taker_side": "no"
        },
        {
            "trade_id": "2b47aa48-91f2-4d56-8a9e-1c881a1f5a05",
            "ticker": "KXHIGHCHI-25JAN22-B23.5",
            "count": 1,
            "created_time": "2025-01-22T20:32:13.274448Z",
            "yes_price": 2,
            "no_price": 98,
            "taker_side": "no"
        },
        {
            "trade_id": "2462836e-e793-420d-a6fb-a0451bd095f0",
            "ticker": "KXHIGHCHI-25JAN22-B23.5",
            "count": 160,
            "created_time": "2025-01-22T20:29:55.190558Z",
            "yes_price": 2,
            "no_price": 98,
            "taker_side": "yes"
        },
        {
            "trade_id": "c1c0e689-1cb2-44ec-bac2-9051b1c69c6a",
            "ticker": "KXHIGHCHI-25JAN22-B23.5",
            "count": 300,
            "created_time": "2025-01-22T20:29:53.605517Z",
            "yes_price": 2,
            "no_price": 98,
            "taker_side": "no"
        },
        {
            "trade_id": "0e41b910-30e7-4d8b-af2b-1323a2e6a398",
            "ticker": "KXHIGHCHI-25JAN22-B23.5",
            "count": 50,
            "created_time": "2025-01-22T20:29:53.605517Z",
            "yes_price": 2,
            "no_price": 98,
            "taker_side": "no"
        },
        {
            "trade_id": "d3b7a0ec-e7a5-4bc0-a463-9536afb13b92",
            "ticker": "KXHIGHCHI-25JAN22-B23.5",
            "count": 150,
            "created_time": "2025-01-22T20:29:34.897343Z",
            "yes_price": 3,
            "no_price": 97,
            "taker_side": "no"
        },
        {
            "trade_id": "08c16a31-3a51-43ed-acc0-b89b51a11083",
            "ticker": "KXHIGHCHI-25JAN22-B23.5",
            "count": 1,
            "created_time": "2025-01-22T20:27:58.607295Z",
            "yes_price": 3,
            "no_price": 97,
            "taker_side": "no"
        },
        {
            "trade_id": "fcb5a484-80b0-4b8c-960b-515dfa08547c",
            "ticker": "KXHIGHCHI-25JAN22-B23.5",
            "count": 1,
            "created_time": "2025-01-22T20:27:54.748067Z",
            "yes_price": 4,
            "no_price": 96,
            "taker_side": "no"
        },
        {
            "trade_id": "25bb2f67-9437-49ac-9747-f6fbc9398268",
            "ticker": "KXHIGHCHI-25JAN22-B23.5",
            "count": 246,
            "created_time": "2025-01-22T20:27:54.748067Z",
            "yes_price": 3,
            "no_price": 97,
            "taker_side": "no"
        },
        {
            "trade_id": "e5dc4eb6-2e33-46e8-845e-217523ea564b",
            "ticker": "KXHIGHCHI-25JAN22-B23.5",
            "count": 1,
            "created_time": "2025-01-22T20:27:47.837995Z",
            "yes_price": 4,
            "no_price": 96,
            "taker_side": "no"
        },
        {
            "trade_id": "f841e2b8-a32c-4226-80fb-eacecaf06642",
            "ticker": "KXHIGHCHI-25JAN22-B23.5",
            "count": 7,
            "created_time": "2025-01-22T20:27:28.68395Z",
            "yes_price": 5,
            "no_price": 95,
            "taker_side": "no"
        },
        {
            "trade_id": "84a8f028-2730-407d-820f-328bb366664b",
            "ticker": "KXHIGHCHI-25JAN22-B23.5",
            "count": 153,
            "created_time": "2025-01-22T20:27:28.68395Z",
            "yes_price": 3,
            "no_price": 97,
            "taker_side": "no"
        },
        {
            "trade_id": "3128c78a-edc8-45b3-90b7-8ca81a89bf1f",
            "ticker": "KXHIGHCHI-25JAN22-B23.5",
            "count": 3,
            "created_time": "2025-01-22T20:27:28.68395Z",
            "yes_price": 5,
            "no_price": 95,
            "taker_side": "no"
        },
        {
            "trade_id": "022bac26-5ce6-489a-bbaf-ce2784fe858c",
            "ticker": "KXHIGHCHI-25JAN22-B23.5",
            "count": 50,
            "created_time": "2025-01-22T20:27:28.68395Z",
            "yes_price": 4,
            "no_price": 96,
            "taker_side": "no"
        },
        {
            "trade_id": "c7e1b382-99ff-45cf-a72a-a7586461f366",
            "ticker": "KXHIGHCHI-25JAN22-B23.5",
            "count": 100,
            "created_time": "2025-01-22T20:27:28.377828Z",
            "yes_price": 13,
            "no_price": 87,
            "taker_side": "yes"
        },
        {
            "trade_id": "bcc0e5f0-9394-4260-97b8-01158f0f28ab",
            "ticker": "KXHIGHCHI-25JAN22-B23.5",
            "count": 42,
            "created_time": "2025-01-22T20:27:28.377828Z",
            "yes_price": 13,
            "no_price": 87,
            "taker_side": "yes"
        },
        {
            "trade_id": "99bc2d82-8992-4d97-8430-ae3387af0e78",
            "ticker": "KXHIGHCHI-25JAN22-B23.5",
            "count": 312,
            "created_time": "2025-01-22T20:26:18.601872Z",
            "yes_price": 12,
            "no_price": 88,
            "taker_side": "yes"
        },
        {
            "trade_id": "825be24e-15b9-4603-bf98-021515a29344",
            "ticker": "KXHIGHCHI-25JAN22-B23.5",
            "count": 7,
            "created_time": "2025-01-22T20:26:18.601872Z",
            "yes_price": 12,
            "no_price": 88,
            "taker_side": "yes"
        },
        {
            "trade_id": "706abe23-8818-4ace-98d6-6b58b1090be9",
            "ticker": "KXHIGHCHI-25JAN22-B23.5",
            "count": 339,
            "created_time": "2025-01-22T20:26:18.601872Z",
            "yes_price": 13,
            "no_price": 87,
            "taker_side": "yes"
        },
        {
            "trade_id": "50d9bf1d-edc4-4a65-add3-acdce00f63ed",
            "ticker": "KXHIGHCHI-25JAN22-B23.5",
            "count": 34,
            "created_time": "2025-01-22T20:26:18.601872Z",
            "yes_price": 15,
            "no_price": 85,
            "taker_side": "yes"
        },
        {
            "trade_id": "265fd5dc-64b4-47e7-ac98-6ec277cfa7d2",
            "ticker": "KXHIGHCHI-25JAN22-B23.5",
            "count": 2,
            "created_time": "2025-01-22T20:26:18.601872Z",
            "yes_price": 12,
            "no_price": 88,
            "taker_side": "yes"
        },
        {
            "trade_id": "0fce639e-3eb2-4a9a-a013-b4e393633621",
            "ticker": "KXHIGHCHI-25JAN22-B23.5",
            "count": 50,
            "created_time": "2025-01-22T20:26:18.601872Z",
            "yes_price": 13,
            "no_price": 87,
            "taker_side": "yes"
        },
        {
            "trade_id": "d9ee4de1-b769-4f39-94d8-eaf3b20ab614",
            "ticker": "KXHIGHCHI-25JAN22-B23.5",
            "count": 3,
            "created_time": "2025-01-22T20:23:06.439446Z",
            "yes_price": 8,
            "no_price": 92,
            "taker_side": "yes"
        },
        {
            "trade_id": "44cea0ac-0807-4b39-b1e1-e643fe9e58c3",
            "ticker": "KXHIGHCHI-25JAN22-B23.5",
            "count": 61,
            "created_time": "2025-01-22T20:23:06.439446Z",
            "yes_price": 9,
            "no_price": 91,
            "taker_side": "yes"
        },
        {
            "trade_id": "3485f051-9655-4fd5-88a6-6ee9c54cff30",
            "ticker": "KXHIGHCHI-25JAN22-B23.5",
            "count": 312,
            "created_time": "2025-01-22T20:23:06.439446Z",
            "yes_price": 8,
            "no_price": 92,
            "taker_side": "yes"
        },
        {
            "trade_id": "049036d2-d124-4b06-b84d-ccc9de42125e",
            "ticker": "KXHIGHCHI-25JAN22-B23.5",
            "count": 30,
            "created_time": "2025-01-22T20:22:20.905315Z",
            "yes_price": 11,
            "no_price": 89,
            "taker_side": "no"
        },
        {
            "trade_id": "c537623a-0ae6-48c1-9fca-5c4cbc6c4f28",
            "ticker": "KXHIGHCHI-25JAN22-B23.5",
            "count": 13,
            "created_time": "2025-01-22T20:21:55.513334Z",
            "yes_price": 4,
            "no_price": 96,
            "taker_side": "yes"
        },
        {
            "trade_id": "61161271-34e0-4597-aa99-fd3b17e223a6",
            "ticker": "KXHIGHCHI-25JAN22-B23.5",
            "count": 500,
            "created_time": "2025-01-22T20:21:55.513334Z",
            "yes_price": 4,
            "no_price": 96,
            "taker_side": "yes"
        },
        {
            "trade_id": "e0fa622e-3f58-447f-98ae-9f27481f6bee",
            "ticker": "KXHIGHCHI-25JAN22-B23.5",
            "count": 1,
            "created_time": "2025-01-22T20:20:54.625193Z",
            "yes_price": 4,
            "no_price": 96,
            "taker_side": "yes"
        },
        {
            "trade_id": "5aa57d58-0c1f-4869-8681-58713670f8f5",
            "ticker": "KXHIGHCHI-25JAN22-B23.5",
            "count": 299,
            "created_time": "2025-01-22T20:20:54.625193Z",
            "yes_price": 4,
            "no_price": 96,
            "taker_side": "yes"
        },
        {
            "trade_id": "c7da540e-948e-4054-9eb7-03f535b356f5",
            "ticker": "KXHIGHCHI-25JAN22-B23.5",
            "count": 50,
            "created_time": "2025-01-22T20:20:20.459359Z",
            "yes_price": 1,
            "no_price": 99,
            "taker_side": "no"
        },
        {
            "trade_id": "c067a538-7a69-46c6-91e8-6112fc7645ad",
            "ticker": "KXHIGHCHI-25JAN22-B23.5",
            "count": 59,
            "created_time": "2025-01-22T20:20:20.459359Z",
            "yes_price": 1,
            "no_price": 99,
            "taker_side": "no"
        },
        {
            "trade_id": "5984f664-7ca6-481b-bfe5-93c1bbae52a0",
            "ticker": "KXHIGHCHI-25JAN22-B23.5",
            "count": 2,
            "created_time": "2025-01-22T20:20:20.459359Z",
            "yes_price": 2,
            "no_price": 98,
            "taker_side": "no"
        },
        {
            "trade_id": "0095dfcc-eb97-48a4-8d0e-5b13f04cee74",
            "ticker": "KXHIGHCHI-25JAN22-B23.5",
            "count": 70,
            "created_time": "2025-01-22T20:20:20.459359Z",
            "yes_price": 1,
            "no_price": 99,
            "taker_side": "no"
        },
        {
            "trade_id": "ac2f0502-ea17-4d62-bc35-05b468975151",
            "ticker": "KXHIGHCHI-25JAN22-B23.5",
            "count": 18,
            "created_time": "2025-01-22T20:19:58.668863Z",
            "yes_price": 7,
            "no_price": 93,
            "taker_side": "yes"
        },
        {
            "trade_id": "e664c4ae-637a-41c0-b2e8-5b5255722ddb",
            "ticker": "KXHIGHCHI-25JAN22-B23.5",
            "count": 56,
            "created_time": "2025-01-22T20:19:47.430931Z",
            "yes_price": 9,
            "no_price": 91,
            "taker_side": "yes"
        },
        {
            "trade_id": "b40ed665-85f2-4f9c-b30f-9a2496b4eac8",
            "ticker": "KXHIGHCHI-25JAN22-B23.5",
            "count": 43,
            "created_time": "2025-01-22T20:19:47.430931Z",
            "yes_price": 10,
            "no_price": 90,
            "taker_side": "yes"
        },
        {
