{
    "KXHIGHCHI-25FEB10-T29": [
        {
            "trade_id": "7721eb74-a9e1-4a5b-a3b6-7136d3305330",
            "ticker": "KXHIGHCHI-25FEB10-T29",
            "count": 2431,
            "created_time": "2025-02-11T04:00:44.537159Z",
            "yes_price": 1,
            "no_price": 99,
            "taker_side": "yes"
        },
        {
            "trade_id": "50adb5b4-bece-4b3c-8cd5-6521b8f02f4d",
            "ticker": "KXHIGHCHI-25FEB10-T29",
            "count": 200,
            "created_time": "2025-02-10T13:26:21.870832Z",
            "yes_price": 1,
            "no_price": 99,
            "taker_side": "no"
        },
        {
            "trade_id": "af7ed0b2-092a-43b7-a7c1-c26885300620",
            "ticker": "KXHIGHCHI-25FEB10-T29",
            "count": 37,
            "created_time": "2025-02-10T02:48:27.613415Z",
            "yes_price": 5,
            "no_price": 95,
            "taker_side": "yes"
        },
        {
            "trade_id": "8a312054-c404-4f7e-8720-d6b20558fe78",
            "ticker": "KXHIGHCHI-25FEB10-T29",
            "count": 56,
            "created_time": "2025-02-10T00:10:13.560385Z",
            "yes_price": 5,
            "no_price": 95,
            "taker_side": "yes"
        },
        {
            "trade_id": "72ec7599-0b53-45ea-ad6d-62c3f819da01",
            "ticker": "KXHIGHCHI-25FEB10-T29",
            "count": 1,
            "created_time": "2025-02-09T21:34:36.039754Z",
            "yes_price": 5,
            "no_price": 95,
            "taker_side": "yes"
        }
    ],
    "KXHIGHCHI-25FEB10-B29.5": [
        {
            "trade_id": "a6046281-d7ea-4558-8472-75ad7bd70c7c",
            "ticker": "KXHIGHCHI-25FEB10-B29.5",
            "count": 445,
            "created_time": "2025-02-10T16:47:23.918462Z",
            "yes_price": 1,
            "no_price": 99,
            "taker_side": "no"
        },
        {
            "trade_id": "d0aa4922-32b2-41d9-aad6-c56fcff61b99",
            "ticker": "KXHIGHCHI-25FEB10-B29.5",
            "count": 1,
            "created_time": "2025-02-10T16:28:01.888921Z",
            "yes_price": 2,
            "no_price": 98,
            "taker_side": "no"
        },
        {
            "trade_id": "a9ad0df7-c979-4bc7-9749-845c2adc6599",
            "ticker": "KXHIGHCHI-25FEB10-B29.5",
            "count": 1,
            "created_time": "2025-02-10T16:27:47.684453Z",
            "yes_price": 2,
            "no_price": 98,
            "taker_side": "no"
        },
        {
            "trade_id": "0e8f9045-b882-4519-8cea-f1aa0cfb4d80",
            "ticker": "KXHIGHCHI-25FEB10-B29.5",
            "count": 50,
            "created_time": "2025-02-10T16:27:47.684453Z",
            "yes_price": 2,
            "no_price": 98,
            "taker_side": "no"
        },
        {
            "trade_id": "28d9d17a-65af-470e-b272-a95065abe347",
            "ticker": "KXHIGHCHI-25FEB10-B29.5",
            "count": 24,
            "created_time": "2025-02-10T16:07:53.897638Z",
            "yes_price": 4,
            "no_price": 96,
            "taker_side": "yes"
        },
        {
            "trade_id": "957ee7a4-41ce-4b6f-97aa-14dcb52635c9",
            "ticker": "KXHIGHCHI-25FEB10-B29.5",
            "count": 200,
            "created_time": "2025-02-10T14:58:49.869471Z",
            "yes_price": 2,
            "no_price": 98,
            "taker_side": "no"
        },
        {
            "trade_id": "89d892bb-8c95-4c58-baf5-269ee7640e16",
            "ticker": "KXHIGHCHI-25FEB10-B29.5",
            "count": 55,
            "created_time": "2025-02-10T14:07:14.726245Z",
            "yes_price": 1,
            "no_price": 99,
            "taker_side": "no"
        },
        {
            "trade_id": "b122a3b7-7716-4c9b-b1d2-11b31204a629",
            "ticker": "KXHIGHCHI-25FEB10-B29.5",
            "count": 10,
            "created_time": "2025-02-10T05:29:17.447836Z",
            "yes_price": 8,
            "no_price": 92,
            "taker_side": "yes"
        },
        {
            "trade_id": "4c67fbce-2597-47b8-a0e2-1ef9e723b6fc",
            "ticker": "KXHIGHCHI-25FEB10-B29.5",
            "count": 44,
            "created_time": "2025-02-10T05:29:17.447836Z",
            "yes_price": 8,
            "no_price": 92,
            "taker_side": "yes"
        },
        {
            "trade_id": "15b843da-f05d-4f5e-ac0a-3990b7498cd8",
            "ticker": "KXHIGHCHI-25FEB10-B29.5",
            "count": 5,
            "created_time": "2025-02-10T05:29:17.447836Z",
            "yes_price": 6,
            "no_price": 94,
            "taker_side": "yes"
        },
        {
            "trade_id": "ba89441e-f1c4-4585-96a9-2fc1f9afedfa",
            "ticker": "KXHIGHCHI-25FEB10-B29.5",
            "count": 1,
            "created_time": "2025-02-10T00:10:29.026603Z",
            "yes_price": 6,
            "no_price": 94,
            "taker_side": "yes"
        },
        {
            "trade_id": "aaa9acd3-5a6e-4362-8b19-8aab47dae574",
            "ticker": "KXHIGHCHI-25FEB10-B29.5",
            "count": 30,
            "created_time": "2025-02-10T00:10:29.026603Z",
            "yes_price": 7,
            "no_price": 93,
            "taker_side": "yes"
        },
        {
            "trade_id": "aa68e093-980f-47dd-b334-0979b0db00c6",
            "ticker": "KXHIGHCHI-25FEB10-B29.5",
            "count": 8,
            "created_time": "2025-02-10T00:10:29.026603Z",
            "yes_price": 6,
            "no_price": 94,
            "taker_side": "yes"
        },
        {
            "trade_id": "25e8e4fe-a40d-4353-aefd-91224c8f6f73",
            "ticker": "KXHIGHCHI-25FEB10-B29.5",
            "count": 2,
            "created_time": "2025-02-10T00:10:29.026603Z",
            "yes_price": 6,
            "no_price": 94,
            "taker_side": "yes"
        },
        {
            "trade_id": "6d0beaf1-5341-4d37-93a6-bbdf737d36d2",
            "ticker": "KXHIGHCHI-25FEB10-B29.5",
            "count": 1,
            "created_time": "2025-02-09T21:34:30.322547Z",
            "yes_price": 7,
            "no_price": 93,
            "taker_side": "yes"
        },
        {
            "trade_id": "f587bcf4-708b-4cae-91d4-38368e65c236",
            "ticker": "KXHIGHCHI-25FEB10-B29.5",
            "count": 2,
            "created_time": "2025-02-09T20:48:55.532028Z",
            "yes_price": 5,
            "no_price": 95,
            "taker_side": "yes"
        },
        {
            "trade_id": "6ef51222-af91-4954-a317-fa8f85ad82b8",
            "ticker": "KXHIGHCHI-25FEB10-B29.5",
            "count": 132,
            "created_time": "2025-02-09T20:48:55.532028Z",
            "yes_price": 7,
            "no_price": 93,
            "taker_side": "yes"
        },
        {
            "trade_id": "712d87c6-2a83-4c6c-a79b-30c0ef3f2a2c",
            "ticker": "KXHIGHCHI-25FEB10-B29.5",
            "count": 78,
            "created_time": "2025-02-09T18:42:13.258591Z",
            "yes_price": 6,
            "no_price": 94,
            "taker_side": "yes"
        }
    ],
    "KXHIGHCHI-25FEB10-B31.5": [
        {
            "trade_id": "12834c2e-1fb1-4e4c-a604-1d911026fbc0",
            "ticker": "KXHIGHCHI-25FEB10-B31.5",
            "count": 1402,
            "created_time": "2025-02-11T00:36:05.50417Z",
            "yes_price": 1,
            "no_price": 99,
            "taker_side": "yes"
        },
        {
            "trade_id": "40537403-0ee9-474c-aa3d-0e4ee7bfbd15",
            "ticker": "KXHIGHCHI-25FEB10-B31.5",
            "count": 467,
            "created_time": "2025-02-11T00:35:31.882453Z",
            "yes_price": 1,
            "no_price": 99,
            "taker_side": "yes"
        },
        {
            "trade_id": "2e7b1f73-da30-4ebe-8026-e5acc01f48f6",
            "ticker": "KXHIGHCHI-25FEB10-B31.5",
            "count": 467,
            "created_time": "2025-02-10T23:35:50.049006Z",
            "yes_price": 1,
            "no_price": 99,
            "taker_side": "yes"
        },
        {
            "trade_id": "b436785c-888a-4064-896b-b0b35f1c9c64",
            "ticker": "KXHIGHCHI-25FEB10-B31.5",
            "count": 9041,
            "created_time": "2025-02-10T22:21:28.450543Z",
            "yes_price": 1,
            "no_price": 99,
            "taker_side": "yes"
        },
        {
            "trade_id": "04459ea2-a532-47db-8cd9-dc6b3e7d53fe",
            "ticker": "KXHIGHCHI-25FEB10-B31.5",
            "count": 310,
            "created_time": "2025-02-10T22:21:28.450543Z",
            "yes_price": 1,
            "no_price": 99,
            "taker_side": "yes"
        },
        {
            "trade_id": "a57b1271-c0e6-4fb1-bdf7-5d27bb7a413f",
            "ticker": "KXHIGHCHI-25FEB10-B31.5",
            "count": 3,
            "created_time": "2025-02-10T21:48:57.195685Z",
            "yes_price": 1,
            "no_price": 99,
            "taker_side": "yes"
        },
        {
            "trade_id": "15be6478-3ab6-410c-b697-a9dba31dd4b1",
            "ticker": "KXHIGHCHI-25FEB10-B31.5",
            "count": 200,
            "created_time": "2025-02-10T21:37:43.55587Z",
            "yes_price": 1,
            "no_price": 99,
            "taker_side": "yes"
        },
        {
            "trade_id": "344517eb-60b7-4c42-b61a-84edcfbbc853",
            "ticker": "KXHIGHCHI-25FEB10-B31.5",
            "count": 93,
            "created_time": "2025-02-10T21:01:50.252584Z",
            "yes_price": 1,
            "no_price": 99,
            "taker_side": "yes"
        },
        {
            "trade_id": "c1cd13eb-ef54-437b-93c2-3da649eaf9b4",
            "ticker": "KXHIGHCHI-25FEB10-B31.5",
            "count": 59,
            "created_time": "2025-02-10T20:25:11.668676Z",
            "yes_price": 1,
            "no_price": 99,
            "taker_side": "yes"
        },
        {
            "trade_id": "d26b7aca-750a-4bb7-b72c-1e4fb385019c",
            "ticker": "KXHIGHCHI-25FEB10-B31.5",
            "count": 60,
            "created_time": "2025-02-10T19:34:05.874298Z",
            "yes_price": 1,
            "no_price": 99,
            "taker_side": "yes"
        },
        {
            "trade_id": "812cbb3a-672b-4587-9e0d-4b208bdff8aa",
            "ticker": "KXHIGHCHI-25FEB10-B31.5",
            "count": 2,
            "created_time": "2025-02-10T19:01:01.302408Z",
            "yes_price": 1,
            "no_price": 99,
            "taker_side": "yes"
        },
        {
            "trade_id": "beba996e-ae69-468d-bf75-967c04948552",
            "ticker": "KXHIGHCHI-25FEB10-B31.5",
            "count": 93,
            "created_time": "2025-02-10T18:51:52.120488Z",
            "yes_price": 1,
            "no_price": 99,
            "taker_side": "yes"
        },
        {
            "trade_id": "0f4e4e89-acbb-4e34-9dc3-1a25576ee68c",
            "ticker": "KXHIGHCHI-25FEB10-B31.5",
            "count": 37,
            "created_time": "2025-02-10T18:35:38.963275Z",
            "yes_price": 1,
            "no_price": 99,
            "taker_side": "yes"
        },
        {
            "trade_id": "9b7a8644-0578-4ad6-803e-592ca42df8d0",
            "ticker": "KXHIGHCHI-25FEB10-B31.5",
            "count": 46,
            "created_time": "2025-02-10T18:15:38.335711Z",
            "yes_price": 1,
            "no_price": 99,
            "taker_side": "yes"
        },
        {
            "trade_id": "e6785950-e696-4bd3-8e48-f5d68ba5a86d",
            "ticker": "KXHIGHCHI-25FEB10-B31.5",
            "count": 15,
            "created_time": "2025-02-10T17:49:25.117689Z",
            "yes_price": 1,
            "no_price": 99,
            "taker_side": "no"
        },
        {
            "trade_id": "d662608c-7881-4fc6-b590-6c9b83410e55",
            "ticker": "KXHIGHCHI-25FEB10-B31.5",
            "count": 50,
            "created_time": "2025-02-10T17:49:25.117689Z",
            "yes_price": 2,
            "no_price": 98,
            "taker_side": "no"
        },
        {
            "trade_id": "cdd338c3-14a9-4e54-91d1-a9ed07f3a7cf",
            "ticker": "KXHIGHCHI-25FEB10-B31.5",
            "count": 250,
            "created_time": "2025-02-10T17:49:25.117689Z",
            "yes_price": 2,
            "no_price": 98,
            "taker_side": "no"
        },
        {
            "trade_id": "b4273c95-06e6-4061-a54e-fb7fbc7c5b4e",
            "ticker": "KXHIGHCHI-25FEB10-B31.5",
            "count": 1,
            "created_time": "2025-02-10T17:49:25.117689Z",
            "yes_price": 3,
            "no_price": 97,
            "taker_side": "no"
        },
        {
            "trade_id": "40187e7b-78eb-4b38-8ea3-e593675f8c1d",
            "ticker": "KXHIGHCHI-25FEB10-B31.5",
            "count": 50,
            "created_time": "2025-02-10T17:49:25.117689Z",
            "yes_price": 1,
            "no_price": 99,
            "taker_side": "no"
        },
        {
            "trade_id": "b76a5e16-b015-4231-bd65-83632171a91f",
            "ticker": "KXHIGHCHI-25FEB10-B31.5",
            "count": 3,
            "created_time": "2025-02-10T17:46:09.019419Z",
            "yes_price": 3,
            "no_price": 97,
            "taker_side": "yes"
        },
        {
            "trade_id": "db28fa73-d16c-4be7-8f21-e81b40be1730",
            "ticker": "KXHIGHCHI-25FEB10-B31.5",
            "count": 100,
            "created_time": "2025-02-10T17:41:55.903482Z",
            "yes_price": 2,
            "no_price": 98,
            "taker_side": "no"
        },
        {
            "trade_id": "b3056801-b6f3-4c9a-bee7-7b0635bdd0d2",
            "ticker": "KXHIGHCHI-25FEB10-B31.5",
            "count": 6,
            "created_time": "2025-02-10T17:32:39.480318Z",
            "yes_price": 6,
            "no_price": 94,
            "taker_side": "yes"
        },
        {
            "trade_id": "a5dbfdad-0d29-42d8-9582-0b7cd748adfc",
            "ticker": "KXHIGHCHI-25FEB10-B31.5",
            "count": 21,
            "created_time": "2025-02-10T17:32:39.480318Z",
            "yes_price": 6,
            "no_price": 94,
            "taker_side": "yes"
        },
        {
            "trade_id": "4f92f640-7a44-45e9-9902-e1470892fb13",
            "ticker": "KXHIGHCHI-25FEB10-B31.5",
            "count": 31,
            "created_time": "2025-02-10T17:31:21.387631Z",
            "yes_price": 6,
            "no_price": 94,
            "taker_side": "yes"
        },
        {
            "trade_id": "54521fe0-01fd-4afb-996c-c56a0651ab91",
            "ticker": "KXHIGHCHI-25FEB10-B31.5",
            "count": 46,
            "created_time": "2025-02-10T17:24:10.512883Z",
            "yes_price": 4,
            "no_price": 96,
            "taker_side": "yes"
        },
        {
            "trade_id": "2d1b6911-f80a-4b63-ba8e-6ac39efcc8b1",
            "ticker": "KXHIGHCHI-25FEB10-B31.5",
            "count": 1,
            "created_time": "2025-02-10T17:19:21.092622Z",
            "yes_price": 3,
            "no_price": 97,
            "taker_side": "no"
        },
        {
            "trade_id": "9a1210aa-331b-4532-aafd-e3897b8ec176",
            "ticker": "KXHIGHCHI-25FEB10-B31.5",
            "count": 15,
            "created_time": "2025-02-10T17:12:42.409739Z",
            "yes_price": 6,
            "no_price": 94,
            "taker_side": "yes"
        },
        {
            "trade_id": "064f9d00-6438-4722-a766-7afd04e3c3d1",
            "ticker": "KXHIGHCHI-25FEB10-B31.5",
            "count": 20,
            "created_time": "2025-02-10T16:06:22.051726Z",
            "yes_price": 8,
            "no_price": 92,
            "taker_side": "yes"
        },
        {
            "trade_id": "dba3fc7c-3a29-46f7-9904-2641f96d551c",
            "ticker": "KXHIGHCHI-25FEB10-B31.5",
            "count": 1,
            "created_time": "2025-02-10T16:04:07.225523Z",
            "yes_price": 8,
            "no_price": 92,
            "taker_side": "yes"
        },
        {
            "trade_id": "42463ddb-2481-4a7b-a902-ea7fa1cdc671",
            "ticker": "KXHIGHCHI-25FEB10-B31.5",
            "count": 9,
            "created_time": "2025-02-10T15:52:16.048819Z",
            "yes_price": 4,
            "no_price": 96,
            "taker_side": "no"
        },
        {
            "trade_id": "335f9f1d-4811-4418-98ab-646eb939d9fb",
            "ticker": "KXHIGHCHI-25FEB10-B31.5",
            "count": 4,
            "created_time": "2025-02-10T15:52:16.048819Z",
            "yes_price": 4,
            "no_price": 96,
            "taker_side": "no"
        },
        {
            "trade_id": "07304685-5f7a-4cb2-af9e-276aa47aad52",
            "ticker": "KXHIGHCHI-25FEB10-B31.5",
            "count": 1,
            "created_time": "2025-02-10T15:52:16.048819Z",
            "yes_price": 4,
            "no_price": 96,
            "taker_side": "no"
        },
        {
            "trade_id": "ca88bc6f-3f74-40e3-ac34-7a6c27857443",
            "ticker": "KXHIGHCHI-25FEB10-B31.5",
            "count": 117,
            "created_time": "2025-02-10T15:21:25.243419Z",
            "yes_price": 4,
            "no_price": 96,
            "taker_side": "no"
        },
        {
            "trade_id": "65a0b323-be2f-4217-a976-2c242542f089",
            "ticker": "KXHIGHCHI-25FEB10-B31.5",
            "count": 1,
            "created_time": "2025-02-10T15:21:25.243419Z",
            "yes_price": 4,
            "no_price": 96,
            "taker_side": "no"
        },
        {
            "trade_id": "3b87ddb9-3d28-4fd3-a56c-20860a7b7e4c",
            "ticker": "KXHIGHCHI-25FEB10-B31.5",
            "count": 43,
            "created_time": "2025-02-10T15:21:25.243419Z",
            "yes_price": 3,
            "no_price": 97,
            "taker_side": "no"
        },
        {
            "trade_id": "35267dfb-da98-44c4-8699-e11eb9c0a3b5",
            "ticker": "KXHIGHCHI-25FEB10-B31.5",
            "count": 150,
            "created_time": "2025-02-10T15:21:25.243419Z",
            "yes_price": 4,
            "no_price": 96,
            "taker_side": "no"
        },
        {
            "trade_id": "eb0d8885-9e91-4090-8a54-93c3ee0ec740",
            "ticker": "KXHIGHCHI-25FEB10-B31.5",
            "count": 2,
            "created_time": "2025-02-10T15:18:33.555426Z",
            "yes_price": 5,
            "no_price": 95,
            "taker_side": "no"
        },
        {
            "trade_id": "e4bba90b-25bb-42a6-8261-ad04c01113c3",
            "ticker": "KXHIGHCHI-25FEB10-B31.5",
            "count": 3,
            "created_time": "2025-02-10T15:18:33.555426Z",
            "yes_price": 5,
            "no_price": 95,
            "taker_side": "no"
        },
        {
            "trade_id": "40b5105f-8f02-442e-a811-093206a7b002",
            "ticker": "KXHIGHCHI-25FEB10-B31.5",
            "count": 150,
            "created_time": "2025-02-10T15:18:33.555426Z",
            "yes_price": 5,
            "no_price": 95,
            "taker_side": "no"
        },
        {
            "trade_id": "3742d4d7-d32c-4da6-be50-28c91268a5f0",
            "ticker": "KXHIGHCHI-25FEB10-B31.5",
            "count": 5,
            "created_time": "2025-02-10T15:18:33.555426Z",
            "yes_price": 5,
            "no_price": 95,
            "taker_side": "no"
        },
        {
            "trade_id": "caec8ba1-3ecb-4e1f-a6db-74e61c2f8e12",
            "ticker": "KXHIGHCHI-25FEB10-B31.5",
            "count": 111,
            "created_time": "2025-02-10T15:17:00.017962Z",
            "yes_price": 6,
            "no_price": 94,
            "taker_side": "no"
        },
        {
            "trade_id": "7e76b869-5615-46c1-b0b8-ea1385748933",
            "ticker": "KXHIGHCHI-25FEB10-B31.5",
            "count": 98,
            "created_time": "2025-02-10T15:17:00.017962Z",
            "yes_price": 7,
            "no_price": 93,
            "taker_side": "no"
        },
        {
            "trade_id": "5754d015-9136-4702-8b1d-3e5d8d840db3",
            "ticker": "KXHIGHCHI-25FEB10-B31.5",
            "count": 3,
            "created_time": "2025-02-10T15:17:00.017962Z",
            "yes_price": 5,
            "no_price": 95,
            "taker_side": "no"
        },
        {
            "trade_id": "08299f52-245d-4721-b82b-b987cefe6d62",
            "ticker": "KXHIGHCHI-25FEB10-B31.5",
            "count": 2,
            "created_time": "2025-02-10T15:14:10.642638Z",
            "yes_price": 7,
            "no_price": 93,
            "taker_side": "no"
        },
        {
            "trade_id": "973f8243-85ee-4f7e-abf3-893d1c0ffc42",
            "ticker": "KXHIGHCHI-25FEB10-B31.5",
            "count": 13,
            "created_time": "2025-02-10T14:47:53.014827Z",
            "yes_price": 14,
            "no_price": 86,
            "taker_side": "yes"
        },
        {
            "trade_id": "9160a74a-cb8f-4480-8c5c-b5b7ac7c4133",
            "ticker": "KXHIGHCHI-25FEB10-B31.5",
            "count": 16,
            "created_time": "2025-02-10T14:47:53.014827Z",
            "yes_price": 13,
            "no_price": 87,
            "taker_side": "yes"
        },
        {
            "trade_id": "114ac40f-d334-4eca-884c-edfbecce3a59",
            "ticker": "KXHIGHCHI-25FEB10-B31.5",
            "count": 2,
            "created_time": "2025-02-10T14:47:53.014827Z",
            "yes_price": 13,
            "no_price": 87,
            "taker_side": "yes"
        },
        {
            "trade_id": "b0f72600-39a6-4bb1-87e0-bb007df0bd05",
            "ticker": "KXHIGHCHI-25FEB10-B31.5",
            "count": 12,
            "created_time": "2025-02-10T14:41:47.096697Z",
            "yes_price": 13,
            "no_price": 87,
            "taker_side": "yes"
        },
        {
            "trade_id": "a0c50899-dcfe-4b72-bf8b-c7c30f6afb8b",
            "ticker": "KXHIGHCHI-25FEB10-B31.5",
            "count": 2,
            "created_time": "2025-02-10T14:41:47.096697Z",
            "yes_price": 14,
            "no_price": 86,
            "taker_side": "yes"
        },
        {
            "trade_id": "f56cd148-85d1-447e-94ef-e1920c3de7e1",
            "ticker": "KXHIGHCHI-25FEB10-B31.5",
            "count": 5,
            "created_time": "2025-02-10T14:25:52.915316Z",
            "yes_price": 11,
            "no_price": 89,
            "taker_side": "yes"
        },
        {
            "trade_id": "64996c30-6626-44ba-bddd-6d74154ab703",
            "ticker": "KXHIGHCHI-25FEB10-B31.5",
            "count": 34,
            "created_time": "2025-02-10T14:25:52.915316Z",
            "yes_price": 11,
            "no_price": 89,
            "taker_side": "yes"
        },
        {
            "trade_id": "610be62d-05b9-4bbb-8fdf-7101e2783093",
            "ticker": "KXHIGHCHI-25FEB10-B31.5",
            "count": 2,
            "created_time": "2025-02-10T14:25:52.915316Z",
            "yes_price": 13,
            "no_price": 87,
            "taker_side": "yes"
        },
        {
            "trade_id": "4711777c-b530-4cc0-b1f9-0be83555db75",
            "ticker": "KXHIGHCHI-25FEB10-B31.5",
            "count": 1,
            "created_time": "2025-02-10T14:25:52.915316Z",
            "yes_price": 11,
            "no_price": 89,
            "taker_side": "yes"
        },
        {
            "trade_id": "e8242540-bf40-48f9-9a0c-0a541aba8651",
            "ticker": "KXHIGHCHI-25FEB10-B31.5",
            "count": 240,
            "created_time": "2025-02-10T14:24:16.094644Z",
            "yes_price": 13,
            "no_price": 87,
            "taker_side": "yes"
        },
        {
            "trade_id": "9c5f7acf-daaa-482a-94b7-dc2499d563e2",
            "ticker": "KXHIGHCHI-25FEB10-B31.5",
            "count": 100,
            "created_time": "2025-02-10T14:24:16.094644Z",
            "yes_price": 11,
            "no_price": 89,
            "taker_side": "yes"
        },
        {
            "trade_id": "8c77b12d-4e5f-4f8a-8cc9-7f3b8e24ca84",
            "ticker": "KXHIGHCHI-25FEB10-B31.5",
            "count": 8,
            "created_time": "2025-02-10T14:24:16.094644Z",
            "yes_price": 11,
            "no_price": 89,
            "taker_side": "yes"
        },
        {
            "trade_id": "5e7a2a7e-8aa0-4dc7-86ac-49fc0731f798",
            "ticker": "KXHIGHCHI-25FEB10-B31.5",
            "count": 15,
            "created_time": "2025-02-10T14:24:16.094644Z",
            "yes_price": 11,
            "no_price": 89,
            "taker_side": "yes"
        },
        {
            "trade_id": "2cc1335d-0c74-4714-b070-af8aa6fe45b1",
            "ticker": "KXHIGHCHI-25FEB10-B31.5",
            "count": 16,
            "created_time": "2025-02-10T14:24:16.094644Z",
            "yes_price": 14,
            "no_price": 86,
            "taker_side": "yes"
        },
        {
            "trade_id": "762415ea-aa8b-4d45-a74e-ab6351bc19ed",
            "ticker": "KXHIGHCHI-25FEB10-B31.5",
            "count": 9,
            "created_time": "2025-02-10T14:21:01.403991Z",
            "yes_price": 6,
            "no_price": 94,
            "taker_side": "no"
        },
        {
            "trade_id": "6b8a56ec-6c9e-4590-9e11-c15fe2af6d1f",
            "ticker": "KXHIGHCHI-25FEB10-B31.5",
            "count": 20,
            "created_time": "2025-02-10T14:21:01.403991Z",
            "yes_price": 7,
            "no_price": 93,
            "taker_side": "no"
        },
        {
            "trade_id": "65e9151a-63eb-43f1-b9e6-2a636c7f9494",
            "ticker": "KXHIGHCHI-25FEB10-B31.5",
            "count": 30,
            "created_time": "2025-02-10T14:21:01.403991Z",
            "yes_price": 10,
            "no_price": 90,
            "taker_side": "no"
        },
        {
            "trade_id": "cffb8364-8ebb-469f-be06-54ef0cf9f2f7",
            "ticker": "KXHIGHCHI-25FEB10-B31.5",
            "count": 6,
            "created_time": "2025-02-10T14:17:17.227461Z",
            "yes_price": 11,
            "no_price": 89,
            "taker_side": "yes"
        },
        {
            "trade_id": "95b9374e-dae4-4043-ab85-e3a37b946467",
            "ticker": "KXHIGHCHI-25FEB10-B31.5",
            "count": 11,
            "created_time": "2025-02-10T14:17:17.227461Z",
            "yes_price": 13,
            "no_price": 87,
            "taker_side": "yes"
        },
        {
            "trade_id": "41569335-019a-4f2b-9aae-dd2ee4150727",
            "ticker": "KXHIGHCHI-25FEB10-B31.5",
            "count": 6,
            "created_time": "2025-02-10T14:17:17.227461Z",
            "yes_price": 11,
            "no_price": 89,
            "taker_side": "yes"
        },
        {
            "trade_id": "10365564-b4de-4ca5-9217-10f6008a84a7",
            "ticker": "KXHIGHCHI-25FEB10-B31.5",
            "count": 85,
            "created_time": "2025-02-10T14:09:03.232971Z",
            "yes_price": 11,
            "no_price": 89,
            "taker_side": "yes"
        },
        {
            "trade_id": "e85711c9-6d8d-4bb1-be9e-836f9023138a",
            "ticker": "KXHIGHCHI-25FEB10-B31.5",
            "count": 5,
            "created_time": "2025-02-10T14:08:53.112996Z",
            "yes_price": 10,
            "no_price": 90,
            "taker_side": "yes"
        },
        {
            "trade_id": "a6224b17-61c4-4325-942b-a3dc0b2aa725",
            "ticker": "KXHIGHCHI-25FEB10-B31.5",
            "count": 8,
            "created_time": "2025-02-10T14:08:53.112996Z",
            "yes_price": 10,
            "no_price": 90,
            "taker_side": "yes"
        },
        {
            "trade_id": "94a81506-ba12-4187-b2a1-e3ee65281309",
            "ticker": "KXHIGHCHI-25FEB10-B31.5",
            "count": 100,
            "created_time": "2025-02-10T14:08:53.112996Z",
            "yes_price": 10,
            "no_price": 90,
            "taker_side": "yes"
        },
        {
            "trade_id": "311b6c83-bc5b-49f1-9182-d162bdca5060",
            "ticker": "KXHIGHCHI-25FEB10-B31.5",
            "count": 69,
            "created_time": "2025-02-10T14:08:53.112996Z",
            "yes_price": 10,
            "no_price": 90,
            "taker_side": "yes"
        },
        {
            "trade_id": "13fb0dcf-938c-489c-a009-c13c3eb9cced",
            "ticker": "KXHIGHCHI-25FEB10-B31.5",
            "count": 200,
            "created_time": "2025-02-10T14:08:53.112996Z",
            "yes_price": 10,
            "no_price": 90,
            "taker_side": "yes"
        },
        {
            "trade_id": "699ab664-e7da-4628-8aa3-c39a2d827e95",
            "ticker": "KXHIGHCHI-25FEB10-B31.5",
            "count": 36,
            "created_time": "2025-02-10T05:00:36.132431Z",
            "yes_price": 11,
            "no_price": 89,
            "taker_side": "yes"
        },
        {
            "trade_id": "acea477d-47fa-4ad9-a0d0-a152ab63fd83",
            "ticker": "KXHIGHCHI-25FEB10-B31.5",
            "count": 44,
            "created_time": "2025-02-10T04:58:30.059184Z",
            "yes_price": 11,
            "no_price": 89,
            "taker_side": "yes"
        },
        {
            "trade_id": "7ed7dd00-0286-49f0-9441-2106d9402b01",
            "ticker": "KXHIGHCHI-25FEB10-B31.5",
            "count": 53,
            "created_time": "2025-02-10T04:58:30.059184Z",
            "yes_price": 12,
            "no_price": 88,
            "taker_side": "yes"
        },
        {
            "trade_id": "0313bd95-903c-46d8-8db1-b20d07d46a17",
            "ticker": "KXHIGHCHI-25FEB10-B31.5",
            "count": 3,
            "created_time": "2025-02-10T04:58:30.059184Z",
            "yes_price": 10,
            "no_price": 90,
            "taker_side": "yes"
        },
        {
            "trade_id": "6d9de29f-c158-450c-aaab-d0f27f9c56f0",
            "ticker": "KXHIGHCHI-25FEB10-B31.5",
            "count": 31,
            "created_time": "2025-02-10T03:26:38.025068Z",
            "yes_price": 10,
            "no_price": 90,
            "taker_side": "yes"
        },
        {
            "trade_id": "e789988b-9493-48cd-84ad-24cf0a906557",
            "ticker": "KXHIGHCHI-25FEB10-B31.5",
            "count": 9,
            "created_time": "2025-02-10T02:43:43.608247Z",
            "yes_price": 10,
            "no_price": 90,
            "taker_side": "yes"
        },
        {
            "trade_id": "ff69e117-9ad4-4a86-9bff-4371e8fe3283",
            "ticker": "KXHIGHCHI-25FEB10-B31.5",
            "count": 81,
            "created_time": "2025-02-10T02:43:03.852722Z",
            "yes_price": 9,
            "no_price": 91,
            "taker_side": "yes"
        },
        {
            "trade_id": "b66eb129-51d6-4266-9d2c-a050a4a3cbba",
            "ticker": "KXHIGHCHI-25FEB10-B31.5",
            "count": 59,
            "created_time": "2025-02-10T02:43:03.852722Z",
            "yes_price": 10,
            "no_price": 90,
            "taker_side": "yes"
        },
        {
            "trade_id": "b56045c8-64f2-46b8-82f1-f64292a429e2",
            "ticker": "KXHIGHCHI-25FEB10-B31.5",
            "count": 1,
            "created_time": "2025-02-10T02:43:03.852722Z",
            "yes_price": 9,
            "no_price": 91,
            "taker_side": "yes"
        },
        {
            "trade_id": "6163921d-322d-4b7c-824f-f395efb13abb",
            "ticker": "KXHIGHCHI-25FEB10-B31.5",
            "count": 40,
            "created_time": "2025-02-10T02:43:03.852722Z",
            "yes_price": 11,
            "no_price": 89,
            "taker_side": "yes"
        },
        {
            "trade_id": "44df7d63-cea6-4898-a4c4-cb6d74e8b48f",
            "ticker": "KXHIGHCHI-25FEB10-B31.5",
            "count": 3,
            "created_time": "2025-02-10T02:43:03.852722Z",
            "yes_price": 10,
            "no_price": 90,
            "taker_side": "yes"
        },
        {
            "trade_id": "1a75bada-104c-4dbd-9d41-3d4b069efcc3",
            "ticker": "KXHIGHCHI-25FEB10-B31.5",
            "count": 8,
            "created_time": "2025-02-10T02:43:03.852722Z",
            "yes_price": 9,
            "no_price": 91,
            "taker_side": "yes"
        },
        {
            "trade_id": "e84b3c71-c271-48a5-9846-120298515f28",
            "ticker": "KXHIGHCHI-25FEB10-B31.5",
            "count": 240,
            "created_time": "2025-02-10T00:43:41.59329Z",
            "yes_price": 9,
            "no_price": 91,
            "taker_side": "yes"
        },
        {
            "trade_id": "cd58d49e-010f-4928-95f4-6b166fc6f9fc",
            "ticker": "KXHIGHCHI-25FEB10-B31.5",
            "count": 39,
            "created_time": "2025-02-10T00:43:41.59329Z",
            "yes_price": 7,
            "no_price": 93,
            "taker_side": "yes"
        },
        {
            "trade_id": "85b08907-d21f-4746-8242-bbab53032605",
            "ticker": "KXHIGHCHI-25FEB10-B31.5",
            "count": 1,
            "created_time": "2025-02-10T00:43:41.59329Z",
            "yes_price": 7,
            "no_price": 93,
            "taker_side": "yes"
        },
        {
            "trade_id": "7c6ff58e-2002-46de-b9e9-5dd54610f605",
            "ticker": "KXHIGHCHI-25FEB10-B31.5",
            "count": 15,
            "created_time": "2025-02-10T00:43:41.59329Z",
            "yes_price": 7,
            "no_price": 93,
            "taker_side": "yes"
        },
        {
            "trade_id": "fda9fdec-7ec7-457e-8a5f-f48ac99d0629",
            "ticker": "KXHIGHCHI-25FEB10-B31.5",
            "count": 1,
            "created_time": "2025-02-09T21:34:24.523551Z",
            "yes_price": 10,
            "no_price": 90,
            "taker_side": "yes"
        },
        {
            "trade_id": "bcbfa8c1-dd7b-4f24-aee1-e5e52f6f804c",
            "ticker": "KXHIGHCHI-25FEB10-B31.5",
            "count": 22,
            "created_time": "2025-02-09T18:51:21.315931Z",
            "yes_price": 16,
            "no_price": 84,
            "taker_side": "no"
        },
        {
            "trade_id": "c8fab6cb-d893-446b-b1b1-45e6c567186f",
            "ticker": "KXHIGHCHI-25FEB10-B31.5",
            "count": 13,
            "created_time": "2025-02-09T18:50:40.446871Z",
            "yes_price": 16,
            "no_price": 84,
            "taker_side": "no"
        },
        {
            "trade_id": "24d4d081-7529-4ce5-bcb4-e287ef442881",
            "ticker": "KXHIGHCHI-25FEB10-B31.5",
            "count": 27,
            "created_time": "2025-02-09T18:41:25.225997Z",
            "yes_price": 17,
            "no_price": 83,
            "taker_side": "yes"
        },
        {
            "trade_id": "eede9d47-88de-4a52-b903-19b0e7e8c3c9",
            "ticker": "KXHIGHCHI-25FEB10-B31.5",
            "count": 1,
            "created_time": "2025-02-09T17:30:25.413526Z",
            "yes_price": 11,
            "no_price": 89,
            "taker_side": "no"
        },
        {
            "trade_id": "2bcea99a-88e9-406a-9252-8ef12ca38fc9",
            "ticker": "KXHIGHCHI-25FEB10-B31.5",
            "count": 22,
            "created_time": "2025-02-09T15:39:47.240928Z",
            "yes_price": 17,
            "no_price": 83,
            "taker_side": "yes"
        }
    ],
    "KXHIGHCHI-25FEB10-B33.5": [
        {
            "trade_id": "92bd7607-08d0-48ed-8b48-b42666f201ce",
            "ticker": "KXHIGHCHI-25FEB10-B33.5",
            "count": 1870,
            "created_time": "2025-02-10T22:48:59.49952Z",
            "yes_price": 1,
            "no_price": 99,
            "taker_side": "yes"
        },
        {
            "trade_id": "36ec0402-cfd8-4305-8b9c-2a4444b165d6",
            "ticker": "KXHIGHCHI-25FEB10-B33.5",
            "count": 9351,
            "created_time": "2025-02-10T22:46:01.950817Z",
            "yes_price": 1,
            "no_price": 99,
            "taker_side": "yes"
        },
        {
            "trade_id": "aeb33bda-6c08-4c50-ad19-c285477f4c30",
            "ticker": "KXHIGHCHI-25FEB10-B33.5",
            "count": 4,
            "created_time": "2025-02-10T22:39:54.412256Z",
            "yes_price": 21,
            "no_price": 79,
            "taker_side": "yes"
        },
        {
            "trade_id": "fdd70eca-b8df-4233-9e59-dabf2a8a04d3",
            "ticker": "KXHIGHCHI-25FEB10-B33.5",
            "count": 300,
            "created_time": "2025-02-10T22:37:52.510008Z",
            "yes_price": 2,
            "no_price": 98,
            "taker_side": "yes"
        },
        {
            "trade_id": "e4bc1dcc-81c4-46a3-a6f1-f2dea46c551b",
            "ticker": "KXHIGHCHI-25FEB10-B33.5",
            "count": 1067,
            "created_time": "2025-02-10T22:37:52.510008Z",
            "yes_price": 27,
            "no_price": 73,
            "taker_side": "yes"
        },
        {
            "trade_id": "ce7f3cf6-20f2-40f2-b6fe-43315b311e75",
            "ticker": "KXHIGHCHI-25FEB10-B33.5",
            "count": 194,
            "created_time": "2025-02-10T22:37:52.510008Z",
            "yes_price": 1,
            "no_price": 99,
            "taker_side": "yes"
        },
        {
            "trade_id": "b9a328cf-b488-4928-b81d-7a0202862d06",
            "ticker": "KXHIGHCHI-25FEB10-B33.5",
            "count": 1510,
            "created_time": "2025-02-10T22:37:52.510008Z",
            "yes_price": 5,
            "no_price": 95,
            "taker_side": "yes"
        },
        {
            "trade_id": "aaacc2bd-a86b-434c-a411-303e034fbfb7",
            "ticker": "KXHIGHCHI-25FEB10-B33.5",
            "count": 1000,
            "created_time": "2025-02-10T22:37:52.510008Z",
            "yes_price": 9,
            "no_price": 91,
            "taker_side": "yes"
        },
        {
            "trade_id": "39a28fea-2b7b-4a03-8568-c0575e466fb5",
            "ticker": "KXHIGHCHI-25FEB10-B33.5",
            "count": 50,
            "created_time": "2025-02-10T22:37:52.510008Z",
            "yes_price": 1,
            "no_price": 99,
            "taker_side": "yes"
        },
        {
            "trade_id": "1d887b91-c8c9-4114-a999-ad9010928796",
            "ticker": "KXHIGHCHI-25FEB10-B33.5",
            "count": 100,
            "created_time": "2025-02-10T22:37:52.510008Z",
            "yes_price": 11,
            "no_price": 89,
            "taker_side": "yes"
        },
        {
            "trade_id": "f9fbfa78-fb86-4916-ba41-09da7325efa1",
            "ticker": "KXHIGHCHI-25FEB10-B33.5",
            "count": 5518,
            "created_time": "2025-02-10T22:21:49.427778Z",
            "yes_price": 3,
            "no_price": 97,
            "taker_side": "yes"
        },
        {
            "trade_id": "e90f2058-f933-45f3-b617-c349e36ef73f",
            "ticker": "KXHIGHCHI-25FEB10-B33.5",
            "count": 976,
            "created_time": "2025-02-10T22:21:49.427778Z",
            "yes_price": 1,
            "no_price": 99,
            "taker_side": "yes"
        },
        {
            "trade_id": "e301c238-1160-454d-9c57-9f8b0c5e640e",
            "ticker": "KXHIGHCHI-25FEB10-B33.5",
            "count": 1,
            "created_time": "2025-02-10T22:21:49.427778Z",
            "yes_price": 4,
            "no_price": 96,
            "taker_side": "yes"
        },
        {
            "trade_id": "a2dc3697-4e82-488f-bd99-3c77e41d2d64",
            "ticker": "KXHIGHCHI-25FEB10-B33.5",
            "count": 200,
            "created_time": "2025-02-10T22:21:49.427778Z",
            "yes_price": 8,
            "no_price": 92,
            "taker_side": "yes"
        },
        {
            "trade_id": "9bad85fc-3781-4332-85df-6db7820f542f",
            "ticker": "KXHIGHCHI-25FEB10-B33.5",
            "count": 100,
            "created_time": "2025-02-10T22:21:49.427778Z",
            "yes_price": 2,
            "no_price": 98,
            "taker_side": "yes"
        },
        {
            "trade_id": "933c9d8b-45dc-4b12-bcaf-58b18b37b762",
            "ticker": "KXHIGHCHI-25FEB10-B33.5",
            "count": 106,
            "created_time": "2025-02-10T22:21:49.427778Z",
            "yes_price": 32,
            "no_price": 68,
            "taker_side": "yes"
        },
        {
            "trade_id": "81b1533c-5051-4cb2-a502-df4b789bc925",
            "ticker": "KXHIGHCHI-25FEB10-B33.5",
            "count": 3001,
            "created_time": "2025-02-10T22:21:49.427778Z",
            "yes_price": 1,
            "no_price": 99,
            "taker_side": "yes"
        },
        {
            "trade_id": "64bfc0a1-b3ed-4a1e-a27f-49502d083714",
            "ticker": "KXHIGHCHI-25FEB10-B33.5",
            "count": 7,
            "created_time": "2025-02-10T22:21:49.427778Z",
            "yes_price": 19,
            "no_price": 81,
            "taker_side": "yes"
        },
        {
            "trade_id": "5c9297f4-f9f0-4147-9ca0-d01b2269ccc8",
            "ticker": "KXHIGHCHI-25FEB10-B33.5",
            "count": 50,
            "created_time": "2025-02-10T22:21:49.427778Z",
            "yes_price": 26,
            "no_price": 74,
            "taker_side": "yes"
        },
        {
            "trade_id": "5aef9454-6078-4c5b-a6c8-4018929e75e8",
            "ticker": "KXHIGHCHI-25FEB10-B33.5",
            "count": 300,
            "created_time": "2025-02-10T22:21:49.427778Z",
            "yes_price": 16,
            "no_price": 84,
            "taker_side": "yes"
        },
        {
            "trade_id": "4940a943-32b7-4c27-b239-b0816412b815",
            "ticker": "KXHIGHCHI-25FEB10-B33.5",
            "count": 3980,
            "created_time": "2025-02-10T22:21:49.427778Z",
            "yes_price": 2,
            "no_price": 98,
            "taker_side": "yes"
        },
        {
            "trade_id": "2cdb160c-6a1a-417b-b729-b6a16e1174c0",
            "ticker": "KXHIGHCHI-25FEB10-B33.5",
            "count": 1,
            "created_time": "2025-02-10T22:21:49.427778Z",
            "yes_price": 4,
            "no_price": 96,
            "taker_side": "yes"
        },
        {
            "trade_id": "26fd61f6-3dba-4728-a1cc-10b0245854d4",
            "ticker": "KXHIGHCHI-25FEB10-B33.5",
            "count": 6060,
            "created_time": "2025-02-10T22:21:49.427778Z",
            "yes_price": 1,
            "no_price": 99,
            "taker_side": "yes"
        },
        {
            "trade_id": "1a59f71b-7c54-4b1f-b03b-40572ba11b80",
            "ticker": "KXHIGHCHI-25FEB10-B33.5",
            "count": 20,
            "created_time": "2025-02-10T22:21:49.427778Z",
            "yes_price": 1,
            "no_price": 99,
            "taker_side": "yes"
        },
        {
            "trade_id": "0aafd95d-3002-48cd-8975-8b777166f0b5",
            "ticker": "KXHIGHCHI-25FEB10-B33.5",
            "count": 22,
            "created_time": "2025-02-10T22:21:49.427778Z",
            "yes_price": 23,
            "no_price": 77,
            "taker_side": "yes"
        },
        {
            "trade_id": "02911fd7-4e31-45de-bed6-a6634bf71ded",
            "ticker": "KXHIGHCHI-25FEB10-B33.5",
            "count": 100,
            "created_time": "2025-02-10T22:21:49.427778Z",
            "yes_price": 4,
            "no_price": 96,
            "taker_side": "yes"
        },
        {
            "trade_id": "f2c6f7cf-6dae-4fa2-966e-d2828897f62e",
            "ticker": "KXHIGHCHI-25FEB10-B33.5",
            "count": 43940,
            "created_time": "2025-02-10T22:02:34.28079Z",
            "yes_price": 1,
            "no_price": 99,
            "taker_side": "yes"
        },
        {
            "trade_id": "904c27b6-c865-4c2a-b174-04cb9470e572",
            "ticker": "KXHIGHCHI-25FEB10-B33.5",
            "count": 2790,
            "created_time": "2025-02-10T22:02:34.28079Z",
            "yes_price": 1,
            "no_price": 99,
            "taker_side": "yes"
        },
        {
            "trade_id": "cc4c1669-1e3b-48a3-94d6-1f91c65dd303",
            "ticker": "KXHIGHCHI-25FEB10-B33.5",
            "count": 200,
            "created_time": "2025-02-10T21:50:28.59027Z",
            "yes_price": 1,
            "no_price": 99,
            "taker_side": "yes"
        },
        {
            "trade_id": "5d1b9d16-9c48-46af-a666-bf2e952644ec",
            "ticker": "KXHIGHCHI-25FEB10-B33.5",
            "count": 500,
            "created_time": "2025-02-10T21:50:28.59027Z",
            "yes_price": 1,
            "no_price": 99,
            "taker_side": "yes"
        },
        {
            "trade_id": "47f0db25-1c44-4092-971a-b60cdb78693d",
            "ticker": "KXHIGHCHI-25FEB10-B33.5",
            "count": 845,
            "created_time": "2025-02-10T21:50:28.59027Z",
            "yes_price": 1,
            "no_price": 99,
            "taker_side": "yes"
        },
        {
            "trade_id": "3ef7345f-8b02-4613-bd68-1a984a631657",
            "ticker": "KXHIGHCHI-25FEB10-B33.5",
            "count": 4459,
            "created_time": "2025-02-10T21:50:28.59027Z",
            "yes_price": 1,
            "no_price": 99,
            "taker_side": "yes"
        },
        {
            "trade_id": "32676b9c-81bf-4f8b-a2d0-6e0abd7d17f9",
            "ticker": "KXHIGHCHI-25FEB10-B33.5",
            "count": 1999,
            "created_time": "2025-02-10T21:50:28.59027Z",
            "yes_price": 1,
            "no_price": 99,
            "taker_side": "yes"
        },
        {
            "trade_id": "1b5d534c-cb07-4d9c-a747-d152215b9d56",
            "ticker": "KXHIGHCHI-25FEB10-B33.5",
            "count": 634,
            "created_time": "2025-02-10T21:50:28.59027Z",
            "yes_price": 1,
            "no_price": 99,
            "taker_side": "yes"
        },
        {
            "trade_id": "0b201c8a-18d3-4d2d-9d75-321ed7b5fbc9",
            "ticker": "KXHIGHCHI-25FEB10-B33.5",
            "count": 710,
            "created_time": "2025-02-10T21:50:28.59027Z",
            "yes_price": 1,
            "no_price": 99,
            "taker_side": "yes"
        },
        {
            "trade_id": "05332660-604d-4bed-bfa9-0e4e6c47f6a0",
            "ticker": "KXHIGHCHI-25FEB10-B33.5",
            "count": 1,
            "created_time": "2025-02-10T21:50:28.59027Z",
            "yes_price": 1,
            "no_price": 99,
            "taker_side": "yes"
        },
        {
            "trade_id": "5fd825fb-158a-4b53-b724-287c989c0004",
            "ticker": "KXHIGHCHI-25FEB10-B33.5",
            "count": 1402,
            "created_time": "2025-02-10T21:25:03.061602Z",
            "yes_price": 1,
            "no_price": 99,
            "taker_side": "yes"
        },
        {
            "trade_id": "267c83f7-ab3a-468c-8627-9007ef231d94",
            "ticker": "KXHIGHCHI-25FEB10-B33.5",
            "count": 93,
            "created_time": "2025-02-10T21:02:01.561454Z",
            "yes_price": 1,
            "no_price": 99,
            "taker_side": "yes"
        },
        {
            "trade_id": "0b04747a-e051-4b2d-94c1-b8eae89b552f",
            "ticker": "KXHIGHCHI-25FEB10-B33.5",
            "count": 467,
            "created_time": "2025-02-10T19:51:14.981056Z",
            "yes_price": 1,
            "no_price": 99,
            "taker_side": "yes"
        },
        {
            "trade_id": "e04fe879-3565-49c0-85f3-1e46f1d93a2a",
            "ticker": "KXHIGHCHI-25FEB10-B33.5",
            "count": 693,
            "created_time": "2025-02-10T19:41:46.170092Z",
            "yes_price": 1,
            "no_price": 99,
            "taker_side": "yes"
        },
        {
            "trade_id": "c6399309-e012-4c5a-8c6a-f061a39182ce",
            "ticker": "KXHIGHCHI-25FEB10-B33.5",
            "count": 8107,
            "created_time": "2025-02-10T19:41:46.170092Z",
            "yes_price": 1,
            "no_price": 99,
            "taker_side": "yes"
        },
        {
            "trade_id": "2a36b814-4bf0-4086-8c8b-0172dcbd356a",
            "ticker": "KXHIGHCHI-25FEB10-B33.5",
            "count": 93,
            "created_time": "2025-02-10T19:38:33.69867Z",
            "yes_price": 1,
            "no_price": 99,
            "taker_side": "yes"
        },
        {
            "trade_id": "c8c139de-5a3b-4338-a34f-3d1e8d90e29d",
            "ticker": "KXHIGHCHI-25FEB10-B33.5",
            "count": 935,
            "created_time": "2025-02-10T19:37:56.917883Z",
            "yes_price": 1,
            "no_price": 99,
            "taker_side": "yes"
        },
        {
            "trade_id": "3492e65a-27a3-4c18-ac76-ec39151ef275",
            "ticker": "KXHIGHCHI-25FEB10-B33.5",
            "count": 93,
            "created_time": "2025-02-10T19:34:43.071174Z",
            "yes_price": 1,
            "no_price": 99,
            "taker_side": "yes"
        },
        {
            "trade_id": "b45f1dd1-b79f-4783-a765-df8a2c05b192",
            "ticker": "KXHIGHCHI-25FEB10-B33.5",
            "count": 13,
            "created_time": "2025-02-10T19:32:56.032641Z",
            "yes_price": 1,
            "no_price": 99,
            "taker_side": "yes"
        },
        {
            "trade_id": "81580c7e-ccc9-4149-b607-c4e8f7b4f64b",
            "ticker": "KXHIGHCHI-25FEB10-B33.5",
            "count": 20,
            "created_time": "2025-02-10T19:07:16.027044Z",
            "yes_price": 2,
            "no_price": 98,
            "taker_side": "yes"
        },
        {
            "trade_id": "c4547761-7b32-4a52-aaa6-8776fc059464",
            "ticker": "KXHIGHCHI-25FEB10-B33.5",
            "count": 1933,
            "created_time": "2025-02-10T19:03:41.225435Z",
            "yes_price": 1,
            "no_price": 99,
            "taker_side": "yes"
        },
        {
            "trade_id": "85728228-3757-4bd1-a1f3-dc67fadc5b0c",
            "ticker": "KXHIGHCHI-25FEB10-B33.5",
            "count": 300,
            "created_time": "2025-02-10T19:03:41.225435Z",
            "yes_price": 1,
            "no_price": 99,
            "taker_side": "yes"
        },
        {
            "trade_id": "7239b9bf-0f44-4868-88ea-68e86f02ba72",
            "ticker": "KXHIGHCHI-25FEB10-B33.5",
            "count": 798,
            "created_time": "2025-02-10T19:03:41.225435Z",
            "yes_price": 3,
            "no_price": 97,
            "taker_side": "yes"
        },
        {
            "trade_id": "1b70f033-5e6b-44e1-a8ae-ef1b9871ba1d",
            "ticker": "KXHIGHCHI-25FEB10-B33.5",
            "count": 50,
            "created_time": "2025-02-10T19:03:41.225435Z",
            "yes_price": 1,
            "no_price": 99,
            "taker_side": "yes"
        },
        {
            "trade_id": "04fb5375-a5e1-48fb-af88-f6d3622d7e2a",
            "ticker": "KXHIGHCHI-25FEB10-B33.5",
            "count": 280,
            "created_time": "2025-02-10T18:58:08.653267Z",
            "yes_price": 1,
            "no_price": 99,
            "taker_side": "yes"
        },
        {
            "trade_id": "6b8a13fb-0aaf-49e0-b6e9-061a5a04917f",
            "ticker": "KXHIGHCHI-25FEB10-B33.5",
            "count": 4675,
            "created_time": "2025-02-10T18:55:53.636135Z",
            "yes_price": 1,
            "no_price": 99,
            "taker_side": "yes"
        },
        {
            "trade_id": "7506c359-4b30-41de-84ff-272fdab0bbc3",
            "ticker": "KXHIGHCHI-25FEB10-B33.5",
            "count": 1000,
            "created_time": "2025-02-10T18:53:33.866648Z",
            "yes_price": 1,
            "no_price": 99,
            "taker_side": "yes"
        },
        {
            "trade_id": "eb87f9d5-8eed-4710-8808-59c77b28936c",
            "ticker": "KXHIGHCHI-25FEB10-B33.5",
            "count": 10,
            "created_time": "2025-02-10T18:48:57.538904Z",
            "yes_price": 1,
            "no_price": 99,
            "taker_side": "yes"
        },
        {
            "trade_id": "099d239d-63ab-49e1-a445-678ecc04aa3a",
            "ticker": "KXHIGHCHI-25FEB10-B33.5",
            "count": 57,
            "created_time": "2025-02-10T18:47:15.523912Z",
            "yes_price": 1,
            "no_price": 99,
            "taker_side": "yes"
        },
        {
            "trade_id": "aaa56666-2801-4ad6-b955-1dd389422a32",
            "ticker": "KXHIGHCHI-25FEB10-B33.5",
            "count": 4430,
            "created_time": "2025-02-10T18:44:58.751353Z",
            "yes_price": 1,
            "no_price": 99,
            "taker_side": "yes"
        },
        {
            "trade_id": "a0a1347e-1b2d-4e39-9522-569923ae8a02",
            "ticker": "KXHIGHCHI-25FEB10-B33.5",
            "count": 129,
            "created_time": "2025-02-10T18:43:39.340503Z",
            "yes_price": 1,
            "no_price": 99,
            "taker_side": "yes"
        },
        {
            "trade_id": "d17dd56d-3832-436e-bc15-4a9f5670fe07",
            "ticker": "KXHIGHCHI-25FEB10-B33.5",
            "count": 200,
            "created_time": "2025-02-10T18:41:07.830215Z",
            "yes_price": 2,
            "no_price": 98,
            "taker_side": "no"
        },
        {
            "trade_id": "677b8456-bd2d-4faa-91ab-fbea53a875f6",
            "ticker": "KXHIGHCHI-25FEB10-B33.5",
            "count": 1500,
            "created_time": "2025-02-10T18:41:07.830215Z",
            "yes_price": 1,
            "no_price": 99,
            "taker_side": "no"
        },
        {
            "trade_id": "3d16d94f-5f89-44b5-973e-aeeffd1a4d53",
            "ticker": "KXHIGHCHI-25FEB10-B33.5",
            "count": 150,
            "created_time": "2025-02-10T18:41:07.830215Z",
            "yes_price": 1,
            "no_price": 99,
            "taker_side": "no"
        },
        {
            "trade_id": "2b3216e1-fdd5-4748-8896-d9a1a060e99e",
            "ticker": "KXHIGHCHI-25FEB10-B33.5",
            "count": 1000,
            "created_time": "2025-02-10T18:41:07.830215Z",
            "yes_price": 1,
            "no_price": 99,
            "taker_side": "no"
        },
        {
            "trade_id": "2321db0c-e407-4ae2-8449-d1225b84d2c6",
            "ticker": "KXHIGHCHI-25FEB10-B33.5",
            "count": 122,
            "created_time": "2025-02-10T18:41:07.830215Z",
            "yes_price": 1,
            "no_price": 99,
            "taker_side": "no"
        },
        {
            "trade_id": "20af8996-3d5b-4f98-b4d5-16795f47d2db",
            "ticker": "KXHIGHCHI-25FEB10-B33.5",
            "count": 50,
            "created_time": "2025-02-10T18:41:07.830215Z",
            "yes_price": 1,
            "no_price": 99,
            "taker_side": "no"
        },
        {
            "trade_id": "2049ca25-17bb-45a5-b9f0-19faca5835da",
            "ticker": "KXHIGHCHI-25FEB10-B33.5",
            "count": 114,
            "created_time": "2025-02-10T18:41:07.830215Z",
            "yes_price": 1,
            "no_price": 99,
            "taker_side": "no"
        },
        {
            "trade_id": "09f62f48-0229-45a5-9edc-b85967839229",
            "ticker": "KXHIGHCHI-25FEB10-B33.5",
            "count": 350,
            "created_time": "2025-02-10T18:41:07.830215Z",
            "yes_price": 2,
            "no_price": 98,
            "taker_side": "no"
        },
        {
            "trade_id": "eed2d255-0a8f-4718-9787-b6bbabd8ecdd",
            "ticker": "KXHIGHCHI-25FEB10-B33.5",
            "count": 3000,
            "created_time": "2025-02-10T18:40:47.381097Z",
            "yes_price": 3,
            "no_price": 97,
            "taker_side": "no"
        },
        {
            "trade_id": "d34e9c1d-55e8-440b-b0ef-1234673f27ec",
            "ticker": "KXHIGHCHI-25FEB10-B33.5",
            "count": 300,
            "created_time": "2025-02-10T18:40:47.381097Z",
            "yes_price": 8,
            "no_price": 92,
            "taker_side": "no"
        },
        {
            "trade_id": "caf0e11e-1a87-4dae-8c5a-20d781bf7b64",
            "ticker": "KXHIGHCHI-25FEB10-B33.5",
            "count": 50,
            "created_time": "2025-02-10T18:40:47.381097Z",
            "yes_price": 11,
            "no_price": 89,
            "taker_side": "no"
        },
        {
            "trade_id": "a1180c1a-8f52-4f25-a827-fb490652188b",
            "ticker": "KXHIGHCHI-25FEB10-B33.5",
            "count": 50,
            "created_time": "2025-02-10T18:40:47.381097Z",
            "yes_price": 10,
            "no_price": 90,
            "taker_side": "no"
        },
        {
            "trade_id": "74334274-03b4-4b0a-80ff-3ca4d92e2aa9",
            "ticker": "KXHIGHCHI-25FEB10-B33.5",
            "count": 100,
            "created_time": "2025-02-10T18:40:47.381097Z",
            "yes_price": 9,
            "no_price": 91,
            "taker_side": "no"
        },
        {
            "trade_id": "5552ca2d-2aea-4458-a2b8-c11e86680087",
            "ticker": "KXHIGHCHI-25FEB10-B33.5",
            "count": 35,
            "created_time": "2025-02-10T18:40:47.381097Z",
            "yes_price": 5,
            "no_price": 95,
            "taker_side": "no"
        },
        {
            "trade_id": "529a394c-4723-4ab7-86a3-33240fe94ca7",
            "ticker": "KXHIGHCHI-25FEB10-B33.5",
            "count": 50,
            "created_time": "2025-02-10T18:40:47.381097Z",
            "yes_price": 3,
            "no_price": 97,
            "taker_side": "no"
        },
        {
            "trade_id": "31a55376-15f1-4b81-8282-c932db89f512",
            "ticker": "KXHIGHCHI-25FEB10-B33.5",
            "count": 99,
            "created_time": "2025-02-10T18:40:47.381097Z",
            "yes_price": 7,
            "no_price": 93,
            "taker_side": "no"
        },
        {
            "trade_id": "4a68e9df-9846-4f63-8b4a-2a11e899aefa",
            "ticker": "KXHIGHCHI-25FEB10-B33.5",
            "count": 5,
            "created_time": "2025-02-10T18:39:40.65213Z",
            "yes_price": 11,
            "no_price": 89,
            "taker_side": "yes"
        },
        {
            "trade_id": "280d8ae3-49ff-429d-9152-33076232062b",
            "ticker": "KXHIGHCHI-25FEB10-B33.5",
            "count": 50,
            "created_time": "2025-02-10T18:39:40.65213Z",
            "yes_price": 11,
            "no_price": 89,
            "taker_side": "yes"
        },
        {
            "trade_id": "8e7b212d-ff16-4337-8095-7b6b0fd37441",
            "ticker": "KXHIGHCHI-25FEB10-B33.5",
            "count": 11,
            "created_time": "2025-02-10T18:36:59.989461Z",
            "yes_price": 11,
            "no_price": 89,
            "taker_side": "yes"
        },
        {
            "trade_id": "25602e55-4f14-4b21-8fe4-417b88d2c8d6",
            "ticker": "KXHIGHCHI-25FEB10-B33.5",
            "count": 50,
            "created_time": "2025-02-10T18:36:59.989461Z",
            "yes_price": 9,
            "no_price": 91,
            "taker_side": "yes"
        },
        {
            "trade_id": "254bd883-d9c9-4d81-be79-018a3017a8d3",
            "ticker": "KXHIGHCHI-25FEB10-B33.5",
            "count": 980,
            "created_time": "2025-02-10T18:36:59.989461Z",
            "yes_price": 9,
            "no_price": 91,
            "taker_side": "yes"
        },
        {
            "trade_id": "e1db2dc1-06c6-4234-88f5-9fd87b3d835a",
            "ticker": "KXHIGHCHI-25FEB10-B33.5",
            "count": 310,
            "created_time": "2025-02-10T18:36:38.300239Z",
            "yes_price": 8,
            "no_price": 92,
            "taker_side": "yes"
        },
        {
            "trade_id": "6839b6ad-be84-4e3c-9653-1a0f153de03a",
            "ticker": "KXHIGHCHI-25FEB10-B33.5",
            "count": 25,
            "created_time": "2025-02-10T18:36:38.300239Z",
            "yes_price": 8,
            "no_price": 92,
            "taker_side": "yes"
        },
        {
            "trade_id": "8623dba6-a289-4072-a4ec-1d5e44c445f1",
            "ticker": "KXHIGHCHI-25FEB10-B33.5",
            "count": 21,
            "created_time": "2025-02-10T18:31:15.765909Z",
            "yes_price": 6,
            "no_price": 94,
            "taker_side": "no"
        },
        {
            "trade_id": "b9eac7d4-46e4-461e-86ce-7aaa183675fe",
            "ticker": "KXHIGHCHI-25FEB10-B33.5",
            "count": 38,
            "created_time": "2025-02-10T18:28:59.162522Z",
            "yes_price": 7,
            "no_price": 93,
            "taker_side": "no"
        },
        {
            "trade_id": "9f22f543-7db9-4ea5-922c-a57b9c3fabd3",
            "ticker": "KXHIGHCHI-25FEB10-B33.5",
            "count": 4,
            "created_time": "2025-02-10T18:28:59.162522Z",
            "yes_price": 6,
            "no_price": 94,
            "taker_side": "no"
        },
        {
            "trade_id": "43cf25ce-6656-41f5-ab05-08855d6f5ea9",
            "ticker": "KXHIGHCHI-25FEB10-B33.5",
            "count": 10,
            "created_time": "2025-02-10T18:25:59.035721Z",
            "yes_price": 9,
            "no_price": 91,
            "taker_side": "no"
        },
        {
            "trade_id": "f819a940-5d96-4987-95ff-1d4b3eaa05c3",
            "ticker": "KXHIGHCHI-25FEB10-B33.5",
            "count": 10,
            "created_time": "2025-02-10T18:21:17.828073Z",
            "yes_price": 12,
            "no_price": 88,
            "taker_side": "yes"
        },
        {
            "trade_id": "fcdf2840-a186-41dd-ae1e-4a7bc3d9113e",
            "ticker": "KXHIGHCHI-25FEB10-B33.5",
            "count": 1,
            "created_time": "2025-02-10T18:21:07.214778Z",
            "yes_price": 12,
            "no_price": 88,
            "taker_side": "no"
        },
        {
            "trade_id": "ed545629-3f38-4fe3-9fb9-b3c57fd61466",
            "ticker": "KXHIGHCHI-25FEB10-B33.5",
            "count": 41,
            "created_time": "2025-02-10T18:21:07.214778Z",
            "yes_price": 10,
            "no_price": 90,
            "taker_side": "no"
        },
        {
            "trade_id": "dfdd97bb-3452-4718-9d91-03f0dc24d24d",
            "ticker": "KXHIGHCHI-25FEB10-B33.5",
            "count": 120,
            "created_time": "2025-02-10T18:21:07.214778Z",
            "yes_price": 10,
            "no_price": 90,
            "taker_side": "no"
        },
        {
            "trade_id": "c19f1c9a-3a19-4b16-b73e-63bf574d6993",
            "ticker": "KXHIGHCHI-25FEB10-B33.5",
            "count": 50,
            "created_time": "2025-02-10T18:21:07.214778Z",
            "yes_price": 11,
            "no_price": 89,
            "taker_side": "no"
        },
        {
            "trade_id": "a2635c0e-300b-4140-b18b-81d21e972984",
            "ticker": "KXHIGHCHI-25FEB10-B33.5",
            "count": 50,
            "created_time": "2025-02-10T18:17:38.436941Z",
            "yes_price": 13,
            "no_price": 87,
            "taker_side": "no"
        },
        {
            "trade_id": "91f45603-d296-47a5-ae4e-bb7503127b1a",
            "ticker": "KXHIGHCHI-25FEB10-B33.5",
            "count": 4,
            "created_time": "2025-02-10T18:17:38.436941Z",
            "yes_price": 14,
            "no_price": 86,
            "taker_side": "no"
        },
        {
            "trade_id": "1fdf7c01-7dc4-499f-9d49-6e145bb6a93a",
            "ticker": "KXHIGHCHI-25FEB10-B33.5",
            "count": 60,
            "created_time": "2025-02-10T18:17:38.436941Z",
            "yes_price": 12,
            "no_price": 88,
            "taker_side": "no"
        },
        {
            "trade_id": "edfb6a30-ca00-4742-aa17-0b3996571524",
            "ticker": "KXHIGHCHI-25FEB10-B33.5",
            "count": 119,
            "created_time": "2025-02-10T18:14:11.733025Z",
            "yes_price": 15,
            "no_price": 85,
            "taker_side": "no"
        },
        {
            "trade_id": "e25852e9-239e-400f-9823-b3c4b0d58c0b",
            "ticker": "KXHIGHCHI-25FEB10-B33.5",
            "count": 50,
            "created_time": "2025-02-10T18:14:11.733025Z",
            "yes_price": 15,
            "no_price": 85,
            "taker_side": "no"
        },
        {
            "trade_id": "f672db16-9ac4-4f59-b5f6-70c09383c2b4",
            "ticker": "KXHIGHCHI-25FEB10-B33.5",
            "count": 2,
            "created_time": "2025-02-10T18:13:43.898136Z",
            "yes_price": 18,
            "no_price": 82,
            "taker_side": "no"
        },
        {
            "trade_id": "339676c0-affc-4690-b57c-e320f23042f7",
            "ticker": "KXHIGHCHI-25FEB10-B33.5",
            "count": 4,
            "created_time": "2025-02-10T18:11:31.268103Z",
            "yes_price": 19,
            "no_price": 81,
            "taker_side": "yes"
        },
        {
            "trade_id": "d14bae7c-37d2-40a0-bdfd-b5d4d00551bc",
            "ticker": "KXHIGHCHI-25FEB10-B33.5",
            "count": 20,
            "created_time": "2025-02-10T18:04:49.512579Z",
            "yes_price": 16,
            "no_price": 84,
            "taker_side": "no"
        },
        {
            "trade_id": "a5ebd3d5-7bd8-43bf-aef6-0d74becd628d",
            "ticker": "KXHIGHCHI-25FEB10-B33.5",
            "count": 1,
            "created_time": "2025-02-10T17:58:38.102612Z",
            "yes_price": 19,
            "no_price": 81,
            "taker_side": "yes"
        },
        {
            "trade_id": "76f44939-6176-4607-a59e-40c50a13eae9",
            "ticker": "KXHIGHCHI-25FEB10-B33.5",
            "count": 3,
            "created_time": "2025-02-10T17:53:38.739971Z",
            "yes_price": 19,
            "no_price": 81,
            "taker_side": "no"
        },
        {
            "trade_id": "bd035561-2562-44ec-9a37-191c0c0c43de",
            "ticker": "KXHIGHCHI-25FEB10-B33.5",
            "count": 50,
            "created_time": "2025-02-10T17:50:51.219725Z",
            "yes_price": 20,
            "no_price": 80,
            "taker_side": "no"
        },
        {
            "trade_id": "08f5b950-a897-4ef5-9c00-1851a77af3c5",
            "ticker": "KXHIGHCHI-25FEB10-B33.5",
            "count": 45,
            "created_time": "2025-02-10T17:50:51.219725Z",
            "yes_price": 20,
            "no_price": 80,
            "taker_side": "no"
        },
        {
            "trade_id": "5668c1c6-e803-4929-a94b-ad2b8c3f60c0",
            "ticker": "KXHIGHCHI-25FEB10-B33.5",
            "count": 3,
            "created_time": "2025-02-10T17:49:52.194639Z",
            "yes_price": 15,
            "no_price": 85,
            "taker_side": "yes"
        },
        {
            "trade_id": "7dbce5fe-4d01-48dc-bff5-38d3c49b6c05",
            "ticker": "KXHIGHCHI-25FEB10-B33.5",
            "count": 12,
            "created_time": "2025-02-10T17:32:49.314703Z",
            "yes_price": 22,
            "no_price": 78,
            "taker_side": "yes"
        },
        {
            "trade_id": "4e40b5c8-b58d-4fe8-a4f9-81cee3371d98",
            "ticker": "KXHIGHCHI-25FEB10-B33.5",
            "count": 22,
            "created_time": "2025-02-10T17:31:49.014106Z",
            "yes_price": 21,
            "no_price": 79,
            "taker_side": "yes"
        },
        {
            "trade_id": "28d38682-7b32-4fdc-9c46-49ca5c0c1ad2",
            "ticker": "KXHIGHCHI-25FEB10-B33.5",
            "count": 20,
            "created_time": "2025-02-10T17:31:49.014106Z",
            "yes_price": 24,
            "no_price": 76,
            "taker_side": "yes"
        },
        {
            "trade_id": "a990107d-fe99-4f9d-99cd-3bfb92c66a0e",
            "ticker": "KXHIGHCHI-25FEB10-B33.5",
            "count": 5,
            "created_time": "2025-02-10T17:16:22.062986Z",
            "yes_price": 24,
            "no_price": 76,
            "taker_side": "yes"
        },
        {
            "trade_id": "9d6b9591-3911-4db0-925f-166eb17562e7",
            "ticker": "KXHIGHCHI-25FEB10-B33.5",
            "count": 15,
            "created_time": "2025-02-10T17:16:22.062986Z",
            "yes_price": 24,
            "no_price": 76,
            "taker_side": "yes"
        },
        {
            "trade_id": "c07ace9f-f628-4da3-b5e3-a91f615297ec",
            "ticker": "KXHIGHCHI-25FEB10-B33.5",
            "count": 50,
            "created_time": "2025-02-10T17:13:36.965088Z",
            "yes_price": 23,
            "no_price": 77,
            "taker_side": "no"
        },
        {
            "trade_id": "cbc7649b-37e7-4e48-bd6a-af91f329ee7d",
            "ticker": "KXHIGHCHI-25FEB10-B33.5",
            "count": 50,
            "created_time": "2025-02-10T17:11:28.564238Z",
            "yes_price": 26,
            "no_price": 74,
            "taker_side": "no"
        },
        {
            "trade_id": "8747c1c3-4069-48bb-870d-eb1a9a396fc6",
            "ticker": "KXHIGHCHI-25FEB10-B33.5",
            "count": 50,
            "created_time": "2025-02-10T17:11:28.564238Z",
            "yes_price": 27,
            "no_price": 73,
            "taker_side": "no"
        },
        {
            "trade_id": "58ffc181-e2b0-4374-944c-3f10a95ea4ee",
            "ticker": "KXHIGHCHI-25FEB10-B33.5",
            "count": 20,
            "created_time": "2025-02-10T16:56:20.597885Z",
            "yes_price": 23,
            "no_price": 77,
            "taker_side": "no"
        },
        {
            "trade_id": "a6a72772-57f9-40e6-b20e-a6f7f88e54d1",
            "ticker": "KXHIGHCHI-25FEB10-B33.5",
            "count": 3,
            "created_time": "2025-02-10T16:47:29.090559Z",
            "yes_price": 27,
            "no_price": 73,
            "taker_side": "no"
        },
        {
            "trade_id": "dc10340d-5468-4c3d-ac53-e4eed014fc19",
            "ticker": "KXHIGHCHI-25FEB10-B33.5",
            "count": 50,
            "created_time": "2025-02-10T16:33:54.985619Z",
            "yes_price": 19,
            "no_price": 81,
            "taker_side": "yes"
        },
        {
            "trade_id": "bf713f69-8c3b-44cf-a0b7-33a46e6c787b",
            "ticker": "KXHIGHCHI-25FEB10-B33.5",
            "count": 300,
            "created_time": "2025-02-10T16:33:54.985619Z",
            "yes_price": 20,
            "no_price": 80,
            "taker_side": "yes"
        },
        {
            "trade_id": "7384307c-ac48-460a-a6c9-b4040132322a",
            "ticker": "KXHIGHCHI-25FEB10-B33.5",
            "count": 50,
            "created_time": "2025-02-10T16:33:54.985619Z",
            "yes_price": 19,
            "no_price": 81,
            "taker_side": "yes"
        },
        {
            "trade_id": "2f84d854-35af-478c-908d-245201a9d5a8",
            "ticker": "KXHIGHCHI-25FEB10-B33.5",
            "count": 100,
            "created_time": "2025-02-10T16:33:54.985619Z",
            "yes_price": 20,
            "no_price": 80,
            "taker_side": "yes"
        },
        {
            "trade_id": "2ec74ef1-86f6-4c65-a41d-1f0547f5a967",
            "ticker": "KXHIGHCHI-25FEB10-B33.5",
            "count": 50,
            "created_time": "2025-02-10T16:33:54.985619Z",
            "yes_price": 19,
            "no_price": 81,
            "taker_side": "yes"
        },
        {
            "trade_id": "ba0b4d9c-90d3-4f22-9344-9d2e53731474",
            "ticker": "KXHIGHCHI-25FEB10-B33.5",
            "count": 5,
            "created_time": "2025-02-10T16:17:00.186214Z",
            "yes_price": 18,
            "no_price": 82,
            "taker_side": "no"
        },
        {
            "trade_id": "4d1a07f0-4eb5-4276-a80c-c09e572f0425",
            "ticker": "KXHIGHCHI-25FEB10-B33.5",
            "count": 50,
            "created_time": "2025-02-10T16:17:00.186214Z",
            "yes_price": 18,
            "no_price": 82,
            "taker_side": "no"
        },
        {
            "trade_id": "7eb304e6-73ca-47c3-bdda-e1c177be55f7",
            "ticker": "KXHIGHCHI-25FEB10-B33.5",
            "count": 8,
            "created_time": "2025-02-10T16:16:53.212015Z",
            "yes_price": 18,
            "no_price": 82,
            "taker_side": "no"
        },
        {
            "trade_id": "33e5d30a-c33e-4427-8ad9-5c692901c855",
            "ticker": "KXHIGHCHI-25FEB10-B33.5",
            "count": 5,
            "created_time": "2025-02-10T16:16:53.212015Z",
            "yes_price": 18,
            "no_price": 82,
            "taker_side": "no"
        },
        {
            "trade_id": "50b17e86-36b7-4b0d-b43a-bdff00546bc1",
            "ticker": "KXHIGHCHI-25FEB10-B33.5",
            "count": 49,
            "created_time": "2025-02-10T16:16:47.299867Z",
            "yes_price": 18,
            "no_price": 82,
            "taker_side": "no"
        },
        {
            "trade_id": "08bc64f7-3ab2-46a0-9e2c-f8bbd846d660",
            "ticker": "KXHIGHCHI-25FEB10-B33.5",
            "count": 8,
            "created_time": "2025-02-10T16:16:47.299867Z",
            "yes_price": 19,
            "no_price": 81,
            "taker_side": "no"
        },
        {
            "trade_id": "d0565e7a-b226-40b0-85d0-d031f699abe4",
            "ticker": "KXHIGHCHI-25FEB10-B33.5",
            "count": 50,
            "created_time": "2025-02-10T16:16:37.507495Z",
            "yes_price": 20,
            "no_price": 80,
            "taker_side": "no"
        },
        {
            "trade_id": "5bbdec2b-5a9d-456d-9738-f9246095425f",
            "ticker": "KXHIGHCHI-25FEB10-B33.5",
            "count": 13,
            "created_time": "2025-02-10T16:16:37.507495Z",
            "yes_price": 19,
            "no_price": 81,
            "taker_side": "no"
        },
        {
            "trade_id": "8a65932f-b179-40a6-b1f4-e240e0496352",
            "ticker": "KXHIGHCHI-25FEB10-B33.5",
            "count": 3,
            "created_time": "2025-02-10T16:16:12.809063Z",
            "yes_price": 20,
            "no_price": 80,
            "taker_side": "no"
        },
        {
            "trade_id": "6c090fe2-7f9e-4486-b0fa-467b298e32fa",
            "ticker": "KXHIGHCHI-25FEB10-B33.5",
            "count": 20,
            "created_time": "2025-02-10T16:06:41.126151Z",
            "yes_price": 29,
            "no_price": 71,
            "taker_side": "yes"
        },
        {
            "trade_id": "f54f21ab-408a-47e6-8846-314e31ef785c",
            "ticker": "KXHIGHCHI-25FEB10-B33.5",
            "count": 18,
            "created_time": "2025-02-10T15:57:23.259282Z",
            "yes_price": 28,
            "no_price": 72,
            "taker_side": "yes"
        },
        {
            "trade_id": "2c410cd5-2193-4bd0-b359-ea6b03abefd2",
            "ticker": "KXHIGHCHI-25FEB10-B33.5",
            "count": 16,
            "created_time": "2025-02-10T15:57:23.259282Z",
            "yes_price": 43,
            "no_price": 57,
            "taker_side": "yes"
        },
        {
            "trade_id": "26a8e521-9596-4930-9b7d-07451b2450f1",
            "ticker": "KXHIGHCHI-25FEB10-B33.5",
            "count": 50,
            "created_time": "2025-02-10T15:57:23.259282Z",
            "yes_price": 29,
            "no_price": 71,
            "taker_side": "yes"
        },
        {
            "trade_id": "a83f1ca1-5590-4863-a786-ad4d225237f4",
            "ticker": "KXHIGHCHI-25FEB10-B33.5",
            "count": 14,
            "created_time": "2025-02-10T15:49:28.352851Z",
            "yes_price": 26,
            "no_price": 74,
            "taker_side": "no"
        },
        {
            "trade_id": "17a4f971-0d5a-4847-b1e0-4e8ff37377fd",
            "ticker": "KXHIGHCHI-25FEB10-B33.5",
            "count": 86,
            "created_time": "2025-02-10T15:49:28.352851Z",
            "yes_price": 27,
            "no_price": 73,
            "taker_side": "no"
        },
        {
            "trade_id": "7878946b-642a-4dc4-8dd5-587d55d1c282",
            "ticker": "KXHIGHCHI-25FEB10-B33.5",
            "count": 300,
            "created_time": "2025-02-10T15:35:07.077791Z",
            "yes_price": 28,
            "no_price": 72,
            "taker_side": "no"
        },
        {
            "trade_id": "9783f34a-4fa6-49f6-beca-8e7f9ef2eeab",
            "ticker": "KXHIGHCHI-25FEB10-B33.5",
            "count": 1,
            "created_time": "2025-02-10T15:34:48.314674Z",
            "yes_price": 28,
            "no_price": 72,
            "taker_side": "yes"
        },
        {
            "trade_id": "49949348-7cf8-45b4-a01f-b404a9ffda61",
            "ticker": "KXHIGHCHI-25FEB10-B33.5",
            "count": 10,
            "created_time": "2025-02-10T15:30:47.490031Z",
            "yes_price": 29,
            "no_price": 71,
            "taker_side": "yes"
        },
        {
            "trade_id": "3872eb64-c162-47a4-8176-01fffdfb6ede",
            "ticker": "KXHIGHCHI-25FEB10-B33.5",
            "count": 18,
            "created_time": "2025-02-10T15:30:47.490031Z",
            "yes_price": 29,
            "no_price": 71,
            "taker_side": "yes"
        },
        {
            "trade_id": "20857170-6c2c-4088-a816-212fea0cabce",
            "ticker": "KXHIGHCHI-25FEB10-B33.5",
            "count": 150,
            "created_time": "2025-02-10T15:30:47.490031Z",
            "yes_price": 29,
            "no_price": 71,
            "taker_side": "yes"
        },
        {
            "trade_id": "16044703-1d07-4b4f-b7dc-0729e7c90ed4",
            "ticker": "KXHIGHCHI-25FEB10-B33.5",
            "count": 15,
            "created_time": "2025-02-10T15:30:47.490031Z",
            "yes_price": 29,
            "no_price": 71,
            "taker_side": "yes"
        },
        {
            "trade_id": "ce219f48-b24e-4f95-8b7a-617f0657c8e8",
            "ticker": "KXHIGHCHI-25FEB10-B33.5",
            "count": 34,
            "created_time": "2025-02-10T15:26:10.274966Z",
            "yes_price": 24,
            "no_price": 76,
            "taker_side": "no"
        },
        {
            "trade_id": "3f82e1fb-956d-4f7b-989a-7c55d3386fd9",
            "ticker": "KXHIGHCHI-25FEB10-B33.5",
            "count": 3,
            "created_time": "2025-02-10T15:26:10.274966Z",
            "yes_price": 24,
            "no_price": 76,
            "taker_side": "no"
        },
        {
            "trade_id": "23b65c14-5449-4613-8d12-f0ebbaa1ce38",
            "ticker": "KXHIGHCHI-25FEB10-B33.5",
            "count": 2,
            "created_time": "2025-02-10T15:26:10.274966Z",
            "yes_price": 24,
            "no_price": 76,
            "taker_side": "no"
        },
        {
            "trade_id": "1aca5e19-366d-42b5-a868-4eeb8fba6c8a",
            "ticker": "KXHIGHCHI-25FEB10-B33.5",
            "count": 61,
            "created_time": "2025-02-10T15:26:10.274966Z",
            "yes_price": 25,
            "no_price": 75,
            "taker_side": "no"
        },
        {
            "trade_id": "86d0f9ac-6e2a-4c32-ad93-afb8b29bd3f9",
            "ticker": "KXHIGHCHI-25FEB10-B33.5",
            "count": 5,
            "created_time": "2025-02-10T15:07:08.322088Z",
            "yes_price": 29,
            "no_price": 71,
            "taker_side": "yes"
        },
        {
            "trade_id": "5ebdcf05-b0d9-4162-b9ed-ff170535813a",
            "ticker": "KXHIGHCHI-25FEB10-B33.5",
            "count": 70,
            "created_time": "2025-02-10T15:07:08.322088Z",
            "yes_price": 29,
            "no_price": 71,
            "taker_side": "yes"
        },
        {
            "trade_id": "21f2ae5e-53ed-439b-bdd1-d32bf11da053",
            "ticker": "KXHIGHCHI-25FEB10-B33.5",
            "count": 32,
            "created_time": "2025-02-10T15:07:08.322088Z",
            "yes_price": 29,
            "no_price": 71,
            "taker_side": "yes"
        },
        {
            "trade_id": "157d70a3-3ac2-4446-a0eb-6d06cf61c866",
            "ticker": "KXHIGHCHI-25FEB10-B33.5",
            "count": 110,
            "created_time": "2025-02-10T15:07:08.322088Z",
            "yes_price": 28,
            "no_price": 72,
            "taker_side": "yes"
        },
        {
            "trade_id": "bb3a7fcd-06f6-4399-a9c0-bdd7b4405f6a",
            "ticker": "KXHIGHCHI-25FEB10-B33.5",
            "count": 9,
            "created_time": "2025-02-10T15:04:03.185781Z",
            "yes_price": 23,
            "no_price": 77,
            "taker_side": "no"
        },
        {
            "trade_id": "e98dac68-0d6b-40af-a3bc-dd6b760bd470",
            "ticker": "KXHIGHCHI-25FEB10-B33.5",
            "count": 9,
            "created_time": "2025-02-10T14:49:13.30622Z",
            "yes_price": 29,
            "no_price": 71,
            "taker_side": "yes"
        },
        {
            "trade_id": "7ea9bff1-b856-4e7c-b5b5-e58c7f150b49",
            "ticker": "KXHIGHCHI-25FEB10-B33.5",
            "count": 19,
            "created_time": "2025-02-10T14:47:35.811767Z",
            "yes_price": 29,
            "no_price": 71,
            "taker_side": "yes"
        },
        {
            "trade_id": "ef76e884-6c1c-43cd-87b9-e64c1f24d663",
            "ticker": "KXHIGHCHI-25FEB10-B33.5",
            "count": 23,
            "created_time": "2025-02-10T14:45:03.823285Z",
            "yes_price": 28,
            "no_price": 72,
            "taker_side": "yes"
        },
        {
            "trade_id": "b3236a3c-c572-4f63-9d3b-cc4e73c0f20d",
            "ticker": "KXHIGHCHI-25FEB10-B33.5",
            "count": 20,
            "created_time": "2025-02-10T14:45:03.823285Z",
            "yes_price": 30,
            "no_price": 70,
            "taker_side": "yes"
        },
        {
            "trade_id": "9d6058cd-8fa2-4144-a6e3-91b037ed25ad",
            "ticker": "KXHIGHCHI-25FEB10-B33.5",
            "count": 67,
            "created_time": "2025-02-10T14:45:03.823285Z",
            "yes_price": 28,
            "no_price": 72,
            "taker_side": "yes"
        },
        {
            "trade_id": "85978a5d-8abd-47f3-a5d7-953a6030f063",
            "ticker": "KXHIGHCHI-25FEB10-B33.5",
            "count": 19,
            "created_time": "2025-02-10T14:45:03.823285Z",
            "yes_price": 30,
            "no_price": 70,
            "taker_side": "yes"
        },
        {
            "trade_id": "4d32e7e3-b683-4fcf-aa90-6d74496c71ad",
            "ticker": "KXHIGHCHI-25FEB10-B33.5",
            "count": 20,
            "created_time": "2025-02-10T14:45:03.823285Z",
            "yes_price": 29,
            "no_price": 71,
            "taker_side": "yes"
        },
        {
            "trade_id": "08d41b7b-659e-4a55-9756-b8156417c257",
            "ticker": "KXHIGHCHI-25FEB10-B33.5",
            "count": 17,
            "created_time": "2025-02-10T14:45:03.823285Z",
            "yes_price": 28,
            "no_price": 72,
            "taker_side": "yes"
        },
        {
            "trade_id": "6f70fc3f-2b4d-4c6a-90c6-08d265540722",
            "ticker": "KXHIGHCHI-25FEB10-B33.5",
            "count": 3,
            "created_time": "2025-02-10T14:42:38.524876Z",
            "yes_price": 28,
            "no_price": 72,
            "taker_side": "yes"
        },
        {
            "trade_id": "2ca76fed-400c-4e3d-afcb-36780c090b1c",
            "ticker": "KXHIGHCHI-25FEB10-B33.5",
            "count": 10,
            "created_time": "2025-02-10T14:42:03.952427Z",
            "yes_price": 28,
            "no_price": 72,
            "taker_side": "yes"
        },
        {
            "trade_id": "c2b899cb-a74c-460f-9fd0-abce9310ea5d",
            "ticker": "KXHIGHCHI-25FEB10-B33.5",
            "count": 10,
            "created_time": "2025-02-10T14:17:26.685433Z",
            "yes_price": 28,
            "no_price": 72,
            "taker_side": "yes"
        },
        {
            "trade_id": "5cebba93-1768-47c3-94e3-5505a6a64a74",
            "ticker": "KXHIGHCHI-25FEB10-B33.5",
            "count": 31,
            "created_time": "2025-02-10T14:09:17.613152Z",
            "yes_price": 23,
            "no_price": 77,
            "taker_side": "yes"
        },
        {
            "trade_id": "33605e41-3471-4dd8-8a6c-1960e6cd3bbf",
            "ticker": "KXHIGHCHI-25FEB10-B33.5",
            "count": 10,
            "created_time": "2025-02-10T14:09:17.613152Z",
            "yes_price": 23,
            "no_price": 77,
            "taker_side": "yes"
        },
        {
            "trade_id": "bc211f68-0269-4e7a-b5a8-615a1975e114",
            "ticker": "KXHIGHCHI-25FEB10-B33.5",
            "count": 13,
            "created_time": "2025-02-10T13:56:12.414723Z",
            "yes_price": 23,
            "no_price": 77,
            "taker_side": "yes"
        },
        {
            "trade_id": "85e5a908-0b14-4345-8b6d-40252a018bcc",
            "ticker": "KXHIGHCHI-25FEB10-B33.5",
            "count": 6,
            "created_time": "2025-02-10T13:56:12.414723Z",
            "yes_price": 25,
            "no_price": 75,
            "taker_side": "yes"
        },
        {
            "trade_id": "5e152f61-318e-436a-8b92-c46ea070930c",
            "ticker": "KXHIGHCHI-25FEB10-B33.5",
            "count": 16,
            "created_time": "2025-02-10T13:51:45.849952Z",
            "yes_price": 23,
            "no_price": 77,
            "taker_side": "yes"
        },
        {
            "trade_id": "30a54946-524e-4b97-9eb6-a9c654ca6fd2",
            "ticker": "KXHIGHCHI-25FEB10-B33.5",
            "count": 20,
            "created_time": "2025-02-10T13:47:34.961948Z",
            "yes_price": 23,
            "no_price": 77,
            "taker_side": "yes"
        },
        {
            "trade_id": "cda3afb4-bc60-43c7-9eee-dc196555c051",
            "ticker": "KXHIGHCHI-25FEB10-B33.5",
            "count": 9,
            "created_time": "2025-02-10T13:44:03.476177Z",
            "yes_price": 19,
            "no_price": 81,
            "taker_side": "no"
        },
        {
            "trade_id": "3900260c-c94b-45b0-85aa-c0d3c6d4f9a7",
            "ticker": "KXHIGHCHI-25FEB10-B33.5",
            "count": 110,
            "created_time": "2025-02-10T13:44:03.476177Z",
            "yes_price": 17,
            "no_price": 83,
            "taker_side": "no"
        },
        {
            "trade_id": "e783c762-fc3e-4179-b2e0-4257cc6f90c2",
            "ticker": "KXHIGHCHI-25FEB10-B33.5",
            "count": 91,
            "created_time": "2025-02-10T13:42:22.810501Z",
            "yes_price": 18,
            "no_price": 82,
            "taker_side": "no"
        },
        {
            "trade_id": "98a5b95e-bcbb-4316-bcb1-8053e6cd41c6",
            "ticker": "KXHIGHCHI-25FEB10-B33.5",
            "count": 4,
            "created_time": "2025-02-10T13:42:22.810501Z",
            "yes_price": 20,
            "no_price": 80,
            "taker_side": "no"
        },
        {
            "trade_id": "8541a967-c7d8-4247-820c-b6254f59ee75",
            "ticker": "KXHIGHCHI-25FEB10-B33.5",
            "count": 11,
            "created_time": "2025-02-10T13:42:22.810501Z",
            "yes_price": 20,
            "no_price": 80,
            "taker_side": "no"
        },
        {
            "trade_id": "7577f4f3-87f8-41a4-a3d4-39e6a2961fd8",
            "ticker": "KXHIGHCHI-25FEB10-B33.5",
            "count": 12,
            "created_time": "2025-02-10T13:42:22.810501Z",
            "yes_price": 20,
            "no_price": 80,
            "taker_side": "no"
        },
        {
            "trade_id": "bf83f141-1512-4159-9701-22a4f3ed7f03",
            "ticker": "KXHIGHCHI-25FEB10-B33.5",
            "count": 129,
            "created_time": "2025-02-10T13:15:09.279763Z",
            "yes_price": 16,
            "no_price": 84,
            "taker_side": "no"
        },
        {
            "trade_id": "2960f874-30a6-4395-b502-d1297d0c0e04",
            "ticker": "KXHIGHCHI-25FEB10-B33.5",
            "count": 22,
            "created_time": "2025-02-10T13:13:22.344148Z",
            "yes_price": 17,
            "no_price": 83,
            "taker_side": "no"
        },
        {
            "trade_id": "e98223dc-5630-4495-8b51-3ba6898c5307",
            "ticker": "KXHIGHCHI-25FEB10-B33.5",
            "count": 100,
            "created_time": "2025-02-10T13:11:50.026333Z",
            "yes_price": 16,
            "no_price": 84,
            "taker_side": "no"
        },
        {
            "trade_id": "4f06ab42-e735-48b7-a4b5-a21dda6f25cd",
            "ticker": "KXHIGHCHI-25FEB10-B33.5",
            "count": 20,
            "created_time": "2025-02-10T13:08:19.331194Z",
            "yes_price": 17,
            "no_price": 83,
            "taker_side": "no"
        },
        {
            "trade_id": "16f7e6bb-70a5-4078-9790-6c8e1156e9bd",
            "ticker": "KXHIGHCHI-25FEB10-B33.5",
            "count": 12,
            "created_time": "2025-02-10T13:08:19.331194Z",
            "yes_price": 16,
            "no_price": 84,
            "taker_side": "no"
        },
        {
            "trade_id": "ed044a76-04bd-437e-a460-d82a2f7698a0",
            "ticker": "KXHIGHCHI-25FEB10-B33.5",
            "count": 900,
            "created_time": "2025-02-10T13:04:10.003278Z",
            "yes_price": 20,
            "no_price": 80,
            "taker_side": "no"
        },
        {
            "trade_id": "14191a8d-5b72-4989-a48e-2414650ef955",
            "ticker": "KXHIGHCHI-25FEB10-B33.5",
            "count": 8,
            "created_time": "2025-02-10T13:03:01.123967Z",
            "yes_price": 25,
            "no_price": 75,
            "taker_side": "yes"
        },
        {
            "trade_id": "b7408920-92db-4a21-942a-4866e656559a",
            "ticker": "KXHIGHCHI-25FEB10-B33.5",
            "count": 16,
            "created_time": "2025-02-10T13:00:51.022148Z",
            "yes_price": 25,
            "no_price": 75,
            "taker_side": "yes"
        },
        {
            "trade_id": "46799a5d-dae6-4911-902f-c84c8f96f285",
            "ticker": "KXHIGHCHI-25FEB10-B33.5",
            "count": 3,
            "created_time": "2025-02-10T13:00:51.022148Z",
            "yes_price": 21,
            "no_price": 79,
            "taker_side": "yes"
        },
        {
            "trade_id": "a4e090d8-ded5-4fb4-9732-3e98715df0e8",
            "ticker": "KXHIGHCHI-25FEB10-B33.5",
            "count": 100,
            "created_time": "2025-02-10T07:59:35.054143Z",
            "yes_price": 20,
            "no_price": 80,
            "taker_side": "no"
        },
        {
            "trade_id": "38a128f7-af17-4b0a-8892-460a3b09e1f6",
            "ticker": "KXHIGHCHI-25FEB10-B33.5",
            "count": 1,
            "created_time": "2025-02-10T07:10:02.528387Z",
            "yes_price": 32,
            "no_price": 68,
            "taker_side": "yes"
        },
        {
            "trade_id": "a2b9c261-bc1c-4b14-a8c8-fefb85f3d385",
            "ticker": "KXHIGHCHI-25FEB10-B33.5",
            "count": 11,
            "created_time": "2025-02-10T06:57:08.890339Z",
            "yes_price": 32,
            "no_price": 68,
            "taker_side": "yes"
        },
        {
            "trade_id": "bc35c844-b0cd-4ec8-98e9-72883b124899",
            "ticker": "KXHIGHCHI-25FEB10-B33.5",
            "count": 20,
            "created_time": "2025-02-10T06:43:02.306284Z",
            "yes_price": 31,
            "no_price": 69,
            "taker_side": "yes"
        },
        {
            "trade_id": "b7e6dd18-d613-47c4-becb-102e486051ba",
            "ticker": "KXHIGHCHI-25FEB10-B33.5",
            "count": 8,
            "created_time": "2025-02-10T06:43:02.306284Z",
            "yes_price": 30,
            "no_price": 70,
            "taker_side": "yes"
        },
        {
            "trade_id": "a5510481-6e13-4b82-b451-626f037ac4d3",
            "ticker": "KXHIGHCHI-25FEB10-B33.5",
            "count": 2,
            "created_time": "2025-02-10T06:43:02.306284Z",
            "yes_price": 32,
            "no_price": 68,
            "taker_side": "yes"
        },
        {
            "trade_id": "c5587ff1-8991-4736-a27f-0650558cd8ad",
            "ticker": "KXHIGHCHI-25FEB10-B33.5",
            "count": 17,
            "created_time": "2025-02-10T06:42:40.905686Z",
            "yes_price": 30,
            "no_price": 70,
            "taker_side": "no"
        },
        {
            "trade_id": "97b4d453-c09d-4aae-84e9-46bd78fa9b8c",
            "ticker": "KXHIGHCHI-25FEB10-B33.5",
            "count": 1,
            "created_time": "2025-02-10T05:54:31.977603Z",
            "yes_price": 25,
            "no_price": 75,
            "taker_side": "yes"
        },
        {
            "trade_id": "1e45a970-e291-4d24-9217-ce95a2892ec3",
            "ticker": "KXHIGHCHI-25FEB10-B33.5",
            "count": 31,
            "created_time": "2025-02-10T05:54:31.977603Z",
            "yes_price": 23,
            "no_price": 77,
            "taker_side": "yes"
        },
        {
            "trade_id": "b94ec018-4227-47fe-9af6-5070b9cd588c",
            "ticker": "KXHIGHCHI-25FEB10-B33.5",
            "count": 240,
            "created_time": "2025-02-10T05:49:59.378612Z",
            "yes_price": 22,
            "no_price": 78,
            "taker_side": "yes"
        },
        {
            "trade_id": "972a25dc-b724-4a14-a4dc-9943fd3b4e2e",
            "ticker": "KXHIGHCHI-25FEB10-B33.5",
            "count": 3,
            "created_time": "2025-02-10T05:49:59.378612Z",
            "yes_price": 18,
            "no_price": 82,
            "taker_side": "yes"
        },
        {
            "trade_id": "8f371187-395c-4a8b-926e-5fb3236dd42f",
            "ticker": "KXHIGHCHI-25FEB10-B33.5",
            "count": 114,
            "created_time": "2025-02-10T05:49:59.378612Z",
            "yes_price": 18,
            "no_price": 82,
            "taker_side": "yes"
        },
        {
            "trade_id": "512de5d9-2add-4946-90b3-e4d946c24dab",
            "ticker": "KXHIGHCHI-25FEB10-B33.5",
            "count": 1227,
            "created_time": "2025-02-10T05:49:59.378612Z",
            "yes_price": 24,
            "no_price": 76,
            "taker_side": "yes"
        },
        {
            "trade_id": "13bf53c7-9b00-4e11-a2f1-a3cfeac49fdb",
            "ticker": "KXHIGHCHI-25FEB10-B33.5",
            "count": 240,
            "created_time": "2025-02-10T05:49:59.378612Z",
            "yes_price": 20,
            "no_price": 80,
            "taker_side": "yes"
        },
        {
            "trade_id": "10beee6a-ee33-42a0-8b83-0eb301741ead",
            "ticker": "KXHIGHCHI-25FEB10-B33.5",
            "count": 5,
            "created_time": "2025-02-10T05:41:31.251346Z",
            "yes_price": 17,
            "no_price": 83,
            "taker_side": "yes"
        },
        {
            "trade_id": "fa5df36d-ad96-454a-b018-bfaa982cd65e",
            "ticker": "KXHIGHCHI-25FEB10-B33.5",
            "count": 1,
            "created_time": "2025-02-10T05:38:42.194226Z",
            "yes_price": 17,
            "no_price": 83,
            "taker_side": "yes"
        },
        {
            "trade_id": "933a5e90-1e39-4753-a140-e6a11a02d817",
            "ticker": "KXHIGHCHI-25FEB10-B33.5",
            "count": 20,
            "created_time": "2025-02-10T05:36:20.706529Z",
            "yes_price": 17,
            "no_price": 83,
            "taker_side": "no"
        },
        {
            "trade_id": "bd3db95f-6b65-4073-a7cc-4d0d92edc2ba",
            "ticker": "KXHIGHCHI-25FEB10-B33.5",
            "count": 4,
            "created_time": "2025-02-10T05:34:26.137357Z",
            "yes_price": 22,
            "no_price": 78,
            "taker_side": "yes"
        },
        {
            "trade_id": "787c4a69-250a-46e7-afe0-4052e733b1e3",
            "ticker": "KXHIGHCHI-25FEB10-B33.5",
            "count": 77,
            "created_time": "2025-02-10T05:21:26.646974Z",
            "yes_price": 24,
            "no_price": 76,
            "taker_side": "yes"
        },
        {
            "trade_id": "a1a1097e-4230-4908-aa5f-4639305a1c01",
            "ticker": "KXHIGHCHI-25FEB10-B33.5",
            "count": 10,
            "created_time": "2025-02-10T05:18:24.471109Z",
            "yes_price": 23,
            "no_price": 77,
            "taker_side": "yes"
        },
        {
            "trade_id": "6a55e685-849c-4cbc-87c6-3d9816ad9cdf",
            "ticker": "KXHIGHCHI-25FEB10-B33.5",
            "count": 20,
            "created_time": "2025-02-10T05:18:24.471109Z",
            "yes_price": 23,
            "no_price": 77,
            "taker_side": "yes"
        },
        {
            "trade_id": "afe720a0-cb1b-4bc0-9a04-90a9e6f773ca",
            "ticker": "KXHIGHCHI-25FEB10-B33.5",
            "count": 9,
            "created_time": "2025-02-10T04:59:13.998659Z",
            "yes_price": 23,
            "no_price": 77,
            "taker_side": "yes"
        },
        {
            "trade_id": "a3eef9dc-3236-4685-a894-e36816f964d7",
            "ticker": "KXHIGHCHI-25FEB10-B33.5",
            "count": 49,
            "created_time": "2025-02-10T04:59:13.998659Z",
            "yes_price": 23,
            "no_price": 77,
            "taker_side": "yes"
        },
        {
            "trade_id": "69861a15-d426-4e75-bfb3-8f1b534e7050",
            "ticker": "KXHIGHCHI-25FEB10-B33.5",
            "count": 118,
            "created_time": "2025-02-10T04:22:16.745752Z",
            "yes_price": 24,
            "no_price": 76,
            "taker_side": "yes"
        },
        {
            "trade_id": "21ec57b8-26f2-48ba-89ed-cbaf9031bcfc",
            "ticker": "KXHIGHCHI-25FEB10-B33.5",
            "count": 19,
            "created_time": "2025-02-10T04:15:58.957369Z",
            "yes_price": 24,
            "no_price": 76,
            "taker_side": "yes"
        },
        {
            "trade_id": "52d1647d-6894-49a6-b8bf-98f75d12ab13",
            "ticker": "KXHIGHCHI-25FEB10-B33.5",
            "count": 59,
            "created_time": "2025-02-10T04:13:36.649654Z",
            "yes_price": 24,
            "no_price": 76,
            "taker_side": "yes"
        },
        {
            "trade_id": "bace5b17-f375-4432-a576-61e1dfe28cb4",
            "ticker": "KXHIGHCHI-25FEB10-B33.5",
            "count": 30,
            "created_time": "2025-02-10T04:03:58.547613Z",
            "yes_price": 25,
            "no_price": 75,
            "taker_side": "yes"
        },
        {
            "trade_id": "e0c3ff3a-2405-4dd3-8470-8cebab7e1605",
            "ticker": "KXHIGHCHI-25FEB10-B33.5",
            "count": 3,
            "created_time": "2025-02-10T03:58:26.282696Z",
            "yes_price": 24,
            "no_price": 76,
            "taker_side": "yes"
        },
        {
            "trade_id": "70b4f388-0ddc-489a-9dcf-98e098bfe1af",
            "ticker": "KXHIGHCHI-25FEB10-B33.5",
            "count": 28,
            "created_time": "2025-02-10T03:42:32.794225Z",
            "yes_price": 20,
            "no_price": 80,
            "taker_side": "yes"
        },
        {
            "trade_id": "62ea35c1-7881-4ee0-b97e-63681b5e1ceb",
            "ticker": "KXHIGHCHI-25FEB10-B33.5",
            "count": 173,
            "created_time": "2025-02-10T03:42:32.794225Z",
            "yes_price": 22,
            "no_price": 78,
            "taker_side": "yes"
        },
        {
            "trade_id": "205d4573-bb14-4cb7-a95c-7c6e03fdbefc",
            "ticker": "KXHIGHCHI-25FEB10-B33.5",
            "count": 18,
            "created_time": "2025-02-10T03:42:32.794225Z",
            "yes_price": 20,
            "no_price": 80,
            "taker_side": "yes"
        },
        {
            "trade_id": "1cd529b4-b930-44e0-9148-dcf186bef5a7",
            "ticker": "KXHIGHCHI-25FEB10-B33.5",
            "count": 10,
            "created_time": "2025-02-10T03:26:25.098047Z",
            "yes_price": 26,
            "no_price": 74,
            "taker_side": "yes"
        },
        {
