{
    "KXHIGHCHI-25JAN24-T17": [],
    "KXHIGHCHI-25JAN24-B17.5": [
        {
            "trade_id": "aef1f2ea-a882-479a-aca3-4594667ec52a",
            "ticker": "KXHIGHCHI-25JAN24-B17.5",
            "count": 3,
            "created_time": "2025-01-24T20:30:08.299036Z",
            "yes_price": 1,
            "no_price": 99,
            "taker_side": "yes"
        },
        {
            "trade_id": "6ff683d9-799b-4f12-82e6-6726bc3b46de",
            "ticker": "KXHIGHCHI-25JAN24-B17.5",
            "count": 11,
            "created_time": "2025-01-24T18:26:38.188086Z",
            "yes_price": 1,
            "no_price": 99,
            "taker_side": "yes"
        },
        {
            "trade_id": "d54adf9a-2ceb-41fa-87cd-76e6fad6c454",
            "ticker": "KXHIGHCHI-25JAN24-B17.5",
            "count": 1,
            "created_time": "2025-01-24T18:21:37.973492Z",
            "yes_price": 1,
            "no_price": 99,
            "taker_side": "yes"
        },
        {
            "trade_id": "269ac51d-0033-40d5-99ad-29a53b6e5c3f",
            "ticker": "KXHIGHCHI-25JAN24-B17.5",
            "count": 1,
            "created_time": "2025-01-24T18:21:16.063529Z",
            "yes_price": 1,
            "no_price": 99,
            "taker_side": "yes"
        },
        {
            "trade_id": "a905fa6d-2ce8-4bc0-85a1-428f9f151f0c",
            "ticker": "KXHIGHCHI-25JAN24-B17.5",
            "count": 500,
            "created_time": "2025-01-24T16:17:40.085472Z",
            "yes_price": 1,
            "no_price": 99,
            "taker_side": "no"
        },
        {
            "trade_id": "98b38340-c090-49b5-a1d9-0148e96bb47b",
            "ticker": "KXHIGHCHI-25JAN24-B17.5",
            "count": 2,
            "created_time": "2025-01-24T16:17:40.085472Z",
            "yes_price": 2,
            "no_price": 98,
            "taker_side": "no"
        },
        {
            "trade_id": "85b0ee70-71b2-4cd1-a548-a1ab7ced4f23",
            "ticker": "KXHIGHCHI-25JAN24-B17.5",
            "count": 90,
            "created_time": "2025-01-24T16:17:40.085472Z",
            "yes_price": 1,
            "no_price": 99,
            "taker_side": "no"
        },
        {
            "trade_id": "d95c6fb6-2dfb-4373-b497-5334f90e2cc0",
            "ticker": "KXHIGHCHI-25JAN24-B17.5",
            "count": 10,
            "created_time": "2025-01-24T15:52:55.501318Z",
            "yes_price": 1,
            "no_price": 99,
            "taker_side": "no"
        },
        {
            "trade_id": "acd881e3-43f2-48bb-acb2-d98926a24949",
            "ticker": "KXHIGHCHI-25JAN24-B17.5",
            "count": 100,
            "created_time": "2025-01-24T15:40:38.544616Z",
            "yes_price": 1,
            "no_price": 99,
            "taker_side": "no"
        },
        {
            "trade_id": "f5fc1d64-85ca-454f-92a2-861c9dc745fe",
            "ticker": "KXHIGHCHI-25JAN24-B17.5",
            "count": 1,
            "created_time": "2025-01-24T15:06:23.402193Z",
            "yes_price": 4,
            "no_price": 96,
            "taker_side": "yes"
        },
        {
            "trade_id": "e0df8dcf-11c4-4e50-86c8-cb9ef861834f",
            "ticker": "KXHIGHCHI-25JAN24-B17.5",
            "count": 3,
            "created_time": "2025-01-24T15:06:23.402193Z",
            "yes_price": 5,
            "no_price": 95,
            "taker_side": "yes"
        },
        {
            "trade_id": "98506b09-fbda-492d-b5fa-83b217dfb998",
            "ticker": "KXHIGHCHI-25JAN24-B17.5",
            "count": 1,
            "created_time": "2025-01-24T15:06:23.402193Z",
            "yes_price": 4,
            "no_price": 96,
            "taker_side": "yes"
        },
        {
            "trade_id": "710e32ac-2b3f-4fca-bf45-f39e01c3428f",
            "ticker": "KXHIGHCHI-25JAN24-B17.5",
            "count": 405,
            "created_time": "2025-01-24T14:59:17.179888Z",
            "yes_price": 2,
            "no_price": 98,
            "taker_side": "no"
        },
        {
            "trade_id": "3bdca5e1-d2c6-431a-a30f-83ec24ba1d28",
            "ticker": "KXHIGHCHI-25JAN24-B17.5",
            "count": 7,
            "created_time": "2025-01-24T14:59:17.179888Z",
            "yes_price": 3,
            "no_price": 97,
            "taker_side": "no"
        },
        {
            "trade_id": "911f6681-0bdf-4145-898f-761ff97eac7d",
            "ticker": "KXHIGHCHI-25JAN24-B17.5",
            "count": 15,
            "created_time": "2025-01-24T13:26:25.482105Z",
            "yes_price": 2,
            "no_price": 98,
            "taker_side": "no"
        },
        {
            "trade_id": "f9d7fd4d-282c-4389-8e50-3fc13cc506c5",
            "ticker": "KXHIGHCHI-25JAN24-B17.5",
            "count": 1,
            "created_time": "2025-01-24T06:29:02.523953Z",
            "yes_price": 4,
            "no_price": 96,
            "taker_side": "yes"
        },
        {
            "trade_id": "cd8492a9-ec90-43bc-bedf-ec8b7769804c",
            "ticker": "KXHIGHCHI-25JAN24-B17.5",
            "count": 18,
            "created_time": "2025-01-24T06:29:02.523953Z",
            "yes_price": 4,
            "no_price": 96,
            "taker_side": "yes"
        },
        {
            "trade_id": "c487c74b-fe78-4556-96a4-9611141f8cf4",
            "ticker": "KXHIGHCHI-25JAN24-B17.5",
            "count": 1,
            "created_time": "2025-01-24T06:29:02.523953Z",
            "yes_price": 3,
            "no_price": 97,
            "taker_side": "yes"
        },
        {
            "trade_id": "aca434d0-05f6-478d-b853-192ab09f1114",
            "ticker": "KXHIGHCHI-25JAN24-B17.5",
            "count": 7,
            "created_time": "2025-01-24T06:29:02.523953Z",
            "yes_price": 3,
            "no_price": 97,
            "taker_side": "yes"
        },
        {
            "trade_id": "61d0c789-5cfe-4420-93da-0e1f417c02af",
            "ticker": "KXHIGHCHI-25JAN24-B17.5",
            "count": 8,
            "created_time": "2025-01-24T06:29:02.523953Z",
            "yes_price": 6,
            "no_price": 94,
            "taker_side": "yes"
        },
        {
            "trade_id": "2b5e122c-1153-49dd-a0ac-046b3c51235f",
            "ticker": "KXHIGHCHI-25JAN24-B17.5",
            "count": 8,
            "created_time": "2025-01-24T06:29:02.523953Z",
            "yes_price": 4,
            "no_price": 96,
            "taker_side": "yes"
        },
        {
            "trade_id": "752cee2b-8cb8-478c-9ee7-4d280f78dc78",
            "ticker": "KXHIGHCHI-25JAN24-B17.5",
            "count": 16,
            "created_time": "2025-01-24T03:32:23.347571Z",
            "yes_price": 2,
            "no_price": 98,
            "taker_side": "no"
        },
        {
            "trade_id": "eafcceaa-c001-438d-8c59-6d3f4caa96e2",
            "ticker": "KXHIGHCHI-25JAN24-B17.5",
            "count": 22,
            "created_time": "2025-01-24T01:40:44.445943Z",
            "yes_price": 4,
            "no_price": 96,
            "taker_side": "yes"
        },
        {
            "trade_id": "83502dff-b3e9-47c5-ac2e-f6a5a0ab5053",
            "ticker": "KXHIGHCHI-25JAN24-B17.5",
            "count": 500,
            "created_time": "2025-01-24T01:36:42.604181Z",
            "yes_price": 5,
            "no_price": 95,
            "taker_side": "yes"
        },
        {
            "trade_id": "718f6c87-7e29-47f9-8b4d-863c995cb16f",
            "ticker": "KXHIGHCHI-25JAN24-B17.5",
            "count": 420,
            "created_time": "2025-01-24T01:36:42.604181Z",
            "yes_price": 5,
            "no_price": 95,
            "taker_side": "yes"
        },
        {
            "trade_id": "dd8ecc53-1719-4d13-9eb1-7bed53ed2632",
            "ticker": "KXHIGHCHI-25JAN24-B17.5",
            "count": 2,
            "created_time": "2025-01-24T01:36:34.359279Z",
            "yes_price": 4,
            "no_price": 96,
            "taker_side": "yes"
        },
        {
            "trade_id": "c95beef6-dee2-46bf-ac04-50e8009f592d",
            "ticker": "KXHIGHCHI-25JAN24-B17.5",
            "count": 11,
            "created_time": "2025-01-24T01:36:34.359279Z",
            "yes_price": 4,
            "no_price": 96,
            "taker_side": "yes"
        },
        {
            "trade_id": "291dcafa-cda2-4ce8-bdd8-e0cefa62fbc3",
            "ticker": "KXHIGHCHI-25JAN24-B17.5",
            "count": 9,
            "created_time": "2025-01-24T01:36:34.359279Z",
            "yes_price": 4,
            "no_price": 96,
            "taker_side": "yes"
        },
        {
            "trade_id": "0680dcc4-72c2-4369-9e5f-c4ad283f5727",
            "ticker": "KXHIGHCHI-25JAN24-B17.5",
            "count": 18,
            "created_time": "2025-01-23T17:07:19.545543Z",
            "yes_price": 5,
            "no_price": 95,
            "taker_side": "yes"
        }
    ],
    "KXHIGHCHI-25JAN24-B19.5": [
        {
            "trade_id": "63c72b99-d747-4f2b-a993-0732b4595560",
            "ticker": "KXHIGHCHI-25JAN24-B19.5",
            "count": 46,
            "created_time": "2025-01-25T04:01:04.11505Z",
            "yes_price": 1,
            "no_price": 99,
            "taker_side": "yes"
        },
        {
            "trade_id": "f4d04b60-68af-436c-b66e-5576e205cec2",
            "ticker": "KXHIGHCHI-25JAN24-B19.5",
            "count": 467,
            "created_time": "2025-01-25T03:56:32.418306Z",
            "yes_price": 1,
            "no_price": 99,
            "taker_side": "yes"
        },
        {
            "trade_id": "6e0d98ae-c392-49a3-b9bb-8ad14c02be34",
            "ticker": "KXHIGHCHI-25JAN24-B19.5",
            "count": 467,
            "created_time": "2025-01-25T02:25:44.551264Z",
            "yes_price": 1,
            "no_price": 99,
            "taker_side": "yes"
        },
        {
            "trade_id": "cdad731e-fb36-4678-acab-4d0ecda7bb2f",
            "ticker": "KXHIGHCHI-25JAN24-B19.5",
            "count": 50,
            "created_time": "2025-01-25T01:04:10.605814Z",
            "yes_price": 1,
            "no_price": 99,
            "taker_side": "yes"
        },
        {
            "trade_id": "77c61d6d-627f-4205-a368-194070a9cb36",
            "ticker": "KXHIGHCHI-25JAN24-B19.5",
            "count": 93,
            "created_time": "2025-01-24T22:38:01.675452Z",
            "yes_price": 1,
            "no_price": 99,
            "taker_side": "yes"
        },
        {
            "trade_id": "5f668f05-eee4-4714-99a1-8878fa19d1b6",
            "ticker": "KXHIGHCHI-25JAN24-B19.5",
            "count": 935,
            "created_time": "2025-01-24T21:14:22.880996Z",
            "yes_price": 1,
            "no_price": 99,
            "taker_side": "yes"
        },
        {
            "trade_id": "e89be5b0-826e-413e-a8fa-c57209621766",
            "ticker": "KXHIGHCHI-25JAN24-B19.5",
            "count": 3,
            "created_time": "2025-01-24T20:30:12.803463Z",
            "yes_price": 1,
            "no_price": 99,
            "taker_side": "yes"
        },
        {
            "trade_id": "feb3bed7-ea0a-49da-9c3b-e434600bf305",
            "ticker": "KXHIGHCHI-25JAN24-B19.5",
            "count": 29,
            "created_time": "2025-01-24T19:32:40.23724Z",
            "yes_price": 1,
            "no_price": 99,
            "taker_side": "yes"
        },
        {
            "trade_id": "24ca434e-a453-4822-8035-3787e538515e",
            "ticker": "KXHIGHCHI-25JAN24-B19.5",
            "count": 15,
            "created_time": "2025-01-24T19:32:40.23724Z",
            "yes_price": 1,
            "no_price": 99,
            "taker_side": "yes"
        },
        {
            "trade_id": "16ddd16b-12d8-4bf5-a026-f5311c137d7e",
            "ticker": "KXHIGHCHI-25JAN24-B19.5",
            "count": 4582,
            "created_time": "2025-01-24T19:28:34.065294Z",
            "yes_price": 1,
            "no_price": 99,
            "taker_side": "yes"
        },
        {
            "trade_id": "75170452-d97d-4413-a6ab-32bb55b79099",
            "ticker": "KXHIGHCHI-25JAN24-B19.5",
            "count": 4675,
            "created_time": "2025-01-24T19:27:01.913855Z",
            "yes_price": 1,
            "no_price": 99,
            "taker_side": "yes"
        },
        {
            "trade_id": "73cbf727-334a-408d-a081-563d297bf855",
            "ticker": "KXHIGHCHI-25JAN24-B19.5",
            "count": 186,
            "created_time": "2025-01-24T19:21:59.670635Z",
            "yes_price": 1,
            "no_price": 99,
            "taker_side": "yes"
        },
        {
            "trade_id": "6bb7f071-a074-47e9-a629-8bc9f105f831",
            "ticker": "KXHIGHCHI-25JAN24-B19.5",
            "count": 314,
            "created_time": "2025-01-24T19:21:59.670635Z",
            "yes_price": 1,
            "no_price": 99,
            "taker_side": "yes"
        },
        {
            "trade_id": "b4826215-ef78-4cda-9d4d-9a5fe5ed5128",
            "ticker": "KXHIGHCHI-25JAN24-B19.5",
            "count": 148,
            "created_time": "2025-01-24T18:59:09.323086Z",
            "yes_price": 1,
            "no_price": 99,
            "taker_side": "yes"
        },
        {
            "trade_id": "d89472b1-cf33-4710-a8a8-d88a576ced9e",
            "ticker": "KXHIGHCHI-25JAN24-B19.5",
            "count": 93,
            "created_time": "2025-01-24T18:51:48.851973Z",
            "yes_price": 1,
            "no_price": 99,
            "taker_side": "no"
        },
        {
            "trade_id": "c952bcc7-e576-4dc5-b472-1eed792a1d83",
            "ticker": "KXHIGHCHI-25JAN24-B19.5",
            "count": 50,
            "created_time": "2025-01-24T18:51:48.851973Z",
            "yes_price": 1,
            "no_price": 99,
            "taker_side": "no"
        },
        {
            "trade_id": "5031d83e-c89f-4da0-816a-2de91f430f3c",
            "ticker": "KXHIGHCHI-25JAN24-B19.5",
            "count": 723,
            "created_time": "2025-01-24T18:51:48.851973Z",
            "yes_price": 1,
            "no_price": 99,
            "taker_side": "no"
        },
        {
            "trade_id": "d4f3ba01-5d91-4d7f-89cd-01416b004083",
            "ticker": "KXHIGHCHI-25JAN24-B19.5",
            "count": 500,
            "created_time": "2025-01-24T18:41:20.057202Z",
            "yes_price": 5,
            "no_price": 95,
            "taker_side": "yes"
        },
        {
            "trade_id": "47d47ac3-0f93-4ff0-891a-1877251f9707",
            "ticker": "KXHIGHCHI-25JAN24-B19.5",
            "count": 277,
            "created_time": "2025-01-24T18:27:50.257789Z",
            "yes_price": 1,
            "no_price": 99,
            "taker_side": "no"
        },
        {
            "trade_id": "14c70875-8898-478c-bc6f-ba59a820ab98",
            "ticker": "KXHIGHCHI-25JAN24-B19.5",
            "count": 50,
            "created_time": "2025-01-24T18:18:49.41456Z",
            "yes_price": 1,
            "no_price": 99,
            "taker_side": "no"
        },
        {
            "trade_id": "b0062f73-3cc8-4def-a1f3-be79d08fed05",
            "ticker": "KXHIGHCHI-25JAN24-B19.5",
            "count": 5,
            "created_time": "2025-01-24T18:06:54.023176Z",
            "yes_price": 2,
            "no_price": 98,
            "taker_side": "no"
        },
        {
            "trade_id": "c8e400ff-9c08-4b26-bf64-b96bcea7343a",
            "ticker": "KXHIGHCHI-25JAN24-B19.5",
            "count": 93,
            "created_time": "2025-01-24T18:04:01.529205Z",
            "yes_price": 5,
            "no_price": 95,
            "taker_side": "yes"
        },
        {
            "trade_id": "884af245-2247-49a6-9881-80c060ec43df",
            "ticker": "KXHIGHCHI-25JAN24-B19.5",
            "count": 50,
            "created_time": "2025-01-24T17:52:32.020775Z",
            "yes_price": 2,
            "no_price": 98,
            "taker_side": "no"
        },
        {
            "trade_id": "3aa85f76-ee4c-46dc-96b3-dfca8b1e50af",
            "ticker": "KXHIGHCHI-25JAN24-B19.5",
            "count": 31,
            "created_time": "2025-01-24T17:41:56.557804Z",
            "yes_price": 6,
            "no_price": 94,
            "taker_side": "yes"
        },
        {
            "trade_id": "f098f90f-6e65-460b-afad-cddb64b346f4",
            "ticker": "KXHIGHCHI-25JAN24-B19.5",
            "count": 7,
            "created_time": "2025-01-24T17:19:41.432298Z",
            "yes_price": 8,
            "no_price": 92,
            "taker_side": "yes"
        },
        {
            "trade_id": "71f25ddc-3dc8-44c9-903d-6e024c329c72",
            "ticker": "KXHIGHCHI-25JAN24-B19.5",
            "count": 4,
            "created_time": "2025-01-24T17:19:41.432298Z",
            "yes_price": 8,
            "no_price": 92,
            "taker_side": "yes"
        },
        {
            "trade_id": "a47fc884-185f-40da-82cc-cc1ea578a395",
            "ticker": "KXHIGHCHI-25JAN24-B19.5",
            "count": 7,
            "created_time": "2025-01-24T17:00:24.438029Z",
            "yes_price": 12,
            "no_price": 88,
            "taker_side": "yes"
        },
        {
            "trade_id": "b9450f0b-4c86-46a1-9e16-b66f5e62f980",
            "ticker": "KXHIGHCHI-25JAN24-B19.5",
            "count": 2,
            "created_time": "2025-01-24T16:50:28.33609Z",
            "yes_price": 3,
            "no_price": 97,
            "taker_side": "no"
        },
        {
            "trade_id": "b5c4f261-4f92-421a-a27f-3e2a08c92867",
            "ticker": "KXHIGHCHI-25JAN24-B19.5",
            "count": 23,
            "created_time": "2025-01-24T16:50:28.33609Z",
            "yes_price": 3,
            "no_price": 97,
            "taker_side": "no"
        },
        {
            "trade_id": "e318d7e0-191e-4430-8965-5f25020529d4",
            "ticker": "KXHIGHCHI-25JAN24-B19.5",
            "count": 29,
            "created_time": "2025-01-24T16:43:41.216038Z",
            "yes_price": 14,
            "no_price": 86,
            "taker_side": "yes"
        },
        {
            "trade_id": "46834463-e753-4b3a-9501-a9035b80a4f5",
            "ticker": "KXHIGHCHI-25JAN24-B19.5",
            "count": 4,
            "created_time": "2025-01-24T16:43:41.216038Z",
            "yes_price": 15,
            "no_price": 85,
            "taker_side": "yes"
        },
        {
            "trade_id": "45e75548-4172-404c-bd24-2d53dd9110d6",
            "ticker": "KXHIGHCHI-25JAN24-B19.5",
            "count": 1,
            "created_time": "2025-01-24T16:34:32.256392Z",
            "yes_price": 3,
            "no_price": 97,
            "taker_side": "no"
        },
        {
            "trade_id": "9e2ed909-064d-4a3d-9e68-1157e211353d",
            "ticker": "KXHIGHCHI-25JAN24-B19.5",
            "count": 6,
            "created_time": "2025-01-24T16:33:56.879376Z",
            "yes_price": 14,
            "no_price": 86,
            "taker_side": "yes"
        },
        {
            "trade_id": "fd7fc71a-9889-442d-a3df-8a52539dacef",
            "ticker": "KXHIGHCHI-25JAN24-B19.5",
            "count": 50,
            "created_time": "2025-01-24T16:33:09.3732Z",
            "yes_price": 14,
            "no_price": 86,
            "taker_side": "yes"
        },
        {
            "trade_id": "76352ba3-606a-43ab-b2ba-2bbd4df19238",
            "ticker": "KXHIGHCHI-25JAN24-B19.5",
            "count": 23,
            "created_time": "2025-01-24T16:33:09.3732Z",
            "yes_price": 14,
            "no_price": 86,
            "taker_side": "yes"
        },
        {
            "trade_id": "4bbb6fad-bb48-42b7-a53d-f739ea22b426",
            "ticker": "KXHIGHCHI-25JAN24-B19.5",
            "count": 5,
            "created_time": "2025-01-24T16:33:09.3732Z",
            "yes_price": 20,
            "no_price": 80,
            "taker_side": "yes"
        },
        {
            "trade_id": "8832d611-04a7-4be1-95da-5bd0e01300cf",
            "ticker": "KXHIGHCHI-25JAN24-B19.5",
            "count": 1,
            "created_time": "2025-01-24T16:32:24.312144Z",
            "yes_price": 3,
            "no_price": 97,
            "taker_side": "no"
        },
        {
            "trade_id": "f240c686-8170-44ae-8b72-87858c00f80d",
            "ticker": "KXHIGHCHI-25JAN24-B19.5",
            "count": 147,
            "created_time": "2025-01-24T16:17:57.866885Z",
            "yes_price": 2,
            "no_price": 98,
            "taker_side": "no"
        },
        {
            "trade_id": "d37e980c-c0f0-4903-af16-7db7de262de9",
            "ticker": "KXHIGHCHI-25JAN24-B19.5",
            "count": 151,
            "created_time": "2025-01-24T16:17:57.866885Z",
            "yes_price": 2,
            "no_price": 98,
            "taker_side": "no"
        },
        {
            "trade_id": "1b5e2a9e-7ce1-4815-9b37-a6a777059b52",
            "ticker": "KXHIGHCHI-25JAN24-B19.5",
            "count": 7,
            "created_time": "2025-01-24T16:17:57.866885Z",
            "yes_price": 3,
            "no_price": 97,
            "taker_side": "no"
        },
        {
            "trade_id": "bb53ae28-4975-4c20-af50-2fe58611ad55",
            "ticker": "KXHIGHCHI-25JAN24-B19.5",
            "count": 50,
            "created_time": "2025-01-24T16:16:20.953006Z",
            "yes_price": 5,
            "no_price": 95,
            "taker_side": "no"
        },
        {
            "trade_id": "4a62488c-fab7-49c5-82ae-a7e5db52c399",
            "ticker": "KXHIGHCHI-25JAN24-B19.5",
            "count": 53,
            "created_time": "2025-01-24T16:16:20.953006Z",
            "yes_price": 2,
            "no_price": 98,
            "taker_side": "no"
        },
        {
            "trade_id": "c98c6831-e3f7-45fb-a81b-85e00c8b160a",
            "ticker": "KXHIGHCHI-25JAN24-B19.5",
            "count": 6,
            "created_time": "2025-01-24T16:10:25.959067Z",
            "yes_price": 21,
            "no_price": 79,
            "taker_side": "yes"
        },
        {
            "trade_id": "be6f7e4f-1669-4785-a649-1f0b58ca1967",
            "ticker": "KXHIGHCHI-25JAN24-B19.5",
            "count": 10,
            "created_time": "2025-01-24T16:10:25.959067Z",
            "yes_price": 22,
            "no_price": 78,
            "taker_side": "yes"
        },
        {
            "trade_id": "8c3efd38-0794-41e7-bb06-2e25e36d4972",
            "ticker": "KXHIGHCHI-25JAN24-B19.5",
            "count": 8,
            "created_time": "2025-01-24T16:10:25.959067Z",
            "yes_price": 22,
            "no_price": 78,
            "taker_side": "yes"
        },
        {
            "trade_id": "4b05bc5c-51c5-4306-84ac-e84c8f1d22b5",
            "ticker": "KXHIGHCHI-25JAN24-B19.5",
            "count": 12,
            "created_time": "2025-01-24T16:10:25.959067Z",
            "yes_price": 8,
            "no_price": 92,
            "taker_side": "yes"
        },
        {
            "trade_id": "1da5b694-e146-4498-a359-a5484e81f784",
            "ticker": "KXHIGHCHI-25JAN24-B19.5",
            "count": 30,
            "created_time": "2025-01-24T16:10:25.959067Z",
            "yes_price": 20,
            "no_price": 80,
            "taker_side": "yes"
        },
        {
            "trade_id": "f8080882-db92-4d7f-bd7d-7edbda940b2d",
            "ticker": "KXHIGHCHI-25JAN24-B19.5",
            "count": 20,
            "created_time": "2025-01-24T15:45:09.508989Z",
            "yes_price": 8,
            "no_price": 92,
            "taker_side": "no"
        },
        {
            "trade_id": "60fbcbed-eb1d-4f9c-9970-d2088e21dc8e",
            "ticker": "KXHIGHCHI-25JAN24-B19.5",
            "count": 1,
            "created_time": "2025-01-24T15:45:09.508989Z",
            "yes_price": 5,
            "no_price": 95,
            "taker_side": "no"
        },
        {
            "trade_id": "d8a1a0b7-7940-48df-a8b1-cf3836093522",
            "ticker": "KXHIGHCHI-25JAN24-B19.5",
            "count": 7,
            "created_time": "2025-01-24T15:42:28.930313Z",
            "yes_price": 10,
            "no_price": 90,
            "taker_side": "yes"
        },
        {
            "trade_id": "b4119d7f-cd8c-4023-b050-2cef8a6a464e",
            "ticker": "KXHIGHCHI-25JAN24-B19.5",
            "count": 2,
            "created_time": "2025-01-24T15:42:28.930313Z",
            "yes_price": 11,
            "no_price": 89,
            "taker_side": "yes"
        },
        {
            "trade_id": "ae2406cd-2740-4188-8cad-b1b6a274f976",
            "ticker": "KXHIGHCHI-25JAN24-B19.5",
            "count": 36,
            "created_time": "2025-01-24T15:31:24.143224Z",
            "yes_price": 14,
            "no_price": 86,
            "taker_side": "yes"
        },
        {
            "trade_id": "9e3243ae-3327-4795-9b08-ae5df0d091bb",
            "ticker": "KXHIGHCHI-25JAN24-B19.5",
            "count": 7,
            "created_time": "2025-01-24T15:31:24.143224Z",
            "yes_price": 10,
            "no_price": 90,
            "taker_side": "yes"
        },
        {
            "trade_id": "4651436d-f5c3-47f2-b491-2ea488f06387",
            "ticker": "KXHIGHCHI-25JAN24-B19.5",
            "count": 27,
            "created_time": "2025-01-24T15:31:24.143224Z",
            "yes_price": 11,
            "no_price": 89,
            "taker_side": "yes"
        },
        {
            "trade_id": "2898586d-5cc9-4979-a99f-b97ced1bb724",
            "ticker": "KXHIGHCHI-25JAN24-B19.5",
            "count": 7,
            "created_time": "2025-01-24T15:31:24.143224Z",
            "yes_price": 12,
            "no_price": 88,
            "taker_side": "yes"
        },
        {
            "trade_id": "1ba39173-bffe-4a99-a117-5f90b444ae65",
            "ticker": "KXHIGHCHI-25JAN24-B19.5",
            "count": 1,
            "created_time": "2025-01-24T15:31:24.143224Z",
            "yes_price": 12,
            "no_price": 88,
            "taker_side": "yes"
        },
        {
            "trade_id": "be4d6258-a7ce-4589-8285-7ff483916455",
            "ticker": "KXHIGHCHI-25JAN24-B19.5",
            "count": 13,
            "created_time": "2025-01-24T15:07:58.245322Z",
            "yes_price": 11,
            "no_price": 89,
            "taker_side": "yes"
        },
        {
            "trade_id": "783956f0-a962-4992-82d9-79a570b8d37f",
            "ticker": "KXHIGHCHI-25JAN24-B19.5",
            "count": 13,
            "created_time": "2025-01-24T15:07:58.245322Z",
            "yes_price": 10,
            "no_price": 90,
            "taker_side": "yes"
        },
        {
            "trade_id": "61b410e9-4697-411b-8fc6-18cf668cff01",
            "ticker": "KXHIGHCHI-25JAN24-B19.5",
            "count": 11,
            "created_time": "2025-01-24T15:04:34.534192Z",
            "yes_price": 9,
            "no_price": 91,
            "taker_side": "yes"
        },
        {
            "trade_id": "0e294a0e-2a51-4ac9-a12a-ed64e41b18b1",
            "ticker": "KXHIGHCHI-25JAN24-B19.5",
            "count": 8,
            "created_time": "2025-01-24T15:04:34.534192Z",
            "yes_price": 11,
            "no_price": 89,
            "taker_side": "yes"
        },
        {
            "trade_id": "1e5c7442-d70e-4ad0-9730-7bc8da60f7cc",
            "ticker": "KXHIGHCHI-25JAN24-B19.5",
            "count": 4,
            "created_time": "2025-01-24T14:58:51.544561Z",
            "yes_price": 10,
            "no_price": 90,
            "taker_side": "no"
        },
        {
            "trade_id": "3608b82e-0f16-4943-afce-a99cfae4228b",
            "ticker": "KXHIGHCHI-25JAN24-B19.5",
            "count": 26,
            "created_time": "2025-01-24T14:57:38.199517Z",
            "yes_price": 10,
            "no_price": 90,
            "taker_side": "no"
        },
        {
            "trade_id": "e8283ef7-4894-457e-a1fe-469ef9ac0016",
            "ticker": "KXHIGHCHI-25JAN24-B19.5",
            "count": 2,
            "created_time": "2025-01-24T14:46:18.58898Z",
            "yes_price": 11,
            "no_price": 89,
            "taker_side": "yes"
        },
        {
            "trade_id": "d0d86e1e-e90e-4cd4-91a1-b1ed306c7220",
            "ticker": "KXHIGHCHI-25JAN24-B19.5",
            "count": 6,
            "created_time": "2025-01-24T14:46:18.58898Z",
            "yes_price": 11,
            "no_price": 89,
            "taker_side": "yes"
        },
        {
            "trade_id": "478de22a-5a8c-429f-b29c-83daa8e5fe71",
            "ticker": "KXHIGHCHI-25JAN24-B19.5",
            "count": 2,
            "created_time": "2025-01-24T14:30:51.379327Z",
            "yes_price": 9,
            "no_price": 91,
            "taker_side": "no"
        },
        {
            "trade_id": "73bab037-02ac-4fa5-9911-144917316756",
            "ticker": "KXHIGHCHI-25JAN24-B19.5",
            "count": 1,
            "created_time": "2025-01-24T14:30:22.637837Z",
            "yes_price": 9,
            "no_price": 91,
            "taker_side": "no"
        },
        {
            "trade_id": "d34e11d9-1b22-48d7-8d37-48ccc1e03b1b",
            "ticker": "KXHIGHCHI-25JAN24-B19.5",
            "count": 13,
            "created_time": "2025-01-24T14:30:03.745896Z",
            "yes_price": 11,
            "no_price": 89,
            "taker_side": "no"
        },
        {
            "trade_id": "b0469ddb-a3b2-4348-9e1e-914788bb6135",
            "ticker": "KXHIGHCHI-25JAN24-B19.5",
            "count": 4,
            "created_time": "2025-01-24T14:27:46.371253Z",
            "yes_price": 13,
            "no_price": 87,
            "taker_side": "yes"
        },
        {
            "trade_id": "0f251be5-e683-41ba-8bff-2cbb210312a3",
            "ticker": "KXHIGHCHI-25JAN24-B19.5",
            "count": 11,
            "created_time": "2025-01-24T14:27:46.371253Z",
            "yes_price": 13,
            "no_price": 87,
            "taker_side": "yes"
        },
        {
            "trade_id": "cc111414-6987-4c01-8bec-65c6fd1041bd",
            "ticker": "KXHIGHCHI-25JAN24-B19.5",
            "count": 31,
            "created_time": "2025-01-24T14:20:56.563392Z",
            "yes_price": 14,
            "no_price": 86,
            "taker_side": "yes"
        },
        {
            "trade_id": "2fff3471-5d5c-4b0e-a607-652fa49dcb6f",
            "ticker": "KXHIGHCHI-25JAN24-B19.5",
            "count": 2,
            "created_time": "2025-01-24T14:20:56.563392Z",
            "yes_price": 13,
            "no_price": 87,
            "taker_side": "yes"
        },
        {
            "trade_id": "da12e7ee-8faf-464a-b58f-6ad9fe1fccb5",
            "ticker": "KXHIGHCHI-25JAN24-B19.5",
            "count": 86,
            "created_time": "2025-01-24T14:19:50.694071Z",
            "yes_price": 13,
            "no_price": 87,
            "taker_side": "yes"
        },
        {
            "trade_id": "960f748a-db29-4585-8b11-b9619902a0da",
            "ticker": "KXHIGHCHI-25JAN24-B19.5",
            "count": 1,
            "created_time": "2025-01-24T14:19:50.694071Z",
            "yes_price": 12,
            "no_price": 88,
            "taker_side": "yes"
        },
        {
            "trade_id": "38eabeb1-2742-4ba1-9e89-9e888b92ecb2",
            "ticker": "KXHIGHCHI-25JAN24-B19.5",
            "count": 64,
            "created_time": "2025-01-24T14:19:50.694071Z",
            "yes_price": 13,
            "no_price": 87,
            "taker_side": "yes"
        },
        {
            "trade_id": "b021fa74-5b86-436d-9339-134cc911848b",
            "ticker": "KXHIGHCHI-25JAN24-B19.5",
            "count": 180,
            "created_time": "2025-01-24T14:19:29.934122Z",
            "yes_price": 12,
            "no_price": 88,
            "taker_side": "yes"
        },
        {
            "trade_id": "10395ff1-3d14-4962-9fbd-907c88160fbf",
            "ticker": "KXHIGHCHI-25JAN24-B19.5",
            "count": 6,
            "created_time": "2025-01-24T14:19:29.934122Z",
            "yes_price": 11,
            "no_price": 89,
            "taker_side": "yes"
        },
        {
            "trade_id": "d3cc45ad-731a-402a-a792-07d1a19806d0",
            "ticker": "KXHIGHCHI-25JAN24-B19.5",
            "count": 17,
            "created_time": "2025-01-24T14:18:35.213601Z",
            "yes_price": 10,
            "no_price": 90,
            "taker_side": "yes"
        },
        {
            "trade_id": "ed498703-e740-4c1b-97bf-8a9a86d3137e",
            "ticker": "KXHIGHCHI-25JAN24-B19.5",
            "count": 8,
            "created_time": "2025-01-24T13:49:55.725537Z",
            "yes_price": 11,
            "no_price": 89,
            "taker_side": "yes"
        },
        {
            "trade_id": "e48be4ae-becd-4ea1-a149-86be9b10b49f",
            "ticker": "KXHIGHCHI-25JAN24-B19.5",
            "count": 10,
            "created_time": "2025-01-24T13:49:55.725537Z",
            "yes_price": 12,
            "no_price": 88,
            "taker_side": "yes"
        },
        {
            "trade_id": "71ce3557-5189-4708-98de-4ce0203b10d2",
            "ticker": "KXHIGHCHI-25JAN24-B19.5",
            "count": 1,
            "created_time": "2025-01-24T13:49:55.725537Z",
            "yes_price": 10,
            "no_price": 90,
            "taker_side": "yes"
        },
        {
            "trade_id": "22869efe-8a90-4674-9228-b52e8641a705",
            "ticker": "KXHIGHCHI-25JAN24-B19.5",
            "count": 6,
            "created_time": "2025-01-24T13:49:55.725537Z",
            "yes_price": 10,
            "no_price": 90,
            "taker_side": "yes"
        },
        {
            "trade_id": "89489e64-6493-4c38-a092-f2ce4084e41b",
            "ticker": "KXHIGHCHI-25JAN24-B19.5",
            "count": 44,
            "created_time": "2025-01-24T13:44:10.242557Z",
            "yes_price": 10,
            "no_price": 90,
            "taker_side": "yes"
        },
        {
            "trade_id": "5ffb2674-45fe-45fb-80cd-f890eadafc7f",
            "ticker": "KXHIGHCHI-25JAN24-B19.5",
            "count": 15,
            "created_time": "2025-01-24T13:44:10.242557Z",
            "yes_price": 9,
            "no_price": 91,
            "taker_side": "yes"
        },
        {
            "trade_id": "ee223e47-d1d1-422f-9a03-ed8dbf755051",
            "ticker": "KXHIGHCHI-25JAN24-B19.5",
            "count": 8,
            "created_time": "2025-01-24T13:24:14.234387Z",
            "yes_price": 11,
            "no_price": 89,
            "taker_side": "yes"
        },
        {
            "trade_id": "afc1f586-3224-405c-9115-a3ed29774bc8",
            "ticker": "KXHIGHCHI-25JAN24-B19.5",
            "count": 3,
            "created_time": "2025-01-24T13:24:14.234387Z",
            "yes_price": 11,
            "no_price": 89,
            "taker_side": "yes"
        },
        {
            "trade_id": "a3ef5370-000e-4645-b29e-3ce901f1c16d",
            "ticker": "KXHIGHCHI-25JAN24-B19.5",
            "count": 34,
            "created_time": "2025-01-24T13:24:14.234387Z",
            "yes_price": 13,
            "no_price": 87,
            "taker_side": "yes"
        },
        {
            "trade_id": "9fcd1429-4288-43e2-a0b4-6a87ca572ed6",
            "ticker": "KXHIGHCHI-25JAN24-B19.5",
            "count": 8,
            "created_time": "2025-01-24T13:24:14.234387Z",
            "yes_price": 11,
            "no_price": 89,
            "taker_side": "yes"
        },
        {
            "trade_id": "7c19e503-f68d-4e65-b35d-76990cd389b5",
            "ticker": "KXHIGHCHI-25JAN24-B19.5",
            "count": 1,
            "created_time": "2025-01-24T13:10:19.318095Z",
            "yes_price": 11,
            "no_price": 89,
            "taker_side": "yes"
        },
        {
            "trade_id": "f5376319-c72d-4dcf-b096-9432f9075643",
            "ticker": "KXHIGHCHI-25JAN24-B19.5",
            "count": 6,
            "created_time": "2025-01-24T13:01:19.489401Z",
            "yes_price": 15,
            "no_price": 85,
            "taker_side": "yes"
        },
        {
            "trade_id": "0e935537-22a8-458d-94c9-8446362dc1c0",
            "ticker": "KXHIGHCHI-25JAN24-B19.5",
            "count": 118,
            "created_time": "2025-01-24T07:52:36.340325Z",
            "yes_price": 16,
            "no_price": 84,
            "taker_side": "yes"
        },
        {
            "trade_id": "3f6ebc60-187a-4b7b-81ef-7625932e1322",
            "ticker": "KXHIGHCHI-25JAN24-B19.5",
            "count": 3,
            "created_time": "2025-01-24T07:41:35.057322Z",
            "yes_price": 15,
            "no_price": 85,
            "taker_side": "yes"
        },
        {
            "trade_id": "e9559cee-55ce-4f14-a7e6-e5c3448508ec",
            "ticker": "KXHIGHCHI-25JAN24-B19.5",
            "count": 12,
            "created_time": "2025-01-24T07:07:51.559237Z",
            "yes_price": 9,
            "no_price": 91,
            "taker_side": "no"
        },
        {
            "trade_id": "7e2e9650-eac7-42de-9c72-2065e61b1664",
            "ticker": "KXHIGHCHI-25JAN24-B19.5",
            "count": 31,
            "created_time": "2025-01-24T07:07:51.559237Z",
            "yes_price": 10,
            "no_price": 90,
            "taker_side": "no"
        },
        {
            "trade_id": "14ee05b8-5b83-45d6-bd50-2de91556f378",
            "ticker": "KXHIGHCHI-25JAN24-B19.5",
            "count": 1,
            "created_time": "2025-01-24T07:07:51.559237Z",
            "yes_price": 11,
            "no_price": 89,
            "taker_side": "no"
        },
        {
            "trade_id": "5b7aa459-e2c6-48b8-b331-bb8f051a403c",
            "ticker": "KXHIGHCHI-25JAN24-B19.5",
            "count": 4,
            "created_time": "2025-01-24T07:03:09.268358Z",
            "yes_price": 14,
            "no_price": 86,
            "taker_side": "yes"
        },
        {
            "trade_id": "38af115b-0d53-453b-b010-15c84967f9c1",
            "ticker": "KXHIGHCHI-25JAN24-B19.5",
            "count": 121,
            "created_time": "2025-01-24T07:03:09.268358Z",
            "yes_price": 16,
            "no_price": 84,
            "taker_side": "yes"
        },
        {
            "trade_id": "436e1d89-9b9f-4db1-9b40-c5bbd151d94f",
            "ticker": "KXHIGHCHI-25JAN24-B19.5",
            "count": 14,
            "created_time": "2025-01-24T06:28:33.890017Z",
            "yes_price": 15,
            "no_price": 85,
            "taker_side": "yes"
        },
        {
            "trade_id": "32632a18-95ec-481d-9b1d-c0e7ecfd0a0e",
            "ticker": "KXHIGHCHI-25JAN24-B19.5",
            "count": 11,
            "created_time": "2025-01-24T06:28:33.890017Z",
            "yes_price": 15,
            "no_price": 85,
            "taker_side": "yes"
        },
        {
            "trade_id": "bd442e54-daf6-4158-bf4e-862add850772",
            "ticker": "KXHIGHCHI-25JAN24-B19.5",
            "count": 31,
            "created_time": "2025-01-24T06:20:03.620286Z",
            "yes_price": 15,
            "no_price": 85,
            "taker_side": "yes"
        },
        {
            "trade_id": "e52d1160-bd36-496e-8ac6-6fbc15d36468",
            "ticker": "KXHIGHCHI-25JAN24-B19.5",
            "count": 14,
            "created_time": "2025-01-24T05:14:52.661864Z",
            "yes_price": 15,
            "no_price": 85,
            "taker_side": "yes"
        },
        {
            "trade_id": "66fc5483-68fe-41d3-9c01-86cb679d8172",
            "ticker": "KXHIGHCHI-25JAN24-B19.5",
            "count": 2,
            "created_time": "2025-01-24T05:14:52.661864Z",
            "yes_price": 15,
            "no_price": 85,
            "taker_side": "yes"
        },
        {
            "trade_id": "335064d6-1629-499a-bca1-3462cfcc43cf",
            "ticker": "KXHIGHCHI-25JAN24-B19.5",
            "count": 15,
            "created_time": "2025-01-24T05:14:52.661864Z",
            "yes_price": 15,
            "no_price": 85,
            "taker_side": "yes"
        },
        {
            "trade_id": "ce886b64-f41f-4ee8-a6fd-92513a08b58d",
            "ticker": "KXHIGHCHI-25JAN24-B19.5",
            "count": 4,
            "created_time": "2025-01-24T05:00:59.126045Z",
            "yes_price": 16,
            "no_price": 84,
            "taker_side": "yes"
        },
        {
            "trade_id": "c6b9e1b0-15f6-469b-bf6e-87abfa79717c",
            "ticker": "KXHIGHCHI-25JAN24-B19.5",
            "count": 1,
            "created_time": "2025-01-24T05:00:59.126045Z",
            "yes_price": 16,
            "no_price": 84,
            "taker_side": "yes"
        },
        {
            "trade_id": "965498dd-b56a-4434-be5c-dad0839d6651",
            "ticker": "KXHIGHCHI-25JAN24-B19.5",
            "count": 18,
            "created_time": "2025-01-24T05:00:59.126045Z",
            "yes_price": 16,
            "no_price": 84,
            "taker_side": "yes"
        },
        {
            "trade_id": "7b1a07a6-4e48-40a6-b75f-372b7949fdfa",
            "ticker": "KXHIGHCHI-25JAN24-B19.5",
            "count": 1,
            "created_time": "2025-01-24T05:00:59.126045Z",
            "yes_price": 16,
            "no_price": 84,
            "taker_side": "yes"
        },
        {
            "trade_id": "471acd27-ef9c-4ced-8905-90046dbf1d9e",
            "ticker": "KXHIGHCHI-25JAN24-B19.5",
            "count": 5,
            "created_time": "2025-01-24T05:00:59.126045Z",
            "yes_price": 17,
            "no_price": 83,
            "taker_side": "yes"
        },
        {
            "trade_id": "e2f9fa1c-2e2c-4d69-a7d9-825c2d8314b7",
            "ticker": "KXHIGHCHI-25JAN24-B19.5",
            "count": 27,
            "created_time": "2025-01-24T04:57:00.05773Z",
            "yes_price": 16,
            "no_price": 84,
            "taker_side": "yes"
        },
        {
            "trade_id": "78c96b94-4af4-4b92-95b7-832ecb273153",
            "ticker": "KXHIGHCHI-25JAN24-B19.5",
            "count": 2,
            "created_time": "2025-01-24T04:57:00.05773Z",
            "yes_price": 13,
            "no_price": 87,
            "taker_side": "yes"
        },
        {
            "trade_id": "c3368b50-62c8-400d-9d9d-c75463aaf981",
            "ticker": "KXHIGHCHI-25JAN24-B19.5",
            "count": 9,
            "created_time": "2025-01-24T04:48:28.787613Z",
            "yes_price": 16,
            "no_price": 84,
            "taker_side": "yes"
        },
        {
            "trade_id": "a8f21088-2e36-482c-a12f-5fef2ae79192",
            "ticker": "KXHIGHCHI-25JAN24-B19.5",
            "count": 2,
            "created_time": "2025-01-24T04:48:28.787613Z",
            "yes_price": 16,
            "no_price": 84,
            "taker_side": "yes"
        },
        {
            "trade_id": "497a5f8d-d392-4a21-8979-56e5d2e7cb17",
            "ticker": "KXHIGHCHI-25JAN24-B19.5",
            "count": 10,
            "created_time": "2025-01-24T04:42:57.951124Z",
            "yes_price": 11,
            "no_price": 89,
            "taker_side": "no"
        },
        {
            "trade_id": "6948c2c8-be6e-48af-8932-0b0816ed3e9b",
            "ticker": "KXHIGHCHI-25JAN24-B19.5",
            "count": 29,
            "created_time": "2025-01-24T03:56:12.729358Z",
            "yes_price": 16,
            "no_price": 84,
            "taker_side": "yes"
        },
        {
            "trade_id": "469f007a-4b8d-4e6c-80ff-1f794cc045bf",
            "ticker": "KXHIGHCHI-25JAN24-B19.5",
            "count": 16,
            "created_time": "2025-01-24T03:32:23.340451Z",
            "yes_price": 15,
            "no_price": 85,
            "taker_side": "no"
        },
        {
            "trade_id": "d2d946c0-0831-4751-9142-d3ec3c630035",
            "ticker": "KXHIGHCHI-25JAN24-B19.5",
            "count": 28,
            "created_time": "2025-01-24T03:31:05.165113Z",
            "yes_price": 17,
            "no_price": 83,
            "taker_side": "yes"
        },
        {
            "trade_id": "bd047525-20f9-4c38-b54e-77a881671cc9",
            "ticker": "KXHIGHCHI-25JAN24-B19.5",
            "count": 34,
            "created_time": "2025-01-24T03:20:05.892776Z",
            "yes_price": 14,
            "no_price": 86,
            "taker_side": "no"
        },
        {
            "trade_id": "21eda1cc-9753-4a7c-a03d-dcff4afcda4e",
            "ticker": "KXHIGHCHI-25JAN24-B19.5",
            "count": 54,
            "created_time": "2025-01-24T03:19:49.307128Z",
            "yes_price": 15,
            "no_price": 85,
            "taker_side": "no"
        },
        {
            "trade_id": "cf8781a1-4ad7-486d-b285-5849c696a960",
            "ticker": "KXHIGHCHI-25JAN24-B19.5",
            "count": 54,
            "created_time": "2025-01-24T03:19:40.085783Z",
            "yes_price": 15,
            "no_price": 85,
            "taker_side": "no"
        },
        {
            "trade_id": "4f0a22f1-221c-4d71-8bb9-25853958abdc",
            "ticker": "KXHIGHCHI-25JAN24-B19.5",
            "count": 6,
            "created_time": "2025-01-24T03:19:32.745842Z",
            "yes_price": 16,
            "no_price": 84,
            "taker_side": "no"
        },
        {
            "trade_id": "77b2a655-fa77-4858-a99a-e7767b1db737",
            "ticker": "KXHIGHCHI-25JAN24-B19.5",
            "count": 3,
            "created_time": "2025-01-24T02:58:34.15361Z",
            "yes_price": 16,
            "no_price": 84,
            "taker_side": "yes"
        },
        {
            "trade_id": "c872793d-a331-4851-bd2f-ea3c02ea57d5",
            "ticker": "KXHIGHCHI-25JAN24-B19.5",
            "count": 24,
            "created_time": "2025-01-24T02:55:06.099423Z",
            "yes_price": 17,
            "no_price": 83,
            "taker_side": "yes"
        },
        {
            "trade_id": "1b759211-760c-4d42-9dab-b4ef0c5ef47a",
            "ticker": "KXHIGHCHI-25JAN24-B19.5",
            "count": 84,
            "created_time": "2025-01-24T02:55:06.099423Z",
            "yes_price": 17,
            "no_price": 83,
            "taker_side": "yes"
        },
        {
            "trade_id": "250980f5-959e-4275-83b0-0e52066b9482",
            "ticker": "KXHIGHCHI-25JAN24-B19.5",
            "count": 13,
            "created_time": "2025-01-24T02:51:34.735827Z",
            "yes_price": 13,
            "no_price": 87,
            "taker_side": "no"
        },
        {
            "trade_id": "0b1f781c-a21e-406f-9bc7-eb517b5dc242",
            "ticker": "KXHIGHCHI-25JAN24-B19.5",
            "count": 135,
            "created_time": "2025-01-24T02:51:34.735827Z",
            "yes_price": 13,
            "no_price": 87,
            "taker_side": "no"
        },
        {
            "trade_id": "e6c73dc9-75fd-4fdf-a4a3-c3e3e8867040",
            "ticker": "KXHIGHCHI-25JAN24-B19.5",
            "count": 26,
            "created_time": "2025-01-24T02:20:37.871578Z",
            "yes_price": 18,
            "no_price": 82,
            "taker_side": "yes"
        },
        {
            "trade_id": "d8276505-1cd6-4f67-811d-3c53c97a962c",
            "ticker": "KXHIGHCHI-25JAN24-B19.5",
            "count": 15,
            "created_time": "2025-01-24T01:44:49.992328Z",
            "yes_price": 18,
            "no_price": 82,
            "taker_side": "yes"
        },
        {
            "trade_id": "ea1449b8-c483-4271-b67e-0a048b583547",
            "ticker": "KXHIGHCHI-25JAN24-B19.5",
            "count": 891,
            "created_time": "2025-01-24T01:39:50.516481Z",
            "yes_price": 18,
            "no_price": 82,
            "taker_side": "yes"
        },
        {
            "trade_id": "4ddb80d1-c00c-430d-9775-4e055b88555c",
            "ticker": "KXHIGHCHI-25JAN24-B19.5",
            "count": 109,
            "created_time": "2025-01-24T01:39:50.516481Z",
            "yes_price": 17,
            "no_price": 83,
            "taker_side": "yes"
        },
        {
            "trade_id": "42e58ed1-c541-4a10-9a1b-7c25985aebb6",
            "ticker": "KXHIGHCHI-25JAN24-B19.5",
            "count": 250,
            "created_time": "2025-01-24T01:38:09.461107Z",
            "yes_price": 17,
            "no_price": 83,
            "taker_side": "yes"
        },
        {
            "trade_id": "02023efa-6049-45b3-a0b6-b55cf28d9b85",
            "ticker": "KXHIGHCHI-25JAN24-B19.5",
            "count": 111,
            "created_time": "2025-01-24T01:33:54.42392Z",
            "yes_price": 17,
            "no_price": 83,
            "taker_side": "yes"
        },
        {
            "trade_id": "968402d2-0509-4bec-89c2-7764cca12858",
            "ticker": "KXHIGHCHI-25JAN24-B19.5",
            "count": 277,
            "created_time": "2025-01-24T01:19:08.075742Z",
            "yes_price": 17,
            "no_price": 83,
            "taker_side": "yes"
        },
        {
            "trade_id": "e0cbd39a-9ac7-466e-a20f-ee7e34265418",
            "ticker": "KXHIGHCHI-25JAN24-B19.5",
            "count": 26,
            "created_time": "2025-01-24T00:53:25.933379Z",
            "yes_price": 17,
            "no_price": 83,
            "taker_side": "yes"
        },
        {
            "trade_id": "edf2dab2-a89a-4f58-be82-55fca2af769b",
            "ticker": "KXHIGHCHI-25JAN24-B19.5",
            "count": 150,
            "created_time": "2025-01-23T22:49:47.778709Z",
            "yes_price": 20,
            "no_price": 80,
            "taker_side": "no"
        },
        {
            "trade_id": "1487f170-cfbc-4935-bb41-17d0e0eba1bb",
            "ticker": "KXHIGHCHI-25JAN24-B19.5",
            "count": 10,
            "created_time": "2025-01-23T22:45:51.519448Z",
            "yes_price": 20,
            "no_price": 80,
            "taker_side": "no"
        },
        {
            "trade_id": "8350d85d-b9db-4ffb-9790-941032cbb469",
            "ticker": "KXHIGHCHI-25JAN24-B19.5",
            "count": 2,
            "created_time": "2025-01-23T22:44:33.002352Z",
            "yes_price": 20,
            "no_price": 80,
            "taker_side": "no"
        },
        {
            "trade_id": "c5b6f0e9-221a-47b8-860e-d3489437571e",
            "ticker": "KXHIGHCHI-25JAN24-B19.5",
            "count": 10,
            "created_time": "2025-01-23T22:44:12.611094Z",
            "yes_price": 20,
            "no_price": 80,
            "taker_side": "no"
        },
        {
            "trade_id": "a19566cd-c824-41b7-b89b-0e98046d858d",
            "ticker": "KXHIGHCHI-25JAN24-B19.5",
            "count": 26,
            "created_time": "2025-01-23T22:42:38.694599Z",
            "yes_price": 20,
            "no_price": 80,
            "taker_side": "no"
        },
        {
            "trade_id": "47cb844d-f745-4e4a-b8e9-582ba9783f3a",
            "ticker": "KXHIGHCHI-25JAN24-B19.5",
            "count": 1,
            "created_time": "2025-01-23T22:39:31.611429Z",
            "yes_price": 20,
            "no_price": 80,
            "taker_side": "no"
        },
        {
            "trade_id": "8ee9aa43-ede7-429f-8c20-3ef7065aafe7",
            "ticker": "KXHIGHCHI-25JAN24-B19.5",
            "count": 1,
            "created_time": "2025-01-23T22:38:33.535549Z",
            "yes_price": 20,
            "no_price": 80,
            "taker_side": "no"
        },
        {
            "trade_id": "dff99a09-8a47-44ef-8988-1d4ceb7fd89c",
            "ticker": "KXHIGHCHI-25JAN24-B19.5",
            "count": 5,
            "created_time": "2025-01-23T22:05:49.542646Z",
            "yes_price": 23,
            "no_price": 77,
            "taker_side": "yes"
        },
        {
            "trade_id": "94fb0ab6-1c9a-42d6-ad22-05bf07dd6121",
            "ticker": "KXHIGHCHI-25JAN24-B19.5",
            "count": 5,
            "created_time": "2025-01-23T22:05:49.542646Z",
            "yes_price": 21,
            "no_price": 79,
            "taker_side": "yes"
        },
        {
            "trade_id": "c66cfc7e-0458-4ed3-9783-6043a453da43",
            "ticker": "KXHIGHCHI-25JAN24-B19.5",
            "count": 2,
            "created_time": "2025-01-23T21:58:03.343383Z",
            "yes_price": 23,
            "no_price": 77,
            "taker_side": "yes"
        },
        {
            "trade_id": "b56feec2-bb95-4288-9d4c-512801323ea6",
            "ticker": "KXHIGHCHI-25JAN24-B19.5",
            "count": 4,
            "created_time": "2025-01-23T21:58:03.343383Z",
            "yes_price": 21,
            "no_price": 79,
            "taker_side": "yes"
        },
        {
            "trade_id": "759c2c71-1e72-445e-8cf9-4304f0356776",
            "ticker": "KXHIGHCHI-25JAN24-B19.5",
            "count": 7,
            "created_time": "2025-01-23T21:58:03.343383Z",
            "yes_price": 21,
            "no_price": 79,
            "taker_side": "yes"
        },
        {
            "trade_id": "e9048450-73be-464a-858d-40b33ef55244",
            "ticker": "KXHIGHCHI-25JAN24-B19.5",
            "count": 12,
            "created_time": "2025-01-23T21:21:11.546312Z",
            "yes_price": 23,
            "no_price": 77,
            "taker_side": "yes"
        },
        {
            "trade_id": "de8f3808-eae4-407c-bdce-f42668af5d91",
            "ticker": "KXHIGHCHI-25JAN24-B19.5",
            "count": 13,
            "created_time": "2025-01-23T21:21:11.546312Z",
            "yes_price": 28,
            "no_price": 72,
            "taker_side": "yes"
        },
        {
            "trade_id": "b0ff6ed9-eb1a-457e-8488-0265e979c337",
            "ticker": "KXHIGHCHI-25JAN24-B19.5",
            "count": 27,
            "created_time": "2025-01-23T21:21:11.546312Z",
            "yes_price": 32,
            "no_price": 68,
            "taker_side": "yes"
        },
        {
            "trade_id": "9b3e3e8a-6d64-4da8-8353-226faa8f1662",
            "ticker": "KXHIGHCHI-25JAN24-B19.5",
            "count": 180,
            "created_time": "2025-01-23T21:21:11.546312Z",
            "yes_price": 16,
            "no_price": 84,
            "taker_side": "yes"
        },
        {
            "trade_id": "7680d101-8d5c-410c-b606-bd8f37ffb28a",
            "ticker": "KXHIGHCHI-25JAN24-B19.5",
            "count": 180,
            "created_time": "2025-01-23T21:21:11.546312Z",
            "yes_price": 14,
            "no_price": 86,
            "taker_side": "yes"
        },
        {
            "trade_id": "67548609-f626-482a-a708-4a0641a5a749",
            "ticker": "KXHIGHCHI-25JAN24-B19.5",
            "count": 20,
            "created_time": "2025-01-23T21:21:11.546312Z",
            "yes_price": 16,
            "no_price": 84,
            "taker_side": "yes"
        },
        {
            "trade_id": "2340f9c8-19b8-4d3b-bafc-da6129c88c40",
            "ticker": "KXHIGHCHI-25JAN24-B19.5",
            "count": 67,
            "created_time": "2025-01-23T21:21:11.546312Z",
            "yes_price": 12,
            "no_price": 88,
            "taker_side": "yes"
        },
        {
            "trade_id": "11f5a724-c6b7-44df-a412-3aa751b79004",
            "ticker": "KXHIGHCHI-25JAN24-B19.5",
            "count": 31,
            "created_time": "2025-01-23T21:21:11.546312Z",
            "yes_price": 46,
            "no_price": 54,
            "taker_side": "yes"
        },
        {
            "trade_id": "6cf65de0-8f0f-4678-a504-476068fed6cd",
            "ticker": "KXHIGHCHI-25JAN24-B19.5",
            "count": 35,
            "created_time": "2025-01-23T19:39:04.694861Z",
            "yes_price": 11,
            "no_price": 89,
            "taker_side": "yes"
        },
        {
            "trade_id": "2ea9a028-1da0-40ef-b04e-123f9915aa86",
            "ticker": "KXHIGHCHI-25JAN24-B19.5",
            "count": 6,
            "created_time": "2025-01-23T19:39:04.694861Z",
            "yes_price": 13,
            "no_price": 87,
            "taker_side": "yes"
        },
        {
            "trade_id": "1cb707a9-e5e6-4795-b893-a81b252538b9",
            "ticker": "KXHIGHCHI-25JAN24-B19.5",
            "count": 17,
            "created_time": "2025-01-23T18:40:43.165666Z",
            "yes_price": 10,
            "no_price": 90,
            "taker_side": "yes"
        },
        {
            "trade_id": "0481a9f1-b45e-4aeb-ae8c-9403ffc9f456",
            "ticker": "KXHIGHCHI-25JAN24-B19.5",
            "count": 3,
            "created_time": "2025-01-23T18:40:34.75151Z",
            "yes_price": 8,
            "no_price": 92,
            "taker_side": "yes"
        },
        {
            "trade_id": "c98e4ff7-88f0-449f-9fdf-f1d78a67dfba",
            "ticker": "KXHIGHCHI-25JAN24-B19.5",
            "count": 37,
            "created_time": "2025-01-23T18:34:05.407938Z",
            "yes_price": 8,
            "no_price": 92,
            "taker_side": "yes"
        },
        {
            "trade_id": "8fa5117e-5e93-4774-babb-892dfc32b8ae",
            "ticker": "KXHIGHCHI-25JAN24-B19.5",
            "count": 1,
            "created_time": "2025-01-23T18:34:05.407938Z",
            "yes_price": 8,
            "no_price": 92,
            "taker_side": "yes"
        },
        {
            "trade_id": "752ad760-d064-40f7-912c-11f28d64ee06",
            "ticker": "KXHIGHCHI-25JAN24-B19.5",
            "count": 36,
            "created_time": "2025-01-23T18:34:05.407938Z",
            "yes_price": 8,
            "no_price": 92,
            "taker_side": "yes"
        },
        {
            "trade_id": "cf118d51-f2a2-4653-89db-48b4521999d1",
            "ticker": "KXHIGHCHI-25JAN24-B19.5",
            "count": 18,
            "created_time": "2025-01-23T16:34:39.707789Z",
            "yes_price": 3,
            "no_price": 97,
            "taker_side": "no"
        },
        {
            "trade_id": "5a431852-ea0c-4133-bf36-7c49d3e369ae",
            "ticker": "KXHIGHCHI-25JAN24-B19.5",
            "count": 10,
            "created_time": "2025-01-23T15:18:15.378431Z",
            "yes_price": 9,
            "no_price": 91,
            "taker_side": "yes"
        },
        {
            "trade_id": "34a51ae9-5927-4741-8e11-17a8089ed9fb",
            "ticker": "KXHIGHCHI-25JAN24-B19.5",
            "count": 11,
            "created_time": "2025-01-23T15:02:54.971114Z",
            "yes_price": 20,
            "no_price": 80,
            "taker_side": "yes"
        }
    ],
    "KXHIGHCHI-25JAN24-B21.5": [
        {
            "trade_id": "50b33edf-0e81-4fc7-96d4-d6a5ec7a71fb",
            "ticker": "KXHIGHCHI-25JAN24-B21.5",
            "count": 4583,
            "created_time": "2025-01-25T04:58:16.098148Z",
            "yes_price": 1,
            "no_price": 99,
            "taker_side": "yes"
        },
        {
            "trade_id": "37172edb-d078-4608-95b4-311c751ca2c8",
            "ticker": "KXHIGHCHI-25JAN24-B21.5",
            "count": 400,
            "created_time": "2025-01-25T04:56:52.380801Z",
            "yes_price": 1,
            "no_price": 99,
            "taker_side": "yes"
        },
        {
            "trade_id": "134608b8-1291-41b5-888f-af9d2417a10a",
            "ticker": "KXHIGHCHI-25JAN24-B21.5",
            "count": 34,
            "created_time": "2025-01-25T04:56:29.359059Z",
            "yes_price": 1,
            "no_price": 99,
            "taker_side": "yes"
        },
        {
            "trade_id": "36e5507f-c9f8-4932-94b3-04051c0f805c",
            "ticker": "KXHIGHCHI-25JAN24-B21.5",
            "count": 980,
            "created_time": "2025-01-25T04:55:59.986103Z",
            "yes_price": 1,
            "no_price": 99,
            "taker_side": "yes"
        },
        {
            "trade_id": "e6da02f5-c511-4c49-ab79-5871a1b8f908",
            "ticker": "KXHIGHCHI-25JAN24-B21.5",
            "count": 500,
            "created_time": "2025-01-25T04:55:28.710375Z",
            "yes_price": 1,
            "no_price": 99,
            "taker_side": "yes"
        },
        {
            "trade_id": "a9c62bf8-2695-4c29-90da-03ab500d55df",
            "ticker": "KXHIGHCHI-25JAN24-B21.5",
            "count": 837,
            "created_time": "2025-01-25T04:54:51.118288Z",
            "yes_price": 1,
            "no_price": 99,
            "taker_side": "yes"
        },
        {
            "trade_id": "5a4fad02-ab92-4c69-922a-cda563fd45b1",
            "ticker": "KXHIGHCHI-25JAN24-B21.5",
            "count": 1017,
            "created_time": "2025-01-25T04:54:12.436479Z",
            "yes_price": 1,
            "no_price": 99,
            "taker_side": "yes"
        },
        {
            "trade_id": "555dbcf9-a94b-457b-9b67-55eef63d9b94",
            "ticker": "KXHIGHCHI-25JAN24-B21.5",
            "count": 3569,
            "created_time": "2025-01-25T04:54:12.436479Z",
            "yes_price": 1,
            "no_price": 99,
            "taker_side": "yes"
        },
        {
            "trade_id": "178b9986-fc4f-4d06-9ecf-293a53cfbaf5",
            "ticker": "KXHIGHCHI-25JAN24-B21.5",
            "count": 1000,
            "created_time": "2025-01-25T04:53:14.076275Z",
            "yes_price": 1,
            "no_price": 99,
            "taker_side": "yes"
        },
        {
            "trade_id": "40039d9f-5b8a-448f-b921-a21e64e7bcf3",
            "ticker": "KXHIGHCHI-25JAN24-B21.5",
            "count": 300,
            "created_time": "2025-01-25T04:50:59.259649Z",
            "yes_price": 1,
            "no_price": 99,
            "taker_side": "yes"
        },
        {
            "trade_id": "a850ed0f-04ff-4d8d-afd1-8022b7f85f12",
            "ticker": "KXHIGHCHI-25JAN24-B21.5",
            "count": 136,
            "created_time": "2025-01-25T04:48:49.133751Z",
            "yes_price": 1,
            "no_price": 99,
            "taker_side": "yes"
        },
        {
            "trade_id": "877b1feb-c721-4fc7-801c-b3f386bb3cbc",
            "ticker": "KXHIGHCHI-25JAN24-B21.5",
            "count": 33,
            "created_time": "2025-01-25T04:46:32.224331Z",
            "yes_price": 1,
            "no_price": 99,
            "taker_side": "yes"
        },
        {
            "trade_id": "1d0e9822-136c-4fd2-84ce-0e1a04b8c571",
            "ticker": "KXHIGHCHI-25JAN24-B21.5",
            "count": 995,
            "created_time": "2025-01-25T04:46:32.224331Z",
            "yes_price": 1,
            "no_price": 99,
            "taker_side": "yes"
        },
        {
            "trade_id": "8ea85577-b387-4912-a39f-ff7b97388ab9",
            "ticker": "KXHIGHCHI-25JAN24-B21.5",
            "count": 227,
            "created_time": "2025-01-25T04:44:45.645483Z",
            "yes_price": 1,
            "no_price": 99,
            "taker_side": "yes"
        },
        {
            "trade_id": "fd6a7e65-87bc-4a53-a50a-88072bb2cf43",
            "ticker": "KXHIGHCHI-25JAN24-B21.5",
            "count": 1740,
            "created_time": "2025-01-25T04:44:37.474199Z",
            "yes_price": 1,
            "no_price": 99,
            "taker_side": "yes"
        },
        {
            "trade_id": "48c53d68-8115-47a1-a2f6-72db9371298f",
            "ticker": "KXHIGHCHI-25JAN24-B21.5",
            "count": 1238,
            "created_time": "2025-01-25T04:44:37.474199Z",
            "yes_price": 1,
            "no_price": 99,
            "taker_side": "yes"
        },
        {
            "trade_id": "1b87060f-6e74-4eac-a73b-1db311e337a6",
            "ticker": "KXHIGHCHI-25JAN24-B21.5",
            "count": 1658,
            "created_time": "2025-01-25T04:44:37.474199Z",
            "yes_price": 1,
            "no_price": 99,
            "taker_side": "yes"
        },
        {
            "trade_id": "23cb118e-0086-4f84-8f9d-36ec19f3c7a1",
            "ticker": "KXHIGHCHI-25JAN24-B21.5",
            "count": 454,
            "created_time": "2025-01-25T04:44:20.66968Z",
            "yes_price": 1,
            "no_price": 99,
            "taker_side": "yes"
        },
        {
            "trade_id": "5c33486f-3ecb-4ea4-a135-9cfbedf77c02",
            "ticker": "KXHIGHCHI-25JAN24-B21.5",
            "count": 4,
            "created_time": "2025-01-25T04:44:03.459354Z",
            "yes_price": 1,
            "no_price": 99,
            "taker_side": "yes"
        },
        {
            "trade_id": "e27cda42-df00-4fa7-beb3-baeef539149d",
            "ticker": "KXHIGHCHI-25JAN24-B21.5",
            "count": 384,
            "created_time": "2025-01-25T04:43:50.704258Z",
            "yes_price": 1,
            "no_price": 99,
            "taker_side": "yes"
        },
        {
            "trade_id": "d0ec8d90-25c1-41bb-9c01-2e0302c56253",
            "ticker": "KXHIGHCHI-25JAN24-B21.5",
            "count": 270,
            "created_time": "2025-01-25T04:43:50.704258Z",
            "yes_price": 1,
            "no_price": 99,
            "taker_side": "yes"
        },
        {
            "trade_id": "30fe3de8-1e4b-417b-9468-e79257e8a1b0",
            "ticker": "KXHIGHCHI-25JAN24-B21.5",
            "count": 30,
            "created_time": "2025-01-25T04:43:36.746519Z",
            "yes_price": 1,
            "no_price": 99,
            "taker_side": "yes"
        },
        {
            "trade_id": "0e341702-3f6c-4d52-947e-6b01c78b871a",
            "ticker": "KXHIGHCHI-25JAN24-B21.5",
            "count": 3001,
            "created_time": "2025-01-25T04:43:25.190431Z",
            "yes_price": 1,
            "no_price": 99,
            "taker_side": "no"
        },
        {
            "trade_id": "860f5f62-4e7f-4cc8-bee8-c43648f05081",
            "ticker": "KXHIGHCHI-25JAN24-B21.5",
            "count": 1999,
            "created_time": "2025-01-25T04:43:16.621251Z",
            "yes_price": 1,
            "no_price": 99,
            "taker_side": "yes"
        },
        {
            "trade_id": "cb36edce-837d-4ce4-8c46-addeb76ddb7f",
            "ticker": "KXHIGHCHI-25JAN24-B21.5",
            "count": 104,
            "created_time": "2025-01-25T04:42:28.649733Z",
            "yes_price": 2,
            "no_price": 98,
            "taker_side": "yes"
        },
        {
            "trade_id": "c121f4f1-b947-4485-9b75-f6e5d7f7586b",
            "ticker": "KXHIGHCHI-25JAN24-B21.5",
            "count": 175,
            "created_time": "2025-01-25T04:42:28.649733Z",
            "yes_price": 2,
            "no_price": 98,
            "taker_side": "yes"
        },
        {
            "trade_id": "685cd81d-0f78-4bbc-9f2d-ea59e5f34078",
            "ticker": "KXHIGHCHI-25JAN24-B21.5",
            "count": 30000,
            "created_time": "2025-01-25T04:42:28.649733Z",
            "yes_price": 1,
            "no_price": 99,
            "taker_side": "yes"
        },
        {
            "trade_id": "54e09264-e20a-441d-b23b-8cf9e07b059b",
            "ticker": "KXHIGHCHI-25JAN24-B21.5",
            "count": 5000,
            "created_time": "2025-01-25T04:42:28.649733Z",
            "yes_price": 1,
            "no_price": 99,
            "taker_side": "yes"
        },
        {
            "trade_id": "474dcad6-ffb3-404d-afd2-2d42162965e7",
            "ticker": "KXHIGHCHI-25JAN24-B21.5",
            "count": 966,
            "created_time": "2025-01-25T04:42:28.649733Z",
            "yes_price": 3,
            "no_price": 97,
            "taker_side": "yes"
        },
        {
            "trade_id": "31be9708-6a2e-4b7b-9cdb-ad447a371d35",
            "ticker": "KXHIGHCHI-25JAN24-B21.5",
            "count": 7692,
            "created_time": "2025-01-25T04:42:28.649733Z",
            "yes_price": 1,
            "no_price": 99,
            "taker_side": "yes"
        },
        {
            "trade_id": "4293203e-dfdf-48a1-b762-4f4313ff8577",
            "ticker": "KXHIGHCHI-25JAN24-B21.5",
            "count": 280,
            "created_time": "2025-01-25T04:41:45.850712Z",
            "yes_price": 1,
            "no_price": 99,
            "taker_side": "yes"
        },
        {
            "trade_id": "ff9ddd4c-3859-4e03-abed-6e39901936a3",
            "ticker": "KXHIGHCHI-25JAN24-B21.5",
            "count": 102,
            "created_time": "2025-01-25T04:41:42.695986Z",
            "yes_price": 1,
            "no_price": 99,
            "taker_side": "yes"
        },
        {
            "trade_id": "c5f53893-7e5e-4554-987b-d2df65c03785",
            "ticker": "KXHIGHCHI-25JAN24-B21.5",
            "count": 935,
            "created_time": "2025-01-25T04:41:25.740816Z",
            "yes_price": 1,
            "no_price": 99,
            "taker_side": "yes"
        },
        {
            "trade_id": "25a40073-f5fa-4dba-a5e7-d2c4c77d608f",
            "ticker": "KXHIGHCHI-25JAN24-B21.5",
            "count": 11222,
            "created_time": "2025-01-25T04:40:55.160891Z",
            "yes_price": 1,
            "no_price": 99,
            "taker_side": "yes"
        },
        {
            "trade_id": "fc88dc69-0f77-4088-a9a7-5f1f249426fd",
            "ticker": "KXHIGHCHI-25JAN24-B21.5",
            "count": 701,
            "created_time": "2025-01-25T04:39:48.030147Z",
            "yes_price": 1,
            "no_price": 99,
            "taker_side": "yes"
        },
        {
            "trade_id": "b75a9200-47d9-457b-911a-74503f2b35ed",
            "ticker": "KXHIGHCHI-25JAN24-B21.5",
            "count": 520,
            "created_time": "2025-01-25T04:39:48.030147Z",
            "yes_price": 1,
            "no_price": 99,
            "taker_side": "yes"
        },
        {
            "trade_id": "8993e49a-62f8-4d76-9744-c5788afe0444",
            "ticker": "KXHIGHCHI-25JAN24-B21.5",
            "count": 19769,
            "created_time": "2025-01-25T04:39:48.030147Z",
            "yes_price": 1,
            "no_price": 99,
            "taker_side": "yes"
        },
        {
            "trade_id": "6c47bdea-38c8-4c62-8e33-bea5b851656e",
            "ticker": "KXHIGHCHI-25JAN24-B21.5",
            "count": 87,
            "created_time": "2025-01-25T04:39:48.030147Z",
            "yes_price": 1,
            "no_price": 99,
            "taker_side": "yes"
        },
        {
            "trade_id": "537e1f1e-fdb3-4453-8e5f-8d056573ebeb",
            "ticker": "KXHIGHCHI-25JAN24-B21.5",
            "count": 8916,
            "created_time": "2025-01-25T04:39:48.030147Z",
            "yes_price": 1,
            "no_price": 99,
            "taker_side": "yes"
        },
        {
            "trade_id": "12fb4cbb-7a45-419f-b6f2-e2af7f769fc0",
            "ticker": "KXHIGHCHI-25JAN24-B21.5",
            "count": 7,
            "created_time": "2025-01-25T04:39:48.030147Z",
            "yes_price": 1,
            "no_price": 99,
            "taker_side": "yes"
        },
        {
            "trade_id": "846134d0-72b4-47e6-8181-d1de96a5d811",
            "ticker": "KXHIGHCHI-25JAN24-B21.5",
            "count": 935,
            "created_time": "2025-01-25T04:39:13.160817Z",
            "yes_price": 1,
            "no_price": 99,
            "taker_side": "yes"
        },
        {
            "trade_id": "71e29d82-d397-44eb-b460-f4206faac214",
            "ticker": "KXHIGHCHI-25JAN24-B21.5",
            "count": 60,
            "created_time": "2025-01-25T04:39:00.997212Z",
            "yes_price": 1,
            "no_price": 99,
            "taker_side": "yes"
        },
        {
            "trade_id": "53b110d5-3a5e-44bb-bb4a-5245cf171722",
            "ticker": "KXHIGHCHI-25JAN24-B21.5",
            "count": 27,
            "created_time": "2025-01-25T04:38:40.06423Z",
            "yes_price": 1,
            "no_price": 99,
            "taker_side": "yes"
        },
        {
            "trade_id": "a874e881-8bb6-4e98-949f-98bd7839442a",
            "ticker": "KXHIGHCHI-25JAN24-B21.5",
            "count": 93,
            "created_time": "2025-01-25T04:37:22.449267Z",
            "yes_price": 1,
            "no_price": 99,
            "taker_side": "yes"
        },
        {
            "trade_id": "038ecb27-743d-40d6-95e7-a4abaa140927",
            "ticker": "KXHIGHCHI-25JAN24-B21.5",
            "count": 5543,
            "created_time": "2025-01-25T04:37:01.038411Z",
            "yes_price": 1,
            "no_price": 99,
            "taker_side": "no"
        },
        {
            "trade_id": "4e4cd702-e132-45c4-8541-461d602e0dd2",
            "ticker": "KXHIGHCHI-25JAN24-B21.5",
            "count": 2000,
            "created_time": "2025-01-25T04:36:49.475978Z",
            "yes_price": 1,
            "no_price": 99,
            "taker_side": "no"
        },
        {
            "trade_id": "7a7bf9b2-9387-449b-91af-c2c64ef32041",
            "ticker": "KXHIGHCHI-25JAN24-B21.5",
            "count": 1,
            "created_time": "2025-01-25T04:36:46.428009Z",
            "yes_price": 3,
            "no_price": 97,
            "taker_side": "yes"
        },
        {
            "trade_id": "dee820ef-0cf6-4a6c-950e-ed491fcf7bb2",
            "ticker": "KXHIGHCHI-25JAN24-B21.5",
            "count": 238,
            "created_time": "2025-01-25T04:36:29.008655Z",
            "yes_price": 3,
            "no_price": 97,
            "taker_side": "yes"
        },
        {
            "trade_id": "345beef7-3cd3-4bf1-9780-ee0403015c48",
            "ticker": "KXHIGHCHI-25JAN24-B21.5",
            "count": 128,
            "created_time": "2025-01-25T04:36:29.008655Z",
            "yes_price": 1,
            "no_price": 99,
            "taker_side": "yes"
        },
        {
            "trade_id": "00c30317-bc3c-45e7-b8b9-a83ed40dd2c1",
            "ticker": "KXHIGHCHI-25JAN24-B21.5",
            "count": 72,
            "created_time": "2025-01-25T04:36:25.889967Z",
            "yes_price": 1,
            "no_price": 99,
            "taker_side": "yes"
        },
        {
            "trade_id": "52fd86ee-1c99-4d81-879d-7be15998f4ce",
            "ticker": "KXHIGHCHI-25JAN24-B21.5",
            "count": 306,
            "created_time": "2025-01-25T04:36:20.863979Z",
            "yes_price": 3,
            "no_price": 97,
            "taker_side": "yes"
        },
        {
            "trade_id": "37ae45ac-93aa-4636-9c9d-71bb088770a4",
            "ticker": "KXHIGHCHI-25JAN24-B21.5",
            "count": 7,
            "created_time": "2025-01-25T04:36:18.597589Z",
            "yes_price": 1,
            "no_price": 99,
            "taker_side": "no"
        },
        {
            "trade_id": "099f8e8f-51d9-4f18-8de0-6eb9dc82216b",
            "ticker": "KXHIGHCHI-25JAN24-B21.5",
            "count": 2000,
            "created_time": "2025-01-25T04:36:18.597589Z",
            "yes_price": 1,
            "no_price": 99,
            "taker_side": "no"
        },
        {
            "trade_id": "d866c7e8-f70a-4a1b-a155-59e1dae89f9b",
            "ticker": "KXHIGHCHI-25JAN24-B21.5",
            "count": 1,
            "created_time": "2025-01-25T04:36:12.286096Z",
            "yes_price": 3,
            "no_price": 97,
            "taker_side": "yes"
        },
        {
            "trade_id": "f407a248-a65e-4eb8-a485-c0e743c578a0",
            "ticker": "KXHIGHCHI-25JAN24-B21.5",
            "count": 7,
            "created_time": "2025-01-25T04:36:05.488325Z",
            "yes_price": 2,
            "no_price": 98,
            "taker_side": "yes"
        },
        {
            "trade_id": "66cc8095-dcf4-491a-8c6d-1f2e79db41b9",
            "ticker": "KXHIGHCHI-25JAN24-B21.5",
            "count": 506,
            "created_time": "2025-01-25T04:36:05.488325Z",
            "yes_price": 2,
            "no_price": 98,
            "taker_side": "yes"
        },
        {
            "trade_id": "56220ec1-aa38-4272-a354-809ca4433f18",
            "ticker": "KXHIGHCHI-25JAN24-B21.5",
            "count": 467,
            "created_time": "2025-01-25T04:35:51.322002Z",
            "yes_price": 2,
            "no_price": 98,
            "taker_side": "yes"
        },
        {
            "trade_id": "71767dc1-2282-41f1-a523-168b2fbe8e56",
            "ticker": "KXHIGHCHI-25JAN24-B21.5",
            "count": 1000,
            "created_time": "2025-01-25T04:35:44.383112Z",
            "yes_price": 1,
            "no_price": 99,
            "taker_side": "no"
        },
        {
            "trade_id": "30707f68-6540-4e92-83f3-01ed6aadcfb1",
            "ticker": "KXHIGHCHI-25JAN24-B21.5",
            "count": 27,
            "created_time": "2025-01-25T04:35:37.414813Z",
            "yes_price": 2,
            "no_price": 98,
            "taker_side": "yes"
        },
        {
            "trade_id": "7ee10506-3dff-4c05-a8b4-68338b58bcdf",
            "ticker": "KXHIGHCHI-25JAN24-B21.5",
            "count": 7,
            "created_time": "2025-01-25T04:35:25.865192Z",
            "yes_price": 1,
            "no_price": 99,
            "taker_side": "no"
        },
        {
            "trade_id": "46e4b072-217f-462b-9572-3153880bd004",
            "ticker": "KXHIGHCHI-25JAN24-B21.5",
            "count": 218,
            "created_time": "2025-01-25T04:35:19.013263Z",
            "yes_price": 3,
            "no_price": 97,
            "taker_side": "yes"
        },
        {
            "trade_id": "950ee653-64e9-4a42-a2f0-452468d7f270",
            "ticker": "KXHIGHCHI-25JAN24-B21.5",
            "count": 1000,
            "created_time": "2025-01-25T04:35:15.682608Z",
            "yes_price": 3,
            "no_price": 97,
            "taker_side": "yes"
        },
        {
            "trade_id": "161a363c-7e01-4392-9968-c87912d1173c",
            "ticker": "KXHIGHCHI-25JAN24-B21.5",
            "count": 500,
            "created_time": "2025-01-25T04:35:11.696965Z",
            "yes_price": 3,
            "no_price": 97,
            "taker_side": "yes"
        },
        {
            "trade_id": "4a78191d-436c-4b5f-8b44-12b36d636e81",
            "ticker": "KXHIGHCHI-25JAN24-B21.5",
            "count": 3,
            "created_time": "2025-01-25T04:35:07.941057Z",
            "yes_price": 3,
            "no_price": 97,
            "taker_side": "yes"
        },
        {
            "trade_id": "215bcd2b-613c-433d-8f21-5fad7e720a43",
            "ticker": "KXHIGHCHI-25JAN24-B21.5",
            "count": 156,
            "created_time": "2025-01-25T04:35:07.519195Z",
            "yes_price": 3,
            "no_price": 97,
            "taker_side": "yes"
        },
        {
            "trade_id": "20f0e045-1c7f-4fdd-a5be-917a159aeab4",
            "ticker": "KXHIGHCHI-25JAN24-B21.5",
            "count": 1500,
            "created_time": "2025-01-25T04:35:04.647446Z",
            "yes_price": 1,
            "no_price": 99,
            "taker_side": "no"
        },
        {
            "trade_id": "cbd08f38-ab25-4eee-8cf4-9329b18c24bf",
            "ticker": "KXHIGHCHI-25JAN24-B21.5",
            "count": 83,
            "created_time": "2025-01-25T04:35:00.933347Z",
            "yes_price": 3,
            "no_price": 97,
            "taker_side": "yes"
        },
        {
            "trade_id": "4b7a24ef-8d49-402e-9db6-ac8ba9ac8c82",
            "ticker": "KXHIGHCHI-25JAN24-B21.5",
            "count": 679,
            "created_time": "2025-01-25T04:34:57.638195Z",
            "yes_price": 3,
            "no_price": 97,
            "taker_side": "yes"
        },
        {
            "trade_id": "c8a6afc8-c3ce-4b60-bdc3-656168c0e2ea",
            "ticker": "KXHIGHCHI-25JAN24-B21.5",
            "count": 663,
            "created_time": "2025-01-25T04:34:51.101122Z",
            "yes_price": 1,
            "no_price": 99,
            "taker_side": "no"
        },
        {
            "trade_id": "9e108d88-4c9c-4f3b-9411-f509c5365e4f",
            "ticker": "KXHIGHCHI-25JAN24-B21.5",
            "count": 100,
            "created_time": "2025-01-25T04:34:51.101122Z",
            "yes_price": 1,
            "no_price": 99,
            "taker_side": "no"
        },
        {
            "trade_id": "5b797b7d-d869-47a1-b3bd-040cb67bd81e",
            "ticker": "KXHIGHCHI-25JAN24-B21.5",
            "count": 15,
            "created_time": "2025-01-25T04:34:39.362605Z",
            "yes_price": 6,
            "no_price": 94,
            "taker_side": "yes"
        },
        {
            "trade_id": "f02b77e4-5bb9-4157-9f6c-0c13e83b44ce",
            "ticker": "KXHIGHCHI-25JAN24-B21.5",
            "count": 5000,
            "created_time": "2025-01-25T04:34:30.593363Z",
            "yes_price": 4,
            "no_price": 96,
            "taker_side": "yes"
        },
        {
            "trade_id": "da559b93-7707-4eec-88fd-dba009214ed9",
            "ticker": "KXHIGHCHI-25JAN24-B21.5",
            "count": 2054,
            "created_time": "2025-01-25T04:34:30.593363Z",
            "yes_price": 7,
            "no_price": 93,
            "taker_side": "yes"
        },
        {
            "trade_id": "d9f1d79a-c4c1-4329-897b-c112300ac187",
            "ticker": "KXHIGHCHI-25JAN24-B21.5",
            "count": 1487,
            "created_time": "2025-01-25T04:34:30.593363Z",
            "yes_price": 4,
            "no_price": 96,
            "taker_side": "yes"
        },
        {
            "trade_id": "51f2bff7-24af-4558-98ee-3fe06921c4b1",
            "ticker": "KXHIGHCHI-25JAN24-B21.5",
            "count": 7,
            "created_time": "2025-01-25T04:34:30.593363Z",
            "yes_price": 4,
            "no_price": 96,
            "taker_side": "yes"
        },
        {
            "trade_id": "47c1a9ae-14f8-4b20-b270-ad60705b3b64",
            "ticker": "KXHIGHCHI-25JAN24-B21.5",
            "count": 1003,
            "created_time": "2025-01-25T04:34:30.593363Z",
            "yes_price": 5,
            "no_price": 95,
            "taker_side": "yes"
        },
        {
            "trade_id": "42d762dc-207d-4b28-83dc-aad71cad393b",
            "ticker": "KXHIGHCHI-25JAN24-B21.5",
            "count": 95,
            "created_time": "2025-01-25T04:34:30.593363Z",
            "yes_price": 3,
            "no_price": 97,
            "taker_side": "yes"
        },
        {
            "trade_id": "34ce9345-df55-4fcd-87a5-2e583363083a",
            "ticker": "KXHIGHCHI-25JAN24-B21.5",
            "count": 34,
            "created_time": "2025-01-25T04:34:26.154741Z",
            "yes_price": 4,
            "no_price": 96,
            "taker_side": "yes"
        },
        {
            "trade_id": "b1af8ec9-6584-4fe6-9405-ec62442bd314",
            "ticker": "KXHIGHCHI-25JAN24-B21.5",
            "count": 468,
            "created_time": "2025-01-25T04:34:23.465063Z",
            "yes_price": 4,
            "no_price": 96,
            "taker_side": "yes"
        },
        {
            "trade_id": "ce4ac67e-b12d-4a05-a709-67031051b473",
            "ticker": "KXHIGHCHI-25JAN24-B21.5",
            "count": 11,
            "created_time": "2025-01-25T04:34:23.256208Z",
            "yes_price": 4,
            "no_price": 96,
            "taker_side": "yes"
        },
        {
            "trade_id": "b232296c-aaa2-4c2b-aa09-2310ebf95988",
            "ticker": "KXHIGHCHI-25JAN24-B21.5",
            "count": 5000,
            "created_time": "2025-01-25T04:34:16.911032Z",
            "yes_price": 1,
            "no_price": 99,
            "taker_side": "no"
        },
        {
            "trade_id": "c58d3a60-a566-4874-ab57-3d457be22778",
            "ticker": "KXHIGHCHI-25JAN24-B21.5",
            "count": 154,
            "created_time": "2025-01-25T04:34:12.00983Z",
            "yes_price": 6,
            "no_price": 94,
            "taker_side": "yes"
        },
        {
            "trade_id": "5a3a1fdf-d722-479c-8cfc-ad99395d2420",
            "ticker": "KXHIGHCHI-25JAN24-B21.5",
            "count": 440,
            "created_time": "2025-01-25T04:34:03.337369Z",
            "yes_price": 1,
            "no_price": 99,
            "taker_side": "no"
        },
        {
            "trade_id": "3fdb9aea-f295-406e-bb27-2b7dcbbb65e3",
            "ticker": "KXHIGHCHI-25JAN24-B21.5",
            "count": 1,
            "created_time": "2025-01-25T04:33:47.833163Z",
            "yes_price": 9,
            "no_price": 91,
            "taker_side": "yes"
        },
        {
            "trade_id": "e61ba98e-f005-4654-ab7a-6b4bfab294bf",
            "ticker": "KXHIGHCHI-25JAN24-B21.5",
            "count": 600,
            "created_time": "2025-01-25T04:33:36.279556Z",
            "yes_price": 1,
            "no_price": 99,
            "taker_side": "no"
        },
        {
            "trade_id": "21bab18a-75b3-49e0-823f-f719b172a624",
            "ticker": "KXHIGHCHI-25JAN24-B21.5",
            "count": 1600,
            "created_time": "2025-01-25T04:33:36.279556Z",
            "yes_price": 1,
            "no_price": 99,
            "taker_side": "no"
        },
        {
            "trade_id": "92421e37-564b-4e48-80f1-739bd79e1e81",
            "ticker": "KXHIGHCHI-25JAN24-B21.5",
            "count": 1000,
            "created_time": "2025-01-25T04:33:18.422475Z",
            "yes_price": 1,
            "no_price": 99,
            "taker_side": "no"
        },
        {
            "trade_id": "c2d68a73-968c-4cc6-8ef3-ed99f92afa4a",
            "ticker": "KXHIGHCHI-25JAN24-B21.5",
            "count": 252,
            "created_time": "2025-01-25T04:33:00.796943Z",
            "yes_price": 1,
            "no_price": 99,
            "taker_side": "no"
        },
        {
            "trade_id": "bd2ee9f6-273f-44bf-9d9d-09d81c9b562a",
            "ticker": "KXHIGHCHI-25JAN24-B21.5",
            "count": 1082,
            "created_time": "2025-01-25T04:33:00.796943Z",
            "yes_price": 1,
            "no_price": 99,
            "taker_side": "no"
        },
        {
            "trade_id": "6c827728-d705-4b62-a133-0fe42e663a86",
            "ticker": "KXHIGHCHI-25JAN24-B21.5",
            "count": 3263,
            "created_time": "2025-01-25T04:33:00.796943Z",
            "yes_price": 1,
            "no_price": 99,
            "taker_side": "no"
        },
        {
            "trade_id": "26314e62-a83e-4923-9ed7-d734cdcaf995",
            "ticker": "KXHIGHCHI-25JAN24-B21.5",
            "count": 2100,
            "created_time": "2025-01-25T04:33:00.796943Z",
            "yes_price": 1,
            "no_price": 99,
            "taker_side": "no"
        },
        {
            "trade_id": "e579ebaf-9727-4472-93fd-94fb8f68ac4f",
            "ticker": "KXHIGHCHI-25JAN24-B21.5",
            "count": 1088,
            "created_time": "2025-01-25T04:32:56.722054Z",
            "yes_price": 2,
            "no_price": 98,
            "taker_side": "no"
        },
        {
            "trade_id": "ae9d42fc-435b-4532-91c6-9bc9bc618e2e",
            "ticker": "KXHIGHCHI-25JAN24-B21.5",
            "count": 1000,
            "created_time": "2025-01-25T04:32:56.722054Z",
            "yes_price": 3,
            "no_price": 97,
            "taker_side": "no"
        },
        {
            "trade_id": "38d7e66b-fcc4-45e4-a6e8-89b8fcc7ee2b",
            "ticker": "KXHIGHCHI-25JAN24-B21.5",
            "count": 735,
            "created_time": "2025-01-25T04:32:56.722054Z",
            "yes_price": 2,
            "no_price": 98,
            "taker_side": "no"
        },
        {
            "trade_id": "d7d0094c-3f6e-4574-b56d-13d450de3183",
            "ticker": "KXHIGHCHI-25JAN24-B21.5",
            "count": 124,
            "created_time": "2025-01-25T04:32:37.813142Z",
            "yes_price": 17,
            "no_price": 83,
            "taker_side": "yes"
        },
        {
            "trade_id": "d73c8d81-51f0-44d4-8d05-4eb2f8b31b50",
            "ticker": "KXHIGHCHI-25JAN24-B21.5",
            "count": 120,
            "created_time": "2025-01-25T04:32:37.813142Z",
            "yes_price": 18,
            "no_price": 82,
            "taker_side": "yes"
        },
        {
            "trade_id": "baa70dad-8694-4376-8636-496b82a2679c",
            "ticker": "KXHIGHCHI-25JAN24-B21.5",
            "count": 699,
            "created_time": "2025-01-25T04:32:37.813142Z",
            "yes_price": 60,
            "no_price": 40,
            "taker_side": "yes"
        },
        {
            "trade_id": "ac13f60b-f976-4dbb-a019-d3c056f9cf28",
            "ticker": "KXHIGHCHI-25JAN24-B21.5",
            "count": 998,
            "created_time": "2025-01-25T04:32:37.813142Z",
            "yes_price": 65,
            "no_price": 35,
            "taker_side": "yes"
        },
        {
            "trade_id": "9c8cf2a9-b05d-40e3-abd6-37c34cd52f23",
            "ticker": "KXHIGHCHI-25JAN24-B21.5",
            "count": 10,
            "created_time": "2025-01-25T04:32:37.813142Z",
            "yes_price": 80,
            "no_price": 20,
            "taker_side": "yes"
        },
        {
            "trade_id": "90d8bb6f-094b-4241-be52-7b5d4288cdfc",
            "ticker": "KXHIGHCHI-25JAN24-B21.5",
            "count": 647,
            "created_time": "2025-01-25T04:32:37.813142Z",
            "yes_price": 84,
            "no_price": 16,
            "taker_side": "yes"
        },
        {
            "trade_id": "88ff57ee-2a48-4727-be06-b32b50c561b9",
            "ticker": "KXHIGHCHI-25JAN24-B21.5",
            "count": 500,
            "created_time": "2025-01-25T04:32:37.813142Z",
            "yes_price": 82,
            "no_price": 18,
            "taker_side": "yes"
        },
        {
            "trade_id": "3dfa2a99-89f7-4dd3-8eaf-3dd0ef8a22df",
            "ticker": "KXHIGHCHI-25JAN24-B21.5",
            "count": 481,
            "created_time": "2025-01-25T04:32:37.813142Z",
            "yes_price": 50,
            "no_price": 50,
            "taker_side": "yes"
        },
        {
            "trade_id": "1f8b211c-5ce5-450a-b5a8-6709b2520cd2",
            "ticker": "KXHIGHCHI-25JAN24-B21.5",
            "count": 244,
            "created_time": "2025-01-25T04:32:37.813142Z",
            "yes_price": 49,
            "no_price": 51,
            "taker_side": "yes"
        },
        {
            "trade_id": "1f2f78be-356f-44e0-b108-32044994f8ad",
            "ticker": "KXHIGHCHI-25JAN24-B21.5",
            "count": 420,
            "created_time": "2025-01-25T04:32:37.813142Z",
            "yes_price": 59,
            "no_price": 41,
            "taker_side": "yes"
        },
        {
            "trade_id": "027cda69-75cc-4fce-b2d7-f3dfaf5e2718",
            "ticker": "KXHIGHCHI-25JAN24-B21.5",
            "count": 100,
            "created_time": "2025-01-25T04:32:37.813142Z",
            "yes_price": 84,
            "no_price": 16,
            "taker_side": "yes"
        },
        {
            "trade_id": "ffdcc068-a92c-4a15-bac2-2746689acd03",
            "ticker": "KXHIGHCHI-25JAN24-B21.5",
            "count": 79,
            "created_time": "2025-01-25T04:32:35.370342Z",
            "yes_price": 3,
            "no_price": 97,
            "taker_side": "no"
        },
        {
            "trade_id": "d65c0815-27b3-47a3-8d0e-3ff19e3f766d",
            "ticker": "KXHIGHCHI-25JAN24-B21.5",
            "count": 150,
            "created_time": "2025-01-25T04:32:35.370342Z",
            "yes_price": 8,
            "no_price": 92,
            "taker_side": "no"
        },
        {
            "trade_id": "c141e546-c2b4-45ca-b795-4cac37eca849",
            "ticker": "KXHIGHCHI-25JAN24-B21.5",
            "count": 352,
            "created_time": "2025-01-25T04:32:35.370342Z",
            "yes_price": 15,
            "no_price": 85,
            "taker_side": "no"
        },
        {
            "trade_id": "a58433a1-4af8-4990-8f89-80aeb31a8567",
            "ticker": "KXHIGHCHI-25JAN24-B21.5",
            "count": 50,
            "created_time": "2025-01-25T04:32:35.370342Z",
            "yes_price": 2,
            "no_price": 98,
            "taker_side": "no"
        },
        {
            "trade_id": "21ded85d-1f7d-49e3-8e99-d0e3e61baacb",
            "ticker": "KXHIGHCHI-25JAN24-B21.5",
            "count": 200,
            "created_time": "2025-01-25T04:32:35.370342Z",
            "yes_price": 5,
            "no_price": 95,
            "taker_side": "no"
        },
        {
            "trade_id": "093fd8c5-f86a-4f89-806a-d8b887f0cc84",
            "ticker": "KXHIGHCHI-25JAN24-B21.5",
            "count": 150,
            "created_time": "2025-01-25T04:32:35.370342Z",
            "yes_price": 2,
            "no_price": 98,
            "taker_side": "no"
        },
        {
            "trade_id": "0110ecef-b170-409f-afd6-2ecf0fea7d88",
            "ticker": "KXHIGHCHI-25JAN24-B21.5",
            "count": 19,
            "created_time": "2025-01-25T04:32:35.370342Z",
            "yes_price": 2,
            "no_price": 98,
            "taker_side": "no"
        },
        {
            "trade_id": "fad71b05-77ad-43a3-994f-adfaaa1e409c",
            "ticker": "KXHIGHCHI-25JAN24-B21.5",
            "count": 30,
            "created_time": "2025-01-25T04:32:33.705289Z",
            "yes_price": 15,
            "no_price": 85,
            "taker_side": "no"
        },
        {
            "trade_id": "b67f1042-414d-4e29-9021-05b22c185776",
            "ticker": "KXHIGHCHI-25JAN24-B21.5",
            "count": 542,
            "created_time": "2025-01-25T04:32:33.705289Z",
            "yes_price": 15,
            "no_price": 85,
            "taker_side": "no"
        },
        {
            "trade_id": "b2fc29e2-34cb-4a81-9dd6-25f7b017be3c",
            "ticker": "KXHIGHCHI-25JAN24-B21.5",
            "count": 10,
            "created_time": "2025-01-25T04:32:33.705289Z",
            "yes_price": 15,
            "no_price": 85,
            "taker_side": "no"
        },
        {
            "trade_id": "7a38b868-0b0a-4f9e-91ae-798afc5ad260",
            "ticker": "KXHIGHCHI-25JAN24-B21.5",
            "count": 18,
            "created_time": "2025-01-25T04:32:33.705289Z",
            "yes_price": 15,
            "no_price": 85,
            "taker_side": "no"
        },
        {
            "trade_id": "228baf36-3cff-4881-ab12-0c609eee6115",
            "ticker": "KXHIGHCHI-25JAN24-B21.5",
            "count": 22,
            "created_time": "2025-01-25T04:32:29.896446Z",
            "yes_price": 18,
            "no_price": 82,
            "taker_side": "yes"
        },
        {
            "trade_id": "36da3ff3-8c68-4869-808e-415c7f6d5cb2",
            "ticker": "KXHIGHCHI-25JAN24-B21.5",
            "count": 2,
            "created_time": "2025-01-25T04:32:27.407567Z",
            "yes_price": 18,
            "no_price": 82,
            "taker_side": "yes"
        },
        {
            "trade_id": "6bbbbf44-e1db-4bfa-b7a5-2004c0b1af8d",
            "ticker": "KXHIGHCHI-25JAN24-B21.5",
            "count": 25,
            "created_time": "2025-01-25T04:32:26.086353Z",
            "yes_price": 18,
            "no_price": 82,
            "taker_side": "yes"
        },
        {
            "trade_id": "9a0804f5-398b-4923-83b4-e15fefa31ea0",
            "ticker": "KXHIGHCHI-25JAN24-B21.5",
            "count": 131,
            "created_time": "2025-01-25T04:32:14.790259Z",
            "yes_price": 18,
            "no_price": 82,
            "taker_side": "yes"
        },
        {
            "trade_id": "c9a83232-4f67-428c-ae43-dd4e1df52150",
            "ticker": "KXHIGHCHI-25JAN24-B21.5",
            "count": 45,
            "created_time": "2025-01-25T04:32:11.754322Z",
            "yes_price": 48,
            "no_price": 52,
            "taker_side": "yes"
        },
        {
            "trade_id": "9cd2c603-54e4-40f6-85da-f8e6ee1c3b7f",
            "ticker": "KXHIGHCHI-25JAN24-B21.5",
            "count": 40,
            "created_time": "2025-01-25T04:32:11.754322Z",
            "yes_price": 48,
            "no_price": 52,
            "taker_side": "yes"
        },
        {
            "trade_id": "79b4042f-ac92-4272-a728-aa87d9ddd8da",
            "ticker": "KXHIGHCHI-25JAN24-B21.5",
            "count": 68,
            "created_time": "2025-01-25T04:32:11.754322Z",
            "yes_price": 49,
            "no_price": 51,
            "taker_side": "yes"
        },
        {
            "trade_id": "45f03e06-73e0-49bc-b776-ca20eb2519ae",
            "ticker": "KXHIGHCHI-25JAN24-B21.5",
            "count": 45,
            "created_time": "2025-01-25T04:32:11.754322Z",
            "yes_price": 49,
            "no_price": 51,
            "taker_side": "yes"
        },
        {
            "trade_id": "dc953a7c-7603-4733-a80b-eccdfe0ec69d",
            "ticker": "KXHIGHCHI-25JAN24-B21.5",
            "count": 600,
            "created_time": "2025-01-25T04:32:07.635758Z",
            "yes_price": 18,
            "no_price": 82,
            "taker_side": "no"
        },
        {
            "trade_id": "384800c4-3994-4a8c-a3bd-5c7c1bd64536",
            "ticker": "KXHIGHCHI-25JAN24-B21.5",
            "count": 40,
            "created_time": "2025-01-25T04:31:57.521304Z",
            "yes_price": 19,
            "no_price": 81,
            "taker_side": "no"
        },
        {
            "trade_id": "16dcb771-418a-408d-bd0e-03d503b25eeb",
            "ticker": "KXHIGHCHI-25JAN24-B21.5",
            "count": 16,
            "created_time": "2025-01-25T04:31:53.729393Z",
            "yes_price": 25,
            "no_price": 75,
            "taker_side": "no"
        },
        {
            "trade_id": "5a78d86f-d4ea-4a92-98e6-739644b3ceae",
            "ticker": "KXHIGHCHI-25JAN24-B21.5",
            "count": 56,
            "created_time": "2025-01-25T04:31:49.914175Z",
            "yes_price": 21,
            "no_price": 79,
            "taker_side": "no"
        },
        {
            "trade_id": "13054864-7bf6-4844-98ab-ddf0ac472097",
            "ticker": "KXHIGHCHI-25JAN24-B21.5",
            "count": 28,
            "created_time": "2025-01-25T04:31:49.914175Z",
            "yes_price": 24,
            "no_price": 76,
            "taker_side": "no"
        },
        {
            "trade_id": "e71684f1-705e-46a4-ac49-736e560bc405",
            "ticker": "KXHIGHCHI-25JAN24-B21.5",
            "count": 15,
            "created_time": "2025-01-25T04:31:32.890384Z",
            "yes_price": 47,
            "no_price": 53,
            "taker_side": "yes"
        },
        {
            "trade_id": "55eb211a-107f-4f9b-94e6-3a5eaae9cbde",
            "ticker": "KXHIGHCHI-25JAN24-B21.5",
            "count": 26,
            "created_time": "2025-01-25T04:31:32.890384Z",
            "yes_price": 28,
            "no_price": 72,
            "taker_side": "yes"
        },
        {
            "trade_id": "2a46b804-dc43-4b42-b14a-a8d483f2f514",
            "ticker": "KXHIGHCHI-25JAN24-B21.5",
            "count": 15,
            "created_time": "2025-01-25T04:31:32.890384Z",
            "yes_price": 29,
            "no_price": 71,
            "taker_side": "yes"
        },
        {
            "trade_id": "9c216e40-e2f8-45e4-b815-642731efe538",
            "ticker": "KXHIGHCHI-25JAN24-B21.5",
            "count": 8,
            "created_time": "2025-01-25T04:31:14.433491Z",
            "yes_price": 28,
            "no_price": 72,
            "taker_side": "yes"
        },
        {
            "trade_id": "23975a1a-8cb8-4d9d-af99-2ac101c89116",
            "ticker": "KXHIGHCHI-25JAN24-B21.5",
            "count": 10,
            "created_time": "2025-01-25T04:31:14.433491Z",
            "yes_price": 29,
            "no_price": 71,
            "taker_side": "yes"
        },
        {
            "trade_id": "04287a80-f33a-4dc9-a2c0-ccdbedf659ae",
            "ticker": "KXHIGHCHI-25JAN24-B21.5",
            "count": 30,
            "created_time": "2025-01-25T04:30:12.878297Z",
            "yes_price": 15,
            "no_price": 85,
            "taker_side": "no"
