{
    "KXHIGHCHI-25MAY05-T54": [
        {
            "trade_id": "c717cc35-7a8c-4569-a51f-8ca062174f07",
            "ticker": "KXHIGHCHI-25MAY05-T54",
            "count": 2297,
            "created_time": "2025-05-05T17:52:59.997778Z",
            "yes_price": 1,
            "no_price": 99,
            "taker_side": "yes"
        },
        {
            "trade_id": "577a54f0-9077-462b-8580-f33c0c336f33",
            "ticker": "KXHIGHCHI-25MAY05-T54",
            "count": 40,
            "created_time": "2025-05-05T17:52:59.997778Z",
            "yes_price": 1,
            "no_price": 99,
            "taker_side": "yes"
        }
    ],
    "KXHIGHCHI-25MAY05-B54.5": [
        {
            "trade_id": "45f695da-6a67-45be-8850-86101ad766e9",
            "ticker": "KXHIGHCHI-25MAY05-B54.5",
            "count": 2,
            "created_time": "2025-05-05T20:20:41.162514Z",
            "yes_price": 1,
            "no_price": 99,
            "taker_side": "yes"
        },
        {
            "trade_id": "ac9c6f28-5390-4449-ae6d-e6ca62e94669",
            "ticker": "KXHIGHCHI-25MAY05-B54.5",
            "count": 5,
            "created_time": "2025-05-05T17:41:47.532651Z",
            "yes_price": 1,
            "no_price": 99,
            "taker_side": "yes"
        },
        {
            "trade_id": "766490aa-7d77-429e-a6ba-3b1f0f46c607",
            "ticker": "KXHIGHCHI-25MAY05-B54.5",
            "count": 50,
            "created_time": "2025-05-05T17:41:47.532651Z",
            "yes_price": 1,
            "no_price": 99,
            "taker_side": "yes"
        },
        {
            "trade_id": "a8f374dc-9d2f-45f5-9b72-451046130261",
            "ticker": "KXHIGHCHI-25MAY05-B54.5",
            "count": 50,
            "created_time": "2025-05-05T17:25:24.921925Z",
            "yes_price": 1,
            "no_price": 99,
            "taker_side": "yes"
        },
        {
            "trade_id": "35ab1f6b-b59f-4924-9b8d-3cf5ed370d62",
            "ticker": "KXHIGHCHI-25MAY05-B54.5",
            "count": 10,
            "created_time": "2025-05-05T17:25:24.921925Z",
            "yes_price": 1,
            "no_price": 99,
            "taker_side": "yes"
        },
        {
            "trade_id": "5fd09ac3-1dfd-44c4-9b53-a7f94935bc20",
            "ticker": "KXHIGHCHI-25MAY05-B54.5",
            "count": 50,
            "created_time": "2025-05-05T16:43:22.092932Z",
            "yes_price": 3,
            "no_price": 97,
            "taker_side": "yes"
        },
        {
            "trade_id": "a9c78478-3b71-4f44-ae1b-7daf79b37035",
            "ticker": "KXHIGHCHI-25MAY05-B54.5",
            "count": 40,
            "created_time": "2025-05-05T16:09:06.452185Z",
            "yes_price": 1,
            "no_price": 99,
            "taker_side": "yes"
        },
        {
            "trade_id": "3ea0aba8-87fb-425a-b61a-046180883a56",
            "ticker": "KXHIGHCHI-25MAY05-B54.5",
            "count": 13,
            "created_time": "2025-05-05T16:09:06.452185Z",
            "yes_price": 4,
            "no_price": 96,
            "taker_side": "yes"
        },
        {
            "trade_id": "775ca849-e8ca-482f-9c30-ee5066ecef57",
            "ticker": "KXHIGHCHI-25MAY05-B54.5",
            "count": 11,
            "created_time": "2025-05-05T03:46:45.004094Z",
            "yes_price": 8,
            "no_price": 92,
            "taker_side": "yes"
        },
        {
            "trade_id": "9c8b79c1-f09a-410b-93ba-d17bdab5e5b3",
            "ticker": "KXHIGHCHI-25MAY05-B54.5",
            "count": 114,
            "created_time": "2025-05-05T02:51:31.28605Z",
            "yes_price": 7,
            "no_price": 93,
            "taker_side": "yes"
        },
        {
            "trade_id": "07dd9d07-612d-4748-86ac-bd3bf08ff6ff",
            "ticker": "KXHIGHCHI-25MAY05-B54.5",
            "count": 7,
            "created_time": "2025-05-04T23:28:04.239667Z",
            "yes_price": 7,
            "no_price": 93,
            "taker_side": "yes"
        },
        {
            "trade_id": "029f49bb-05e0-4e8b-943f-bcabefbb38cd",
            "ticker": "KXHIGHCHI-25MAY05-B54.5",
            "count": 83,
            "created_time": "2025-05-04T23:28:04.239667Z",
            "yes_price": 5,
            "no_price": 95,
            "taker_side": "yes"
        }
    ],
    "KXHIGHCHI-25MAY05-B56.5": [
        {
            "trade_id": "0331507d-4007-47f0-8299-5adbd4a50bd7",
            "ticker": "KXHIGHCHI-25MAY05-B56.5",
            "count": 2,
            "created_time": "2025-05-05T20:20:41.281037Z",
            "yes_price": 1,
            "no_price": 99,
            "taker_side": "yes"
        },
        {
            "trade_id": "a7e1dfee-7ff7-471d-a618-f0f170060b17",
            "ticker": "KXHIGHCHI-25MAY05-B56.5",
            "count": 561,
            "created_time": "2025-05-05T18:56:05.72377Z",
            "yes_price": 1,
            "no_price": 99,
            "taker_side": "yes"
        },
        {
            "trade_id": "07d8a80c-2958-49aa-afd1-75b35bc13824",
            "ticker": "KXHIGHCHI-25MAY05-B56.5",
            "count": 50,
            "created_time": "2025-05-05T18:37:25.660998Z",
            "yes_price": 1,
            "no_price": 99,
            "taker_side": "no"
        },
        {
            "trade_id": "129a6512-621c-4bf8-bc60-3948959db967",
            "ticker": "KXHIGHCHI-25MAY05-B56.5",
            "count": 10,
            "created_time": "2025-05-05T18:30:59.098652Z",
            "yes_price": 2,
            "no_price": 98,
            "taker_side": "no"
        },
        {
            "trade_id": "75d91aa3-2cbf-436a-b091-bfd9c39be46b",
            "ticker": "KXHIGHCHI-25MAY05-B56.5",
            "count": 4,
            "created_time": "2025-05-05T18:21:56.73102Z",
            "yes_price": 5,
            "no_price": 95,
            "taker_side": "yes"
        },
        {
            "trade_id": "cd2c907c-2839-4d60-b0c7-aeacc370cb4a",
            "ticker": "KXHIGHCHI-25MAY05-B56.5",
            "count": 4,
            "created_time": "2025-05-05T18:21:56.047511Z",
            "yes_price": 5,
            "no_price": 95,
            "taker_side": "yes"
        },
        {
            "trade_id": "0874faa5-8597-498c-8d27-733b464617ec",
            "ticker": "KXHIGHCHI-25MAY05-B56.5",
            "count": 4,
            "created_time": "2025-05-05T18:21:55.564398Z",
            "yes_price": 5,
            "no_price": 95,
            "taker_side": "yes"
        },
        {
            "trade_id": "a1bfe1e4-a7a7-4550-a11f-82313c0c067b",
            "ticker": "KXHIGHCHI-25MAY05-B56.5",
            "count": 4,
            "created_time": "2025-05-05T18:21:54.664995Z",
            "yes_price": 5,
            "no_price": 95,
            "taker_side": "yes"
        },
        {
            "trade_id": "e1b16285-587b-40a6-8e96-3ab62da0abfe",
            "ticker": "KXHIGHCHI-25MAY05-B56.5",
            "count": 4,
            "created_time": "2025-05-05T18:21:54.514908Z",
            "yes_price": 5,
            "no_price": 95,
            "taker_side": "yes"
        },
        {
            "trade_id": "3b1a3579-ce08-47e8-a6c9-e885a4fdb0d8",
            "ticker": "KXHIGHCHI-25MAY05-B56.5",
            "count": 4,
            "created_time": "2025-05-05T18:21:53.494928Z",
            "yes_price": 5,
            "no_price": 95,
            "taker_side": "yes"
        },
        {
            "trade_id": "152d77ba-86ba-45f4-af33-624bcb1511b7",
            "ticker": "KXHIGHCHI-25MAY05-B56.5",
            "count": 4,
            "created_time": "2025-05-05T18:21:52.909345Z",
            "yes_price": 5,
            "no_price": 95,
            "taker_side": "yes"
        },
        {
            "trade_id": "0dc1a38c-38f5-4c0e-ab9e-c9d28eb11aca",
            "ticker": "KXHIGHCHI-25MAY05-B56.5",
            "count": 4,
            "created_time": "2025-05-05T18:21:52.229117Z",
            "yes_price": 5,
            "no_price": 95,
            "taker_side": "yes"
        },
        {
            "trade_id": "15f2c099-1fb6-4a58-9dbf-f0e54d4a16f7",
            "ticker": "KXHIGHCHI-25MAY05-B56.5",
            "count": 4,
            "created_time": "2025-05-05T18:21:51.079503Z",
            "yes_price": 5,
            "no_price": 95,
            "taker_side": "yes"
        },
        {
            "trade_id": "6e4e3cf4-dc7c-4d67-97d9-c5a5c0e45bb6",
            "ticker": "KXHIGHCHI-25MAY05-B56.5",
            "count": 15,
            "created_time": "2025-05-05T18:21:05.258804Z",
            "yes_price": 5,
            "no_price": 95,
            "taker_side": "no"
        },
        {
            "trade_id": "34ad5aea-52a2-4b89-aadc-04810e268c4f",
            "ticker": "KXHIGHCHI-25MAY05-B56.5",
            "count": 50,
            "created_time": "2025-05-05T18:21:05.258804Z",
            "yes_price": 5,
            "no_price": 95,
            "taker_side": "no"
        },
        {
            "trade_id": "32d98c2d-e6ba-43c5-bebc-98d95aa8ebf3",
            "ticker": "KXHIGHCHI-25MAY05-B56.5",
            "count": 5,
            "created_time": "2025-05-05T17:31:15.851643Z",
            "yes_price": 13,
            "no_price": 87,
            "taker_side": "no"
        },
        {
            "trade_id": "5789a640-1bf7-4df1-ad47-480a1e7dfa03",
            "ticker": "KXHIGHCHI-25MAY05-B56.5",
            "count": 50,
            "created_time": "2025-05-05T17:00:54.661792Z",
            "yes_price": 18,
            "no_price": 82,
            "taker_side": "yes"
        },
        {
            "trade_id": "cfffd1de-b02f-403c-a281-8b63e849dc1b",
            "ticker": "KXHIGHCHI-25MAY05-B56.5",
            "count": 2,
            "created_time": "2025-05-05T16:57:52.039915Z",
            "yes_price": 20,
            "no_price": 80,
            "taker_side": "yes"
        },
        {
            "trade_id": "c840f4ca-4405-4703-879f-ab477cdd397f",
            "ticker": "KXHIGHCHI-25MAY05-B56.5",
            "count": 6,
            "created_time": "2025-05-05T16:57:52.039915Z",
            "yes_price": 22,
            "no_price": 78,
            "taker_side": "yes"
        },
        {
            "trade_id": "8f59118a-b2c8-46b6-b219-736da90bc520",
            "ticker": "KXHIGHCHI-25MAY05-B56.5",
            "count": 9,
            "created_time": "2025-05-05T16:57:52.039915Z",
            "yes_price": 33,
            "no_price": 67,
            "taker_side": "yes"
        },
        {
            "trade_id": "53780856-a3ae-43d1-bc02-d526af824499",
            "ticker": "KXHIGHCHI-25MAY05-B56.5",
            "count": 9,
            "created_time": "2025-05-05T16:57:52.039915Z",
            "yes_price": 13,
            "no_price": 87,
            "taker_side": "yes"
        },
        {
            "trade_id": "4a771b03-41d7-4847-9865-fb6f4f5ccf12",
            "ticker": "KXHIGHCHI-25MAY05-B56.5",
            "count": 23,
            "created_time": "2025-05-05T16:57:52.039915Z",
            "yes_price": 23,
            "no_price": 77,
            "taker_side": "yes"
        },
        {
            "trade_id": "3da2c034-ff4e-4ecc-b94d-fb244128b045",
            "ticker": "KXHIGHCHI-25MAY05-B56.5",
            "count": 12,
            "created_time": "2025-05-05T16:57:52.039915Z",
            "yes_price": 20,
            "no_price": 80,
            "taker_side": "yes"
        },
        {
            "trade_id": "77aff6ba-e65a-4e3e-af51-3a298deece19",
            "ticker": "KXHIGHCHI-25MAY05-B56.5",
            "count": 10,
            "created_time": "2025-05-05T16:57:17.845733Z",
            "yes_price": 7,
            "no_price": 93,
            "taker_side": "no"
        },
        {
            "trade_id": "b53cdadf-39e4-4c12-a9ee-3f4c81e386c6",
            "ticker": "KXHIGHCHI-25MAY05-B56.5",
            "count": 18,
            "created_time": "2025-05-05T16:52:39.38703Z",
            "yes_price": 10,
            "no_price": 90,
            "taker_side": "yes"
        },
        {
            "trade_id": "5227bb9c-4e61-4862-9f2a-86aa8d386b79",
            "ticker": "KXHIGHCHI-25MAY05-B56.5",
            "count": 10,
            "created_time": "2025-05-05T16:38:26.089566Z",
            "yes_price": 9,
            "no_price": 91,
            "taker_side": "yes"
        },
        {
            "trade_id": "388f999e-9e1c-4e88-bbbd-22de68914bca",
            "ticker": "KXHIGHCHI-25MAY05-B56.5",
            "count": 15,
            "created_time": "2025-05-05T16:38:26.089566Z",
            "yes_price": 12,
            "no_price": 88,
            "taker_side": "yes"
        },
        {
            "trade_id": "a5726ba8-1c3c-4377-8a40-2eb6939a69c6",
            "ticker": "KXHIGHCHI-25MAY05-B56.5",
            "count": 50,
            "created_time": "2025-05-05T16:06:34.201363Z",
            "yes_price": 10,
            "no_price": 90,
            "taker_side": "yes"
        },
        {
            "trade_id": "8b30fae7-c230-4b1c-8dfc-116d150a6158",
            "ticker": "KXHIGHCHI-25MAY05-B56.5",
            "count": 40,
            "created_time": "2025-05-05T15:00:23.754159Z",
            "yes_price": 1,
            "no_price": 99,
            "taker_side": "yes"
        },
        {
            "trade_id": "87f9a58b-50cb-477b-90f7-5c160143279c",
            "ticker": "KXHIGHCHI-25MAY05-B56.5",
            "count": 50,
            "created_time": "2025-05-05T15:00:23.754159Z",
            "yes_price": 5,
            "no_price": 95,
            "taker_side": "yes"
        },
        {
            "trade_id": "7abd350c-9337-4ce8-9adf-5dbec11c813b",
            "ticker": "KXHIGHCHI-25MAY05-B56.5",
            "count": 107,
            "created_time": "2025-05-05T15:00:23.754159Z",
            "yes_price": 6,
            "no_price": 94,
            "taker_side": "yes"
        },
        {
            "trade_id": "6b3e32be-a09b-49c8-906c-8420cded694c",
            "ticker": "KXHIGHCHI-25MAY05-B56.5",
            "count": 2,
            "created_time": "2025-05-05T04:28:35.295278Z",
            "yes_price": 7,
            "no_price": 93,
            "taker_side": "yes"
        },
        {
            "trade_id": "4b9191c2-2c10-431e-85df-dbf77caf26da",
            "ticker": "KXHIGHCHI-25MAY05-B56.5",
            "count": 8,
            "created_time": "2025-05-05T03:46:28.025977Z",
            "yes_price": 7,
            "no_price": 93,
            "taker_side": "yes"
        },
        {
            "trade_id": "261203de-064f-4dcb-ab7e-db4420b92603",
            "ticker": "KXHIGHCHI-25MAY05-B56.5",
            "count": 5,
            "created_time": "2025-05-05T03:46:28.025977Z",
            "yes_price": 7,
            "no_price": 93,
            "taker_side": "yes"
        },
        {
            "trade_id": "83f3692c-0722-425f-b0e4-7fe88c0655e4",
            "ticker": "KXHIGHCHI-25MAY05-B56.5",
            "count": 12,
            "created_time": "2025-05-04T14:38:13.795688Z",
            "yes_price": 9,
            "no_price": 91,
            "taker_side": "no"
        }
    ],
    "KXHIGHCHI-25MAY05-B58.5": [
        {
            "trade_id": "82fa5099-2726-4f1a-833b-d043451d3b2f",
            "ticker": "KXHIGHCHI-25MAY05-B58.5",
            "count": 70,
            "created_time": "2025-05-05T18:54:45.31885Z",
            "yes_price": 1,
            "no_price": 99,
            "taker_side": "yes"
        },
        {
            "trade_id": "0e9d82b0-3706-4875-b2c9-822042e28129",
            "ticker": "KXHIGHCHI-25MAY05-B58.5",
            "count": 100,
            "created_time": "2025-05-05T18:54:31.130489Z",
            "yes_price": 1,
            "no_price": 99,
            "taker_side": "yes"
        },
        {
            "trade_id": "f2c0dfa7-a27a-452d-8b64-10aeb72fe0bf",
            "ticker": "KXHIGHCHI-25MAY05-B58.5",
            "count": 50,
            "created_time": "2025-05-05T18:53:20.329262Z",
            "yes_price": 1,
            "no_price": 99,
            "taker_side": "no"
        },
        {
            "trade_id": "d3d97e72-4630-48ed-a191-e12d79f8e40c",
            "ticker": "KXHIGHCHI-25MAY05-B58.5",
            "count": 150,
            "created_time": "2025-05-05T18:53:20.329262Z",
            "yes_price": 1,
            "no_price": 99,
            "taker_side": "no"
        },
        {
            "trade_id": "a89c2d88-2be8-4ed8-836b-45a0b61a35ca",
            "ticker": "KXHIGHCHI-25MAY05-B58.5",
            "count": 50,
            "created_time": "2025-05-05T18:53:20.329262Z",
            "yes_price": 4,
            "no_price": 96,
            "taker_side": "no"
        },
        {
            "trade_id": "a02f09bf-86ae-4ead-93d6-e0aa642c5887",
            "ticker": "KXHIGHCHI-25MAY05-B58.5",
            "count": 37,
            "created_time": "2025-05-05T18:53:20.329262Z",
            "yes_price": 1,
            "no_price": 99,
            "taker_side": "no"
        },
        {
            "trade_id": "96329ac6-7801-4022-8375-c2adb1790f53",
            "ticker": "KXHIGHCHI-25MAY05-B58.5",
            "count": 149,
            "created_time": "2025-05-05T18:53:20.329262Z",
            "yes_price": 1,
            "no_price": 99,
            "taker_side": "no"
        },
        {
            "trade_id": "945b9e06-2f2e-4a78-abc8-ebe427fab05c",
            "ticker": "KXHIGHCHI-25MAY05-B58.5",
            "count": 50,
            "created_time": "2025-05-05T18:53:20.329262Z",
            "yes_price": 5,
            "no_price": 95,
            "taker_side": "no"
        },
        {
            "trade_id": "862507c8-05e5-4ea9-a139-ac35a42a988a",
            "ticker": "KXHIGHCHI-25MAY05-B58.5",
            "count": 12,
            "created_time": "2025-05-05T18:53:20.329262Z",
            "yes_price": 2,
            "no_price": 98,
            "taker_side": "no"
        },
        {
            "trade_id": "0a84ecf6-2a48-49dc-9d97-af025565b20e",
            "ticker": "KXHIGHCHI-25MAY05-B58.5",
            "count": 200,
            "created_time": "2025-05-05T18:53:20.329262Z",
            "yes_price": 1,
            "no_price": 99,
            "taker_side": "no"
        },
        {
            "trade_id": "024b5555-ec5b-4e36-8ce6-5ffece18add2",
            "ticker": "KXHIGHCHI-25MAY05-B58.5",
            "count": 28,
            "created_time": "2025-05-05T18:53:20.329262Z",
            "yes_price": 8,
            "no_price": 92,
            "taker_side": "no"
        },
        {
            "trade_id": "d3287d97-a5bb-4645-8b61-73a0f500fcff",
            "ticker": "KXHIGHCHI-25MAY05-B58.5",
            "count": 4,
            "created_time": "2025-05-05T18:52:13.541984Z",
            "yes_price": 8,
            "no_price": 92,
            "taker_side": "no"
        },
        {
            "trade_id": "a037999e-ce2a-4875-bb9c-81282452438c",
            "ticker": "KXHIGHCHI-25MAY05-B58.5",
            "count": 189,
            "created_time": "2025-05-05T18:48:31.959587Z",
            "yes_price": 8,
            "no_price": 92,
            "taker_side": "no"
        },
        {
            "trade_id": "670ea132-86d2-472d-80db-994046dbbfcf",
            "ticker": "KXHIGHCHI-25MAY05-B58.5",
            "count": 50,
            "created_time": "2025-05-05T18:48:31.959587Z",
            "yes_price": 11,
            "no_price": 89,
            "taker_side": "no"
        },
        {
            "trade_id": "56ab1d2a-4ba0-493a-a1b1-60906c09999f",
            "ticker": "KXHIGHCHI-25MAY05-B58.5",
            "count": 34,
            "created_time": "2025-05-05T18:48:31.959587Z",
            "yes_price": 10,
            "no_price": 90,
            "taker_side": "no"
        },
        {
            "trade_id": "478dcf86-a9bc-4c21-b3b4-24d6e94b8e3c",
            "ticker": "KXHIGHCHI-25MAY05-B58.5",
            "count": 1,
            "created_time": "2025-05-05T18:45:01.183324Z",
            "yes_price": 8,
            "no_price": 92,
            "taker_side": "yes"
        },
        {
            "trade_id": "a8cad208-2788-44d2-a553-1df768258dc3",
            "ticker": "KXHIGHCHI-25MAY05-B58.5",
            "count": 2,
            "created_time": "2025-05-05T18:42:45.185707Z",
            "yes_price": 12,
            "no_price": 88,
            "taker_side": "yes"
        },
        {
            "trade_id": "ae32b3c8-5b60-4d73-b59d-9437276ca9aa",
            "ticker": "KXHIGHCHI-25MAY05-B58.5",
            "count": 6,
            "created_time": "2025-05-05T18:42:44.901482Z",
            "yes_price": 12,
            "no_price": 88,
            "taker_side": "yes"
        },
        {
            "trade_id": "51da62e1-7982-4f1b-9add-1dce294105eb",
            "ticker": "KXHIGHCHI-25MAY05-B58.5",
            "count": 4,
            "created_time": "2025-05-05T18:42:44.655793Z",
            "yes_price": 12,
            "no_price": 88,
            "taker_side": "yes"
        },
        {
            "trade_id": "89dff81b-16a5-4481-b029-d60d5af19db3",
            "ticker": "KXHIGHCHI-25MAY05-B58.5",
            "count": 7,
            "created_time": "2025-05-05T18:42:44.077997Z",
            "yes_price": 12,
            "no_price": 88,
            "taker_side": "no"
        },
        {
            "trade_id": "8290d996-b108-4dd0-969d-1f3191369aa6",
            "ticker": "KXHIGHCHI-25MAY05-B58.5",
            "count": 36,
            "created_time": "2025-05-05T18:42:44.077997Z",
            "yes_price": 13,
            "no_price": 87,
            "taker_side": "no"
        },
        {
            "trade_id": "579986b1-deb7-4c57-9014-5404fa9f59bf",
            "ticker": "KXHIGHCHI-25MAY05-B58.5",
            "count": 149,
            "created_time": "2025-05-05T18:42:44.077997Z",
            "yes_price": 17,
            "no_price": 83,
            "taker_side": "no"
        },
        {
            "trade_id": "24b60ee5-7170-493f-86bc-39a80c8027cd",
            "ticker": "KXHIGHCHI-25MAY05-B58.5",
            "count": 8,
            "created_time": "2025-05-05T18:42:44.077997Z",
            "yes_price": 18,
            "no_price": 82,
            "taker_side": "no"
        },
        {
            "trade_id": "0d615430-f8e9-41ab-b2f2-db0f98a3cd9c",
            "ticker": "KXHIGHCHI-25MAY05-B58.5",
            "count": 50,
            "created_time": "2025-05-05T18:42:44.077997Z",
            "yes_price": 19,
            "no_price": 81,
            "taker_side": "no"
        },
        {
            "trade_id": "c4deede1-c2f1-4f7d-8ef7-854037e8bbf6",
            "ticker": "KXHIGHCHI-25MAY05-B58.5",
            "count": 29,
            "created_time": "2025-05-05T18:42:30.11353Z",
            "yes_price": 22,
            "no_price": 78,
            "taker_side": "no"
        },
        {
            "trade_id": "96626afb-33e1-40ad-8969-0a14f305a1b0",
            "ticker": "KXHIGHCHI-25MAY05-B58.5",
            "count": 8,
            "created_time": "2025-05-05T18:42:30.11353Z",
            "yes_price": 23,
            "no_price": 77,
            "taker_side": "no"
        },
        {
            "trade_id": "8906749c-b287-4f05-8ca7-6769da9c1846",
            "ticker": "KXHIGHCHI-25MAY05-B58.5",
            "count": 50,
            "created_time": "2025-05-05T18:40:11.111609Z",
            "yes_price": 24,
            "no_price": 76,
            "taker_side": "no"
        },
        {
            "trade_id": "6dc091da-78da-487e-8e09-8d4c9c122089",
            "ticker": "KXHIGHCHI-25MAY05-B58.5",
            "count": 21,
            "created_time": "2025-05-05T18:38:48.916131Z",
            "yes_price": 22,
            "no_price": 78,
            "taker_side": "no"
        },
        {
            "trade_id": "4c8683c0-3a89-464d-927f-e9678d4c2a80",
            "ticker": "KXHIGHCHI-25MAY05-B58.5",
            "count": 9,
            "created_time": "2025-05-05T18:38:48.916131Z",
            "yes_price": 22,
            "no_price": 78,
            "taker_side": "no"
        },
        {
            "trade_id": "a70a08c6-2f15-42e5-9b6e-a1bc58424dff",
            "ticker": "KXHIGHCHI-25MAY05-B58.5",
            "count": 2,
            "created_time": "2025-05-05T18:38:02.584886Z",
            "yes_price": 23,
            "no_price": 77,
            "taker_side": "no"
        },
        {
            "trade_id": "f51271fd-7181-43a7-8ac1-a6b43c4b1791",
            "ticker": "KXHIGHCHI-25MAY05-B58.5",
            "count": 50,
            "created_time": "2025-05-05T18:36:33.344321Z",
            "yes_price": 24,
            "no_price": 76,
            "taker_side": "yes"
        },
        {
            "trade_id": "bcb2c165-d382-48c7-a279-7fa8e2951366",
            "ticker": "KXHIGHCHI-25MAY05-B58.5",
            "count": 12,
            "created_time": "2025-05-05T18:36:33.344321Z",
            "yes_price": 27,
            "no_price": 73,
            "taker_side": "yes"
        },
        {
            "trade_id": "5613046c-e19d-40e0-9281-10b188c2ed63",
            "ticker": "KXHIGHCHI-25MAY05-B58.5",
            "count": 11,
            "created_time": "2025-05-05T18:36:33.344321Z",
            "yes_price": 25,
            "no_price": 75,
            "taker_side": "yes"
        },
        {
            "trade_id": "775bf04d-6f7c-431f-abf9-4427e004011f",
            "ticker": "KXHIGHCHI-25MAY05-B58.5",
            "count": 40,
            "created_time": "2025-05-05T18:34:58.878902Z",
            "yes_price": 15,
            "no_price": 85,
            "taker_side": "no"
        },
        {
            "trade_id": "ac7041a7-6109-45b9-8acb-5217092beecf",
            "ticker": "KXHIGHCHI-25MAY05-B58.5",
            "count": 4,
            "created_time": "2025-05-05T18:34:49.719631Z",
            "yes_price": 19,
            "no_price": 81,
            "taker_side": "yes"
        },
        {
            "trade_id": "a3ac7f11-14ac-44e0-b4de-12abf2177056",
            "ticker": "KXHIGHCHI-25MAY05-B58.5",
            "count": 11,
            "created_time": "2025-05-05T18:31:49.657151Z",
            "yes_price": 11,
            "no_price": 89,
            "taker_side": "no"
        },
        {
            "trade_id": "37196803-6b90-435d-99c1-6e2cd29813d5",
            "ticker": "KXHIGHCHI-25MAY05-B58.5",
            "count": 42,
            "created_time": "2025-05-05T18:31:31.301711Z",
            "yes_price": 17,
            "no_price": 83,
            "taker_side": "no"
        },
        {
            "trade_id": "cd9dc646-efc3-45b6-8193-7bcd48f01342",
            "ticker": "KXHIGHCHI-25MAY05-B58.5",
            "count": 50,
            "created_time": "2025-05-05T18:31:22.389128Z",
            "yes_price": 25,
            "no_price": 75,
            "taker_side": "no"
        },
        {
            "trade_id": "c9cb933f-3c96-403f-bcbc-70d2ace46d43",
            "ticker": "KXHIGHCHI-25MAY05-B58.5",
            "count": 15,
            "created_time": "2025-05-05T18:31:22.389128Z",
            "yes_price": 26,
            "no_price": 74,
            "taker_side": "no"
        },
        {
            "trade_id": "6dca152d-af6f-4d15-9337-bb2787166e3b",
            "ticker": "KXHIGHCHI-25MAY05-B58.5",
            "count": 3,
            "created_time": "2025-05-05T18:27:32.691783Z",
            "yes_price": 43,
            "no_price": 57,
            "taker_side": "yes"
        },
        {
            "trade_id": "05204ee7-caf6-4bfa-ad10-29042ab7996e",
            "ticker": "KXHIGHCHI-25MAY05-B58.5",
            "count": 45,
            "created_time": "2025-05-05T18:25:51.765437Z",
            "yes_price": 42,
            "no_price": 58,
            "taker_side": "yes"
        },
        {
            "trade_id": "feb9c874-65ec-40ce-8fba-cd45f8518c8f",
            "ticker": "KXHIGHCHI-25MAY05-B58.5",
            "count": 74,
            "created_time": "2025-05-05T18:25:27.501661Z",
            "yes_price": 35,
            "no_price": 65,
            "taker_side": "yes"
        },
        {
            "trade_id": "c2a316bd-9a3a-424b-8303-95b83abaaf16",
            "ticker": "KXHIGHCHI-25MAY05-B58.5",
            "count": 8,
            "created_time": "2025-05-05T18:25:27.501661Z",
            "yes_price": 33,
            "no_price": 67,
            "taker_side": "yes"
        },
        {
            "trade_id": "a219ba64-7d98-4e40-b159-54d51f2b9013",
            "ticker": "KXHIGHCHI-25MAY05-B58.5",
            "count": 11,
            "created_time": "2025-05-05T18:25:27.501661Z",
            "yes_price": 34,
            "no_price": 66,
            "taker_side": "yes"
        },
        {
            "trade_id": "c5a56d72-2510-4ebd-bb75-dc23f97e0ef1",
            "ticker": "KXHIGHCHI-25MAY05-B58.5",
            "count": 26,
            "created_time": "2025-05-05T18:19:45.307768Z",
            "yes_price": 35,
            "no_price": 65,
            "taker_side": "no"
        },
        {
            "trade_id": "10ba63b9-fb35-4833-82f5-ccc4077dd5e8",
            "ticker": "KXHIGHCHI-25MAY05-B58.5",
            "count": 1,
            "created_time": "2025-05-05T18:14:38.130661Z",
            "yes_price": 34,
            "no_price": 66,
            "taker_side": "yes"
        },
        {
            "trade_id": "b0c4b11c-2af3-4179-8f42-7e29efbbbe8b",
            "ticker": "KXHIGHCHI-25MAY05-B58.5",
            "count": 11,
            "created_time": "2025-05-05T17:24:09.973518Z",
            "yes_price": 32,
            "no_price": 68,
            "taker_side": "no"
        },
        {
            "trade_id": "7b9e2075-7c8c-49d1-aede-84a52d24180f",
            "ticker": "KXHIGHCHI-25MAY05-B58.5",
            "count": 32,
            "created_time": "2025-05-05T17:24:09.973518Z",
            "yes_price": 37,
            "no_price": 63,
            "taker_side": "no"
        },
        {
            "trade_id": "484947cc-aae0-4c96-b8a7-1363d174bf69",
            "ticker": "KXHIGHCHI-25MAY05-B58.5",
            "count": 3,
            "created_time": "2025-05-05T17:24:09.973518Z",
            "yes_price": 31,
            "no_price": 69,
            "taker_side": "no"
        },
        {
            "trade_id": "450f4334-9d94-488f-abc3-c4bf431eafa6",
            "ticker": "KXHIGHCHI-25MAY05-B58.5",
            "count": 30,
            "created_time": "2025-05-05T17:24:09.973518Z",
            "yes_price": 35,
            "no_price": 65,
            "taker_side": "no"
        },
        {
            "trade_id": "392a5e65-c177-47ec-aab7-8dada944bfce",
            "ticker": "KXHIGHCHI-25MAY05-B58.5",
            "count": 10,
            "created_time": "2025-05-05T17:24:09.973518Z",
            "yes_price": 31,
            "no_price": 69,
            "taker_side": "no"
        },
        {
            "trade_id": "807d95b2-a85f-4205-942f-42586a22aa61",
            "ticker": "KXHIGHCHI-25MAY05-B58.5",
            "count": 35,
            "created_time": "2025-05-05T17:19:59.021232Z",
            "yes_price": 41,
            "no_price": 59,
            "taker_side": "yes"
        },
        {
            "trade_id": "bec1c05a-475e-4e96-b583-ada7ba34fc5d",
            "ticker": "KXHIGHCHI-25MAY05-B58.5",
            "count": 10,
            "created_time": "2025-05-05T17:04:39.184639Z",
            "yes_price": 40,
            "no_price": 60,
            "taker_side": "yes"
        },
        {
            "trade_id": "6ac49e94-f9d2-45fa-959d-0bb6ab6d7a29",
            "ticker": "KXHIGHCHI-25MAY05-B58.5",
            "count": 16,
            "created_time": "2025-05-05T17:04:39.184639Z",
            "yes_price": 43,
            "no_price": 57,
            "taker_side": "yes"
        },
        {
            "trade_id": "44cab45b-7e18-4f77-8e81-65a4dcd06d53",
            "ticker": "KXHIGHCHI-25MAY05-B58.5",
            "count": 50,
            "created_time": "2025-05-05T17:04:39.184639Z",
            "yes_price": 38,
            "no_price": 62,
            "taker_side": "yes"
        },
        {
            "trade_id": "2c3bbd77-8194-4a88-86ff-90b6511bb23c",
            "ticker": "KXHIGHCHI-25MAY05-B58.5",
            "count": 21,
            "created_time": "2025-05-05T17:04:39.184639Z",
            "yes_price": 39,
            "no_price": 61,
            "taker_side": "yes"
        },
        {
            "trade_id": "df522f10-ab05-4f84-9957-1226eafd5258",
            "ticker": "KXHIGHCHI-25MAY05-B58.5",
            "count": 25,
            "created_time": "2025-05-05T17:00:36.902681Z",
            "yes_price": 37,
            "no_price": 63,
            "taker_side": "yes"
        },
        {
            "trade_id": "d1b946f8-6686-43c0-b61d-92a4a5f8205a",
            "ticker": "KXHIGHCHI-25MAY05-B58.5",
            "count": 50,
            "created_time": "2025-05-05T17:00:36.902681Z",
            "yes_price": 36,
            "no_price": 64,
            "taker_side": "yes"
        },
        {
            "trade_id": "3bc0d5bb-ec6b-41d7-84f6-90259b53f577",
            "ticker": "KXHIGHCHI-25MAY05-B58.5",
            "count": 20,
            "created_time": "2025-05-05T17:00:36.902681Z",
            "yes_price": 40,
            "no_price": 60,
            "taker_side": "yes"
        },
        {
            "trade_id": "24002a2e-2fa2-4a4e-b559-8f0c09ed04aa",
            "ticker": "KXHIGHCHI-25MAY05-B58.5",
            "count": 8,
            "created_time": "2025-05-05T17:00:36.902681Z",
            "yes_price": 37,
            "no_price": 63,
            "taker_side": "yes"
        },
        {
            "trade_id": "6de6cc38-55db-4958-aef8-c460b17a4249",
            "ticker": "KXHIGHCHI-25MAY05-B58.5",
            "count": 7,
            "created_time": "2025-05-05T16:57:39.899704Z",
            "yes_price": 39,
            "no_price": 61,
            "taker_side": "yes"
        },
        {
            "trade_id": "c4ccedb6-b41a-42c9-b6c1-bfd732e004b6",
            "ticker": "KXHIGHCHI-25MAY05-B58.5",
            "count": 25,
            "created_time": "2025-05-05T16:56:13.710718Z",
            "yes_price": 21,
            "no_price": 79,
            "taker_side": "no"
        },
        {
            "trade_id": "44fde212-6e45-422e-8089-13e7626c25d0",
            "ticker": "KXHIGHCHI-25MAY05-B58.5",
            "count": 15,
            "created_time": "2025-05-05T16:56:13.710718Z",
            "yes_price": 21,
            "no_price": 79,
            "taker_side": "no"
        },
        {
            "trade_id": "27a26419-223b-4871-9279-60be0c23a3a3",
            "ticker": "KXHIGHCHI-25MAY05-B58.5",
            "count": 11,
            "created_time": "2025-05-05T16:56:13.710718Z",
            "yes_price": 20,
            "no_price": 80,
            "taker_side": "no"
        },
        {
            "trade_id": "1574ae57-d96e-4b56-a68e-20d75afa62d1",
            "ticker": "KXHIGHCHI-25MAY05-B58.5",
            "count": 20,
            "created_time": "2025-05-05T16:56:13.710718Z",
            "yes_price": 22,
            "no_price": 78,
            "taker_side": "no"
        },
        {
            "trade_id": "4d95d0b8-55a1-45f2-8e4c-14e5d5be63ce",
            "ticker": "KXHIGHCHI-25MAY05-B58.5",
            "count": 86,
            "created_time": "2025-05-05T16:54:51.952818Z",
            "yes_price": 29,
            "no_price": 71,
            "taker_side": "yes"
        },
        {
            "trade_id": "aff1ad7e-f70f-45cf-b6cb-36299be138a5",
            "ticker": "KXHIGHCHI-25MAY05-B58.5",
            "count": 20,
            "created_time": "2025-05-05T16:52:57.477738Z",
            "yes_price": 30,
            "no_price": 70,
            "taker_side": "no"
        },
        {
            "trade_id": "7932fbdd-5a1c-432f-b792-b6badd0644d2",
            "ticker": "KXHIGHCHI-25MAY05-B58.5",
            "count": 93,
            "created_time": "2025-05-05T16:52:57.477738Z",
            "yes_price": 29,
            "no_price": 71,
            "taker_side": "no"
        },
        {
            "trade_id": "9ff78c27-b97f-4256-85cb-1a4b1e3c8f4d",
            "ticker": "KXHIGHCHI-25MAY05-B58.5",
            "count": 20,
            "created_time": "2025-05-05T16:52:20.801741Z",
            "yes_price": 32,
            "no_price": 68,
            "taker_side": "no"
        },
        {
            "trade_id": "6b3a2ab0-a30e-480c-bab1-8091d952269a",
            "ticker": "KXHIGHCHI-25MAY05-B58.5",
            "count": 1,
            "created_time": "2025-05-05T16:52:20.801741Z",
            "yes_price": 32,
            "no_price": 68,
            "taker_side": "no"
        },
        {
            "trade_id": "1497a01c-05a3-4343-96bc-a34608c52caf",
            "ticker": "KXHIGHCHI-25MAY05-B58.5",
            "count": 82,
            "created_time": "2025-05-05T16:52:20.801741Z",
            "yes_price": 31,
            "no_price": 69,
            "taker_side": "no"
        },
        {
            "trade_id": "e05b35b5-6a63-4124-930c-5ac5179686bf",
            "ticker": "KXHIGHCHI-25MAY05-B58.5",
            "count": 30,
            "created_time": "2025-05-05T16:52:11.151815Z",
            "yes_price": 33,
            "no_price": 67,
            "taker_side": "yes"
        },
        {
            "trade_id": "d3d32214-a8b1-47c7-aa4d-59bbd8897d11",
            "ticker": "KXHIGHCHI-25MAY05-B58.5",
            "count": 50,
            "created_time": "2025-05-05T16:50:47.280562Z",
            "yes_price": 33,
            "no_price": 67,
            "taker_side": "no"
        },
        {
            "trade_id": "2b660444-4d23-4dd9-8931-a53b126da14e",
            "ticker": "KXHIGHCHI-25MAY05-B58.5",
            "count": 19,
            "created_time": "2025-05-05T16:50:47.280562Z",
            "yes_price": 34,
            "no_price": 66,
            "taker_side": "no"
        },
        {
            "trade_id": "4601ba72-24cb-4b69-9186-121237a4f3af",
            "ticker": "KXHIGHCHI-25MAY05-B58.5",
            "count": 65,
            "created_time": "2025-05-05T16:48:35.215511Z",
            "yes_price": 39,
            "no_price": 61,
            "taker_side": "yes"
        },
        {
            "trade_id": "4f1387dd-168e-41fc-8826-c49078ff1ae8",
            "ticker": "KXHIGHCHI-25MAY05-B58.5",
            "count": 6,
            "created_time": "2025-05-05T16:36:33.67663Z",
            "yes_price": 32,
            "no_price": 68,
            "taker_side": "no"
        },
        {
            "trade_id": "cc3e61d1-0c64-4b44-baf6-b708789efe02",
            "ticker": "KXHIGHCHI-25MAY05-B58.5",
            "count": 7,
            "created_time": "2025-05-05T16:33:59.568467Z",
            "yes_price": 33,
            "no_price": 67,
            "taker_side": "no"
        },
        {
            "trade_id": "bdd91659-48b4-4fe8-aff8-59e50fb29e9e",
            "ticker": "KXHIGHCHI-25MAY05-B58.5",
            "count": 15,
            "created_time": "2025-05-05T16:33:59.568467Z",
            "yes_price": 33,
            "no_price": 67,
            "taker_side": "no"
        },
        {
            "trade_id": "733ccd18-ca50-4165-834b-0e3a0330a460",
            "ticker": "KXHIGHCHI-25MAY05-B58.5",
            "count": 3,
            "created_time": "2025-05-05T16:33:59.568467Z",
            "yes_price": 32,
            "no_price": 68,
            "taker_side": "no"
        },
        {
            "trade_id": "33136fc0-b718-4a13-87da-a6f5314de0dc",
            "ticker": "KXHIGHCHI-25MAY05-B58.5",
            "count": 80,
            "created_time": "2025-05-05T16:29:17.955915Z",
            "yes_price": 39,
            "no_price": 61,
            "taker_side": "yes"
        },
        {
            "trade_id": "7e3ac2d8-ef52-4d13-a6d3-9f5e6f979a64",
            "ticker": "KXHIGHCHI-25MAY05-B58.5",
            "count": 150,
            "created_time": "2025-05-05T16:28:57.172538Z",
            "yes_price": 39,
            "no_price": 61,
            "taker_side": "yes"
        },
        {
            "trade_id": "2c43e1b5-08cc-4c3c-b994-2295b7e93e2a",
            "ticker": "KXHIGHCHI-25MAY05-B58.5",
            "count": 10,
            "created_time": "2025-05-05T16:26:48.644143Z",
            "yes_price": 39,
            "no_price": 61,
            "taker_side": "yes"
        },
        {
            "trade_id": "462d6100-a9b8-4fd3-8d8b-d2690a148337",
            "ticker": "KXHIGHCHI-25MAY05-B58.5",
            "count": 6,
            "created_time": "2025-05-05T16:19:19.946556Z",
            "yes_price": 48,
            "no_price": 52,
            "taker_side": "yes"
        },
        {
            "trade_id": "f3f37ca6-3fe1-4dfd-b03c-60090145ebc7",
            "ticker": "KXHIGHCHI-25MAY05-B58.5",
            "count": 149,
            "created_time": "2025-05-05T16:12:32.249376Z",
            "yes_price": 65,
            "no_price": 35,
            "taker_side": "yes"
        },
        {
            "trade_id": "c968270e-8094-4efb-88c9-64afc206443f",
            "ticker": "KXHIGHCHI-25MAY05-B58.5",
            "count": 62,
            "created_time": "2025-05-05T16:12:32.249376Z",
            "yes_price": 66,
            "no_price": 34,
            "taker_side": "yes"
        },
        {
            "trade_id": "ba5a055b-7cb7-4db3-97f8-7d446cced370",
            "ticker": "KXHIGHCHI-25MAY05-B58.5",
            "count": 13,
            "created_time": "2025-05-05T16:12:32.249376Z",
            "yes_price": 63,
            "no_price": 37,
            "taker_side": "yes"
        },
        {
            "trade_id": "b0e4031f-8e34-4394-8d27-d7adef4cc850",
            "ticker": "KXHIGHCHI-25MAY05-B58.5",
            "count": 61,
            "created_time": "2025-05-05T16:12:32.249376Z",
            "yes_price": 65,
            "no_price": 35,
            "taker_side": "yes"
        },
        {
            "trade_id": "aebcc2f0-af1c-4d88-9e31-5f7f14ba545f",
            "ticker": "KXHIGHCHI-25MAY05-B58.5",
            "count": 25,
            "created_time": "2025-05-05T16:12:32.249376Z",
            "yes_price": 63,
            "no_price": 37,
            "taker_side": "yes"
        },
        {
            "trade_id": "9de8891a-c1ba-4752-8a0e-58385aa9c974",
            "ticker": "KXHIGHCHI-25MAY05-B58.5",
            "count": 15,
            "created_time": "2025-05-05T16:12:32.249376Z",
            "yes_price": 62,
            "no_price": 38,
            "taker_side": "yes"
        },
        {
            "trade_id": "790c6bdf-4c9a-43fa-823a-00f1c0167261",
            "ticker": "KXHIGHCHI-25MAY05-B58.5",
            "count": 26,
            "created_time": "2025-05-05T16:12:32.249376Z",
            "yes_price": 64,
            "no_price": 36,
            "taker_side": "yes"
        },
        {
            "trade_id": "1132697b-bb2a-4246-8632-749499f19196",
            "ticker": "KXHIGHCHI-25MAY05-B58.5",
            "count": 11,
            "created_time": "2025-05-05T16:12:32.249376Z",
            "yes_price": 62,
            "no_price": 38,
            "taker_side": "yes"
        },
        {
            "trade_id": "07c28cbc-2b32-45cf-9e7f-fea8589da37c",
            "ticker": "KXHIGHCHI-25MAY05-B58.5",
            "count": 4,
            "created_time": "2025-05-05T16:12:32.249376Z",
            "yes_price": 64,
            "no_price": 36,
            "taker_side": "yes"
        },
        {
            "trade_id": "d2d53c86-1269-4523-b371-f76cadf1546f",
            "ticker": "KXHIGHCHI-25MAY05-B58.5",
            "count": 30,
            "created_time": "2025-05-05T16:12:24.11297Z",
            "yes_price": 49,
            "no_price": 51,
            "taker_side": "yes"
        },
        {
            "trade_id": "b43908ea-3321-4bee-a4ed-b269a2289573",
            "ticker": "KXHIGHCHI-25MAY05-B58.5",
            "count": 2,
            "created_time": "2025-05-05T16:12:24.11297Z",
            "yes_price": 51,
            "no_price": 49,
            "taker_side": "yes"
        },
        {
            "trade_id": "55891d8b-0cc4-48e5-a60b-cb4b0699e3cb",
            "ticker": "KXHIGHCHI-25MAY05-B58.5",
            "count": 40,
            "created_time": "2025-05-05T16:12:24.11297Z",
            "yes_price": 50,
            "no_price": 50,
            "taker_side": "yes"
        },
        {
            "trade_id": "12f43410-2bae-42e2-b0a4-e906b18ace38",
            "ticker": "KXHIGHCHI-25MAY05-B58.5",
            "count": 39,
            "created_time": "2025-05-05T16:12:24.11297Z",
            "yes_price": 49,
            "no_price": 51,
            "taker_side": "yes"
        },
        {
            "trade_id": "82312e11-9637-4412-b25c-6ff4afb2b6bf",
            "ticker": "KXHIGHCHI-25MAY05-B58.5",
            "count": 40,
            "created_time": "2025-05-05T16:12:22.445718Z",
            "yes_price": 48,
            "no_price": 52,
            "taker_side": "yes"
        },
        {
            "trade_id": "caae86b7-d932-440f-a97b-af9e667edabf",
            "ticker": "KXHIGHCHI-25MAY05-B58.5",
            "count": 6,
            "created_time": "2025-05-05T16:11:51.214535Z",
            "yes_price": 45,
            "no_price": 55,
            "taker_side": "yes"
        },
        {
            "trade_id": "834eeb92-d1b7-45d7-b067-b086e214fa3d",
            "ticker": "KXHIGHCHI-25MAY05-B58.5",
            "count": 7,
            "created_time": "2025-05-05T16:11:51.214535Z",
            "yes_price": 45,
            "no_price": 55,
            "taker_side": "yes"
        },
        {
            "trade_id": "36d3c49c-6c1d-49ce-b8d4-f8f89c18d52c",
            "ticker": "KXHIGHCHI-25MAY05-B58.5",
            "count": 20,
            "created_time": "2025-05-05T16:11:51.214535Z",
            "yes_price": 41,
            "no_price": 59,
            "taker_side": "yes"
        },
        {
            "trade_id": "80edc3bd-0d05-4961-a957-0b7e1c1a3cfe",
            "ticker": "KXHIGHCHI-25MAY05-B58.5",
            "count": 5,
            "created_time": "2025-05-05T16:06:45.744129Z",
            "yes_price": 32,
            "no_price": 68,
            "taker_side": "yes"
        },
        {
            "trade_id": "cb586d70-e38e-490d-9bd3-e5231b7656b0",
            "ticker": "KXHIGHCHI-25MAY05-B58.5",
            "count": 18,
            "created_time": "2025-05-05T16:05:46.572292Z",
            "yes_price": 31,
            "no_price": 69,
            "taker_side": "no"
        },
        {
            "trade_id": "48e8034a-379e-4596-92e3-0e1e0e19c271",
            "ticker": "KXHIGHCHI-25MAY05-B58.5",
            "count": 7,
            "created_time": "2025-05-05T15:59:19.083945Z",
            "yes_price": 29,
            "no_price": 71,
            "taker_side": "yes"
        },
        {
            "trade_id": "ff37c0a8-7e1a-4091-857c-86de06ed910a",
            "ticker": "KXHIGHCHI-25MAY05-B58.5",
            "count": 50,
            "created_time": "2025-05-05T15:48:23.434897Z",
            "yes_price": 26,
            "no_price": 74,
            "taker_side": "yes"
        },
        {
            "trade_id": "ecbb5054-d325-4187-a1dd-5e6f04045cb1",
            "ticker": "KXHIGHCHI-25MAY05-B58.5",
            "count": 2,
            "created_time": "2025-05-05T15:48:23.434897Z",
            "yes_price": 26,
            "no_price": 74,
            "taker_side": "yes"
        },
        {
            "trade_id": "b1e8f042-7174-4886-83da-ae22b056032e",
            "ticker": "KXHIGHCHI-25MAY05-B58.5",
            "count": 1,
            "created_time": "2025-05-05T15:48:23.434897Z",
            "yes_price": 25,
            "no_price": 75,
            "taker_side": "yes"
        },
        {
            "trade_id": "18a6d64e-0af5-4536-a43d-cb3cae28d189",
            "ticker": "KXHIGHCHI-25MAY05-B58.5",
            "count": 65,
            "created_time": "2025-05-05T15:48:23.434897Z",
            "yes_price": 27,
            "no_price": 73,
            "taker_side": "yes"
        },
        {
            "trade_id": "b48e1730-5c37-4e6f-be6f-ca5c164a9d83",
            "ticker": "KXHIGHCHI-25MAY05-B58.5",
            "count": 6,
            "created_time": "2025-05-05T15:44:23.583387Z",
            "yes_price": 25,
            "no_price": 75,
            "taker_side": "yes"
        },
        {
            "trade_id": "1a5296f5-bf5c-4aa7-a428-d62b37a53fbc",
            "ticker": "KXHIGHCHI-25MAY05-B58.5",
            "count": 12,
            "created_time": "2025-05-05T15:44:23.583387Z",
            "yes_price": 25,
            "no_price": 75,
            "taker_side": "yes"
        },
        {
            "trade_id": "3b52d984-5f3e-489c-8516-b6480cf72d29",
            "ticker": "KXHIGHCHI-25MAY05-B58.5",
            "count": 50,
            "created_time": "2025-05-05T15:40:10.2582Z",
            "yes_price": 24,
            "no_price": 76,
            "taker_side": "yes"
        },
        {
            "trade_id": "585778c7-8b5e-4971-a024-0198d61bdd95",
            "ticker": "KXHIGHCHI-25MAY05-B58.5",
            "count": 98,
            "created_time": "2025-05-05T15:38:49.886748Z",
            "yes_price": 25,
            "no_price": 75,
            "taker_side": "yes"
        },
        {
            "trade_id": "e721c6d4-51b3-405c-9718-9981f3e655d9",
            "ticker": "KXHIGHCHI-25MAY05-B58.5",
            "count": 50,
            "created_time": "2025-05-05T15:38:18.800416Z",
            "yes_price": 23,
            "no_price": 77,
            "taker_side": "yes"
        },
        {
            "trade_id": "e3787a54-5115-4d41-a2e1-61113593755d",
            "ticker": "KXHIGHCHI-25MAY05-B58.5",
            "count": 5,
            "created_time": "2025-05-05T15:38:18.800416Z",
            "yes_price": 24,
            "no_price": 76,
            "taker_side": "yes"
        },
        {
            "trade_id": "a3c70712-bf42-499d-89d6-1015eb0b3b61",
            "ticker": "KXHIGHCHI-25MAY05-B58.5",
            "count": 92,
            "created_time": "2025-05-05T15:38:18.800416Z",
            "yes_price": 24,
            "no_price": 76,
            "taker_side": "yes"
        },
        {
            "trade_id": "a4140582-d8a9-40c5-9d2a-0f76bd55502b",
            "ticker": "KXHIGHCHI-25MAY05-B58.5",
            "count": 10,
            "created_time": "2025-05-05T15:37:01.187409Z",
            "yes_price": 22,
            "no_price": 78,
            "taker_side": "yes"
        },
        {
            "trade_id": "6a4304f3-fcac-4dae-a128-d33b4e2903a4",
            "ticker": "KXHIGHCHI-25MAY05-B58.5",
            "count": 200,
            "created_time": "2025-05-05T15:37:01.187409Z",
            "yes_price": 21,
            "no_price": 79,
            "taker_side": "yes"
        },
        {
            "trade_id": "48f68b41-6dbb-460c-8ab3-1c5f0991dbe2",
            "ticker": "KXHIGHCHI-25MAY05-B58.5",
            "count": 1,
            "created_time": "2025-05-05T15:37:01.187409Z",
            "yes_price": 22,
            "no_price": 78,
            "taker_side": "yes"
        },
        {
            "trade_id": "3248ef57-51a7-41f2-bb25-1b072b092dc0",
            "ticker": "KXHIGHCHI-25MAY05-B58.5",
            "count": 200,
            "created_time": "2025-05-05T15:37:01.187409Z",
            "yes_price": 23,
            "no_price": 77,
            "taker_side": "yes"
        },
        {
            "trade_id": "f31bc14c-b07c-451d-8553-5314ddc5e62f",
            "ticker": "KXHIGHCHI-25MAY05-B58.5",
            "count": 2,
            "created_time": "2025-05-05T15:36:23.612421Z",
            "yes_price": 19,
            "no_price": 81,
            "taker_side": "no"
        },
        {
            "trade_id": "d84ed1e9-efac-479d-8304-cb6fc5bffa9b",
            "ticker": "KXHIGHCHI-25MAY05-B58.5",
            "count": 29,
            "created_time": "2025-05-05T15:33:23.536734Z",
            "yes_price": 19,
            "no_price": 81,
            "taker_side": "no"
        },
        {
            "trade_id": "45218453-1a37-46be-b8f3-48e8f72ee3e3",
            "ticker": "KXHIGHCHI-25MAY05-B58.5",
            "count": 85,
            "created_time": "2025-05-05T15:31:02.78478Z",
            "yes_price": 19,
            "no_price": 81,
            "taker_side": "yes"
        },
        {
            "trade_id": "3fdb24bc-ab38-4ccf-ac36-f8b20122287e",
            "ticker": "KXHIGHCHI-25MAY05-B58.5",
            "count": 25,
            "created_time": "2025-05-05T15:25:31.728772Z",
            "yes_price": 20,
            "no_price": 80,
            "taker_side": "yes"
        },
        {
            "trade_id": "ae1f5385-7cc1-48b6-b6fc-7745a84bf468",
            "ticker": "KXHIGHCHI-25MAY05-B58.5",
            "count": 2,
            "created_time": "2025-05-05T15:05:42.630104Z",
            "yes_price": 18,
            "no_price": 82,
            "taker_side": "no"
        },
        {
            "trade_id": "fcbb5b37-bf76-455d-ada1-61b9c72b75de",
            "ticker": "KXHIGHCHI-25MAY05-B58.5",
            "count": 1,
            "created_time": "2025-05-05T14:26:17.066717Z",
            "yes_price": 22,
            "no_price": 78,
            "taker_side": "yes"
        },
        {
            "trade_id": "69eadbaf-2ebe-45a1-99a1-7eb8f53aec57",
            "ticker": "KXHIGHCHI-25MAY05-B58.5",
            "count": 7,
            "created_time": "2025-05-05T14:26:17.066717Z",
            "yes_price": 23,
            "no_price": 77,
            "taker_side": "yes"
        },
        {
            "trade_id": "5b3961d0-9b1d-4019-8c75-3b55da803a56",
            "ticker": "KXHIGHCHI-25MAY05-B58.5",
            "count": 2,
            "created_time": "2025-05-05T14:26:17.066717Z",
            "yes_price": 23,
            "no_price": 77,
            "taker_side": "yes"
        },
        {
            "trade_id": "b8fa3392-d62f-43cb-a8ce-3dbd396f4412",
            "ticker": "KXHIGHCHI-25MAY05-B58.5",
            "count": 1,
            "created_time": "2025-05-05T14:14:44.543605Z",
            "yes_price": 19,
            "no_price": 81,
            "taker_side": "no"
        },
        {
            "trade_id": "fb8f4c43-3238-46d6-b145-26f5b90d7a59",
            "ticker": "KXHIGHCHI-25MAY05-B58.5",
            "count": 30,
            "created_time": "2025-05-05T14:08:06.11569Z",
            "yes_price": 20,
            "no_price": 80,
            "taker_side": "yes"
        },
        {
            "trade_id": "d5a8204e-dbc5-4b9d-a414-6b240dc0d2c1",
            "ticker": "KXHIGHCHI-25MAY05-B58.5",
            "count": 50,
            "created_time": "2025-05-05T14:08:06.11569Z",
            "yes_price": 22,
            "no_price": 78,
            "taker_side": "yes"
        },
        {
            "trade_id": "bf66820b-5949-4c45-8893-896a71bcd736",
            "ticker": "KXHIGHCHI-25MAY05-B58.5",
            "count": 4,
            "created_time": "2025-05-05T14:08:06.11569Z",
            "yes_price": 23,
            "no_price": 77,
            "taker_side": "yes"
        },
        {
            "trade_id": "8d5dafb6-a486-47cb-b229-133756779bec",
            "ticker": "KXHIGHCHI-25MAY05-B58.5",
            "count": 4,
            "created_time": "2025-05-05T14:08:06.11569Z",
            "yes_price": 23,
            "no_price": 77,
            "taker_side": "yes"
        },
        {
            "trade_id": "82750cb6-45f4-4af9-9f03-3e1728178376",
            "ticker": "KXHIGHCHI-25MAY05-B58.5",
            "count": 9,
            "created_time": "2025-05-05T14:08:06.11569Z",
            "yes_price": 20,
            "no_price": 80,
            "taker_side": "yes"
        },
        {
            "trade_id": "3d36000c-8f52-49ae-b0a7-dfc479156807",
            "ticker": "KXHIGHCHI-25MAY05-B58.5",
            "count": 14,
            "created_time": "2025-05-05T14:08:06.11569Z",
            "yes_price": 21,
            "no_price": 79,
            "taker_side": "yes"
        },
        {
            "trade_id": "f51681e7-82c0-479c-a234-c00c3fc45373",
            "ticker": "KXHIGHCHI-25MAY05-B58.5",
            "count": 2,
            "created_time": "2025-05-05T13:18:26.439195Z",
            "yes_price": 17,
            "no_price": 83,
            "taker_side": "no"
        },
        {
            "trade_id": "c20f4d71-f38d-4948-ac26-1b51a1d35e9b",
            "ticker": "KXHIGHCHI-25MAY05-B58.5",
            "count": 33,
            "created_time": "2025-05-05T13:18:26.439195Z",
            "yes_price": 17,
            "no_price": 83,
            "taker_side": "no"
        },
        {
            "trade_id": "afc32ee6-0c7b-45d2-ae11-6993e77aae6a",
            "ticker": "KXHIGHCHI-25MAY05-B58.5",
            "count": 19,
            "created_time": "2025-05-05T13:11:46.453339Z",
            "yes_price": 17,
            "no_price": 83,
            "taker_side": "no"
        },
        {
            "trade_id": "25f2200e-e546-448c-88b2-036fa5d82b79",
            "ticker": "KXHIGHCHI-25MAY05-B58.5",
            "count": 1,
            "created_time": "2025-05-05T13:11:46.453339Z",
            "yes_price": 17,
            "no_price": 83,
            "taker_side": "no"
        },
        {
            "trade_id": "7ae355d4-a52a-4ca4-9af0-c90f4cce8e9d",
            "ticker": "KXHIGHCHI-25MAY05-B58.5",
            "count": 9,
            "created_time": "2025-05-05T13:11:32.210646Z",
            "yes_price": 18,
            "no_price": 82,
            "taker_side": "no"
        },
        {
            "trade_id": "13124a2f-30f0-410e-95ce-39972d2ef4ef",
            "ticker": "KXHIGHCHI-25MAY05-B58.5",
            "count": 17,
            "created_time": "2025-05-05T13:11:32.210646Z",
            "yes_price": 18,
            "no_price": 82,
            "taker_side": "no"
        },
        {
            "trade_id": "489abd52-cf53-44a1-a7db-e7c452b69e45",
            "ticker": "KXHIGHCHI-25MAY05-B58.5",
            "count": 70,
            "created_time": "2025-05-05T13:11:10.429321Z",
            "yes_price": 18,
            "no_price": 82,
            "taker_side": "no"
        },
        {
            "trade_id": "900e901e-1f4a-4bfd-ba91-c7bda0a5d958",
            "ticker": "KXHIGHCHI-25MAY05-B58.5",
            "count": 18,
            "created_time": "2025-05-05T12:31:41.86107Z",
            "yes_price": 19,
            "no_price": 81,
            "taker_side": "no"
        },
        {
            "trade_id": "f51e7988-84ab-4304-88b6-6c465001c290",
            "ticker": "KXHIGHCHI-25MAY05-B58.5",
            "count": 5,
            "created_time": "2025-05-05T12:22:49.991041Z",
            "yes_price": 24,
            "no_price": 76,
            "taker_side": "yes"
        },
        {
            "trade_id": "e3044e30-135f-4c57-8550-c1d9e181c0bb",
            "ticker": "KXHIGHCHI-25MAY05-B58.5",
            "count": 14,
            "created_time": "2025-05-05T12:22:49.991041Z",
            "yes_price": 24,
            "no_price": 76,
            "taker_side": "yes"
        },
        {
            "trade_id": "c6af75a6-2392-4df1-891c-5a970541c469",
            "ticker": "KXHIGHCHI-25MAY05-B58.5",
            "count": 50,
            "created_time": "2025-05-05T12:21:01.125145Z",
            "yes_price": 23,
            "no_price": 77,
            "taker_side": "yes"
        },
        {
            "trade_id": "9f53cc61-c5cc-4533-9ada-55aa789a2653",
            "ticker": "KXHIGHCHI-25MAY05-B58.5",
            "count": 20,
            "created_time": "2025-05-05T12:21:01.125145Z",
            "yes_price": 22,
            "no_price": 78,
            "taker_side": "yes"
        },
        {
            "trade_id": "eabbf56c-0bf5-4c2f-8084-1f134f2d2b5f",
            "ticker": "KXHIGHCHI-25MAY05-B58.5",
            "count": 7,
            "created_time": "2025-05-05T12:08:22.461198Z",
            "yes_price": 24,
            "no_price": 76,
            "taker_side": "yes"
        },
        {
            "trade_id": "dade4616-da61-4d1b-8341-5854ebc8f9c1",
            "ticker": "KXHIGHCHI-25MAY05-B58.5",
            "count": 18,
            "created_time": "2025-05-05T12:08:22.461198Z",
            "yes_price": 24,
            "no_price": 76,
            "taker_side": "yes"
        },
        {
            "trade_id": "a477173d-ed66-4eca-a6ed-0e07b3f7ac84",
            "ticker": "KXHIGHCHI-25MAY05-B58.5",
            "count": 11,
            "created_time": "2025-05-05T12:04:17.607799Z",
            "yes_price": 24,
            "no_price": 76,
            "taker_side": "yes"
        },
        {
            "trade_id": "9b297ee6-033f-4075-ba07-d2e69f578dda",
            "ticker": "KXHIGHCHI-25MAY05-B58.5",
            "count": 69,
            "created_time": "2025-05-05T12:00:42.314455Z",
            "yes_price": 25,
            "no_price": 75,
            "taker_side": "yes"
        },
        {
            "trade_id": "86d2c8d0-cef6-42fc-a5a2-5dddac2cea5c",
            "ticker": "KXHIGHCHI-25MAY05-B58.5",
            "count": 7,
            "created_time": "2025-05-05T12:00:42.314455Z",
            "yes_price": 23,
            "no_price": 77,
            "taker_side": "yes"
        },
        {
            "trade_id": "79413f2e-ca8b-4a21-aba3-cf7f9be53800",
            "ticker": "KXHIGHCHI-25MAY05-B58.5",
            "count": 7,
            "created_time": "2025-05-05T06:59:00.792515Z",
            "yes_price": 22,
            "no_price": 78,
            "taker_side": "yes"
        },
        {
            "trade_id": "2a74a28a-74e9-46cf-b91b-5dffe638933f",
            "ticker": "KXHIGHCHI-25MAY05-B58.5",
            "count": 70,
            "created_time": "2025-05-05T06:59:00.792515Z",
            "yes_price": 22,
            "no_price": 78,
            "taker_side": "yes"
        },
        {
            "trade_id": "45a55117-ea73-4917-85c2-063df3118416",
            "ticker": "KXHIGHCHI-25MAY05-B58.5",
            "count": 43,
            "created_time": "2025-05-05T06:52:03.975802Z",
            "yes_price": 22,
            "no_price": 78,
            "taker_side": "yes"
        },
        {
            "trade_id": "18ceae35-49d6-4ca5-9a81-bb9377903759",
            "ticker": "KXHIGHCHI-25MAY05-B58.5",
            "count": 85,
            "created_time": "2025-05-05T05:53:11.02398Z",
            "yes_price": 21,
            "no_price": 79,
            "taker_side": "yes"
        },
        {
            "trade_id": "728ffb63-2f9a-4a7b-a379-d7bd46eeac37",
            "ticker": "KXHIGHCHI-25MAY05-B58.5",
            "count": 93,
            "created_time": "2025-05-05T05:51:40.368395Z",
            "yes_price": 19,
            "no_price": 81,
            "taker_side": "yes"
        },
        {
            "trade_id": "1ebefe5d-80ea-48d5-8f74-6aaf2f614b61",
            "ticker": "KXHIGHCHI-25MAY05-B58.5",
            "count": 5,
            "created_time": "2025-05-05T05:51:40.368395Z",
            "yes_price": 18,
            "no_price": 82,
            "taker_side": "yes"
        },
        {
            "trade_id": "08ef4699-6308-4243-82db-b8c7758b8193",
            "ticker": "KXHIGHCHI-25MAY05-B58.5",
            "count": 240,
            "created_time": "2025-05-05T05:51:40.368395Z",
            "yes_price": 21,
            "no_price": 79,
            "taker_side": "yes"
        },
        {
            "trade_id": "7361317f-ab6c-4177-a5d1-3e3542a8d0e3",
            "ticker": "KXHIGHCHI-25MAY05-B58.5",
            "count": 11,
            "created_time": "2025-05-05T05:19:29.208759Z",
            "yes_price": 17,
            "no_price": 83,
            "taker_side": "no"
        },
        {
            "trade_id": "857e4319-fb57-43db-92a5-9cb043812c4a",
            "ticker": "KXHIGHCHI-25MAY05-B58.5",
            "count": 2,
            "created_time": "2025-05-05T04:26:16.227891Z",
            "yes_price": 19,
            "no_price": 81,
            "taker_side": "yes"
        },
        {
            "trade_id": "cef4994e-911d-44ec-9793-6bde3444efb4",
            "ticker": "KXHIGHCHI-25MAY05-B58.5",
            "count": 129,
            "created_time": "2025-05-05T02:43:17.366828Z",
            "yes_price": 10,
            "no_price": 90,
            "taker_side": "no"
        },
        {
            "trade_id": "7c60639b-2a26-46cc-9501-664dddd94ec5",
            "ticker": "KXHIGHCHI-25MAY05-B58.5",
            "count": 101,
            "created_time": "2025-05-05T02:43:17.366828Z",
            "yes_price": 14,
            "no_price": 86,
            "taker_side": "no"
        },
        {
            "trade_id": "58212d0c-38c8-4b46-b9d4-acf6cfc0c401",
            "ticker": "KXHIGHCHI-25MAY05-B58.5",
            "count": 7,
            "created_time": "2025-05-05T02:43:17.366828Z",
            "yes_price": 15,
            "no_price": 85,
            "taker_side": "no"
        },
        {
            "trade_id": "1e8de5e0-978f-4601-904d-8a5b957e4ae8",
            "ticker": "KXHIGHCHI-25MAY05-B58.5",
            "count": 240,
            "created_time": "2025-05-05T02:43:17.366828Z",
            "yes_price": 12,
            "no_price": 88,
            "taker_side": "no"
        },
        {
            "trade_id": "90277da2-d120-4bde-9fc0-fe7d8e41d227",
            "ticker": "KXHIGHCHI-25MAY05-B58.5",
            "count": 9,
            "created_time": "2025-05-05T02:41:50.026361Z",
            "yes_price": 20,
            "no_price": 80,
            "taker_side": "yes"
        },
        {
            "trade_id": "ce96c962-8561-49d1-90a9-c320df80cde5",
            "ticker": "KXHIGHCHI-25MAY05-B58.5",
            "count": 5,
            "created_time": "2025-05-05T02:13:11.769057Z",
            "yes_price": 18,
            "no_price": 82,
            "taker_side": "yes"
        },
        {
            "trade_id": "645f3b09-b5cc-4666-8b84-75585a9c1f34",
            "ticker": "KXHIGHCHI-25MAY05-B58.5",
            "count": 66,
            "created_time": "2025-05-05T02:13:11.769057Z",
            "yes_price": 19,
            "no_price": 81,
            "taker_side": "yes"
        },
        {
            "trade_id": "e3111545-f5a8-48b8-9b30-19447abddca9",
            "ticker": "KXHIGHCHI-25MAY05-B58.5",
            "count": 10,
            "created_time": "2025-05-05T02:10:16.15351Z",
            "yes_price": 13,
            "no_price": 87,
            "taker_side": "no"
        },
        {
            "trade_id": "a2265aaf-31e3-4fa8-9032-2ba8e5ff05ad",
            "ticker": "KXHIGHCHI-25MAY05-B58.5",
            "count": 9,
            "created_time": "2025-05-05T00:24:33.932924Z",
            "yes_price": 15,
            "no_price": 85,
            "taker_side": "no"
        },
        {
            "trade_id": "51672ffb-5661-4836-b345-8023d91f472a",
            "ticker": "KXHIGHCHI-25MAY05-B58.5",
            "count": 5,
            "created_time": "2025-05-05T00:24:33.932924Z",
            "yes_price": 16,
            "no_price": 84,
            "taker_side": "no"
        },
        {
            "trade_id": "b8234372-ee39-4bfb-87a0-7aca60cee543",
            "ticker": "KXHIGHCHI-25MAY05-B58.5",
            "count": 7,
            "created_time": "2025-05-04T22:36:38.441742Z",
            "yes_price": 20,
            "no_price": 80,
            "taker_side": "yes"
        },
        {
            "trade_id": "9b1e8ae5-d692-4dcf-9a29-313a2b652ba2",
            "ticker": "KXHIGHCHI-25MAY05-B58.5",
            "count": 8,
            "created_time": "2025-05-04T22:36:38.441742Z",
            "yes_price": 19,
            "no_price": 81,
            "taker_side": "yes"
        },
        {
            "trade_id": "0a4236dc-7156-4ff8-a351-af55dbb67425",
            "ticker": "KXHIGHCHI-25MAY05-B58.5",
            "count": 9,
            "created_time": "2025-05-04T22:36:38.441742Z",
            "yes_price": 20,
            "no_price": 80,
            "taker_side": "yes"
        },
        {
            "trade_id": "e2a52610-11d3-4ba3-ad3e-1feb3eef4ee3",
            "ticker": "KXHIGHCHI-25MAY05-B58.5",
            "count": 44,
            "created_time": "2025-05-04T21:18:49.410077Z",
            "yes_price": 16,
            "no_price": 84,
            "taker_side": "no"
        },
        {
            "trade_id": "c3c00fd1-88a0-4e9e-800c-34a3a29c3115",
            "ticker": "KXHIGHCHI-25MAY05-B58.5",
            "count": 7,
            "created_time": "2025-05-04T21:18:49.410077Z",
            "yes_price": 17,
            "no_price": 83,
            "taker_side": "no"
        },
        {
            "trade_id": "dd291e88-d7f0-41e5-a7ca-39a19d47921d",
            "ticker": "KXHIGHCHI-25MAY05-B58.5",
            "count": 11,
            "created_time": "2025-05-04T20:28:41.150933Z",
            "yes_price": 17,
            "no_price": 83,
            "taker_side": "yes"
        },
        {
            "trade_id": "6c49167f-be54-4d84-b8bc-deeb597e3709",
            "ticker": "KXHIGHCHI-25MAY05-B58.5",
            "count": 114,
            "created_time": "2025-05-04T20:28:41.150933Z",
            "yes_price": 18,
            "no_price": 82,
            "taker_side": "yes"
        },
        {
            "trade_id": "47d78515-56c7-46b2-91cd-67488149c583",
            "ticker": "KXHIGHCHI-25MAY05-B58.5",
            "count": 240,
            "created_time": "2025-05-04T20:28:41.150933Z",
            "yes_price": 22,
            "no_price": 78,
            "taker_side": "yes"
        },
        {
            "trade_id": "215bf10f-fac1-4bfb-937e-0907b4afe5af",
            "ticker": "KXHIGHCHI-25MAY05-B58.5",
            "count": 240,
            "created_time": "2025-05-04T20:28:41.150933Z",
            "yes_price": 20,
            "no_price": 80,
            "taker_side": "yes"
        }
    ],
    "KXHIGHCHI-25MAY05-B60.5": [
        {
            "trade_id": "5ec8647f-84ce-4ce7-a1ec-8b90fc6a097d",
            "ticker": "KXHIGHCHI-25MAY05-B60.5",
            "count": 11,
            "created_time": "2025-05-06T04:42:53.509473Z",
            "yes_price": 1,
            "no_price": 99,
            "taker_side": "yes"
        },
        {
            "trade_id": "0bb34678-18ba-46d6-a1f9-3c9fc3d7b6cc",
            "ticker": "KXHIGHCHI-25MAY05-B60.5",
            "count": 187,
            "created_time": "2025-05-06T03:53:23.387434Z",
            "yes_price": 1,
            "no_price": 99,
            "taker_side": "yes"
        },
        {
            "trade_id": "12b8ce51-402e-4033-a037-01e273749270",
            "ticker": "KXHIGHCHI-25MAY05-B60.5",
            "count": 50,
            "created_time": "2025-05-06T00:54:27.71778Z",
            "yes_price": 1,
            "no_price": 99,
            "taker_side": "yes"
        },
        {
            "trade_id": "052ba233-4ddd-4db5-b396-fc0e40a141e7",
            "ticker": "KXHIGHCHI-25MAY05-B60.5",
            "count": 25,
            "created_time": "2025-05-06T00:53:46.760245Z",
            "yes_price": 1,
            "no_price": 99,
            "taker_side": "yes"
        },
        {
            "trade_id": "56df0d39-d3ef-473d-ad0f-b9812c094839",
            "ticker": "KXHIGHCHI-25MAY05-B60.5",
            "count": 467,
            "created_time": "2025-05-05T20:01:22.215083Z",
            "yes_price": 1,
            "no_price": 99,
            "taker_side": "yes"
        },
        {
            "trade_id": "33d01c18-7f41-4e9e-8821-c14a9ba5bad1",
            "ticker": "KXHIGHCHI-25MAY05-B60.5",
            "count": 467,
            "created_time": "2025-05-05T19:12:42.647523Z",
            "yes_price": 1,
            "no_price": 99,
            "taker_side": "yes"
        },
        {
            "trade_id": "ce600f12-d671-411b-b7b1-f933c20c143b",
            "ticker": "KXHIGHCHI-25MAY05-B60.5",
            "count": 5,
            "created_time": "2025-05-05T19:11:11.534165Z",
            "yes_price": 1,
            "no_price": 99,
            "taker_side": "yes"
        },
        {
            "trade_id": "fdb0f14e-49d5-4804-9edb-ff757bebc0b2",
            "ticker": "KXHIGHCHI-25MAY05-B60.5",
            "count": 1500,
            "created_time": "2025-05-05T19:11:11.533614Z",
            "yes_price": 1,
            "no_price": 99,
            "taker_side": "yes"
        },
        {
            "trade_id": "fd8d8894-3904-411a-9c28-f90fae565605",
            "ticker": "KXHIGHCHI-25MAY05-B60.5",
            "count": 100,
            "created_time": "2025-05-05T19:11:11.3076Z",
            "yes_price": 3,
            "no_price": 97,
            "taker_side": "no"
        },
        {
            "trade_id": "efb42c4a-3d40-4eb5-826a-5d4a558a0a7e",
            "ticker": "KXHIGHCHI-25MAY05-B60.5",
            "count": 1000,
            "created_time": "2025-05-05T19:11:11.3076Z",
            "yes_price": 1,
            "no_price": 99,
            "taker_side": "no"
        },
        {
            "trade_id": "ea5c7596-4ab9-4e90-a04d-d3f9b9b13895",
            "ticker": "KXHIGHCHI-25MAY05-B60.5",
            "count": 84,
            "created_time": "2025-05-05T19:11:11.3076Z",
            "yes_price": 1,
            "no_price": 99,
            "taker_side": "no"
        },
        {
            "trade_id": "cc4fd475-8f75-4a3b-a7d2-5b7eb093ac3f",
            "ticker": "KXHIGHCHI-25MAY05-B60.5",
            "count": 1000,
            "created_time": "2025-05-05T19:11:11.3076Z",
            "yes_price": 1,
            "no_price": 99,
            "taker_side": "no"
        },
        {
            "trade_id": "c52ceee7-ec19-401f-88da-402440357e7c",
            "ticker": "KXHIGHCHI-25MAY05-B60.5",
            "count": 1000,
            "created_time": "2025-05-05T19:11:11.3076Z",
            "yes_price": 2,
            "no_price": 98,
            "taker_side": "no"
        },
        {
            "trade_id": "b9004081-d141-43c8-a7ef-2e8ab2865962",
            "ticker": "KXHIGHCHI-25MAY05-B60.5",
            "count": 50,
            "created_time": "2025-05-05T19:11:11.3076Z",
            "yes_price": 8,
            "no_price": 92,
            "taker_side": "no"
        },
        {
            "trade_id": "ad503bad-266d-4824-b255-4984414dbba4",
            "ticker": "KXHIGHCHI-25MAY05-B60.5",
            "count": 200,
            "created_time": "2025-05-05T19:11:11.3076Z",
            "yes_price": 9,
            "no_price": 91,
            "taker_side": "no"
        },
        {
            "trade_id": "9bfcca1f-ce35-4d4f-8e25-aefaeaa7cb47",
            "ticker": "KXHIGHCHI-25MAY05-B60.5",
            "count": 1000,
            "created_time": "2025-05-05T19:11:11.3076Z",
            "yes_price": 2,
            "no_price": 98,
            "taker_side": "no"
        },
        {
            "trade_id": "9017bbb6-2ca9-4608-bd38-feec6111ec1e",
            "ticker": "KXHIGHCHI-25MAY05-B60.5",
            "count": 50,
            "created_time": "2025-05-05T19:11:11.3076Z",
            "yes_price": 8,
            "no_price": 92,
            "taker_side": "no"
        },
        {
            "trade_id": "810fe978-a919-4b05-9919-b1a533a695e8",
            "ticker": "KXHIGHCHI-25MAY05-B60.5",
            "count": 16,
            "created_time": "2025-05-05T19:11:11.3076Z",
            "yes_price": 3,
            "no_price": 97,
            "taker_side": "no"
        },
        {
            "trade_id": "754d79e5-de07-4be4-a296-ac615ecf77aa",
            "ticker": "KXHIGHCHI-25MAY05-B60.5",
            "count": 19,
            "created_time": "2025-05-05T19:11:11.3076Z",
            "yes_price": 2,
            "no_price": 98,
            "taker_side": "no"
        },
        {
            "trade_id": "5e9396f7-2464-4a9e-a064-1199b093c90c",
            "ticker": "KXHIGHCHI-25MAY05-B60.5",
            "count": 27,
            "created_time": "2025-05-05T19:11:11.3076Z",
            "yes_price": 2,
            "no_price": 98,
            "taker_side": "no"
        },
        {
            "trade_id": "4edba782-b06d-49f5-9d7e-389064db000a",
            "ticker": "KXHIGHCHI-25MAY05-B60.5",
            "count": 25,
            "created_time": "2025-05-05T19:11:11.3076Z",
            "yes_price": 2,
            "no_price": 98,
            "taker_side": "no"
        },
        {
            "trade_id": "2fd8cf3b-5171-4001-b910-72e9233ba3b6",
            "ticker": "KXHIGHCHI-25MAY05-B60.5",
            "count": 149,
            "created_time": "2025-05-05T19:11:11.3076Z",
            "yes_price": 7,
            "no_price": 93,
            "taker_side": "no"
        },
        {
            "trade_id": "182b7758-0b4a-4066-b643-49aa8d582657",
            "ticker": "KXHIGHCHI-25MAY05-B60.5",
            "count": 21,
            "created_time": "2025-05-05T19:11:11.3076Z",
            "yes_price": 2,
            "no_price": 98,
            "taker_side": "no"
        },
        {
            "trade_id": "133a40bd-f661-487f-a920-1ec8b72a256b",
            "ticker": "KXHIGHCHI-25MAY05-B60.5",
            "count": 99,
            "created_time": "2025-05-05T19:11:11.3076Z",
            "yes_price": 5,
            "no_price": 95,
            "taker_side": "no"
        },
        {
            "trade_id": "0db6048f-8721-48b3-b510-373ad606cdf3",
            "ticker": "KXHIGHCHI-25MAY05-B60.5",
            "count": 26,
            "created_time": "2025-05-05T19:11:11.3076Z",
            "yes_price": 1,
            "no_price": 99,
            "taker_side": "no"
        },
        {
            "trade_id": "04d96922-9ac9-4105-8b3a-ee6acb3e8fd7",
            "ticker": "KXHIGHCHI-25MAY05-B60.5",
            "count": 6,
            "created_time": "2025-05-05T19:11:11.3076Z",
            "yes_price": 12,
            "no_price": 88,
            "taker_side": "no"
        },
        {
            "trade_id": "01f99d65-4160-460c-8205-0167e7905b74",
            "ticker": "KXHIGHCHI-25MAY05-B60.5",
            "count": 200,
            "created_time": "2025-05-05T19:11:11.3076Z",
            "yes_price": 1,
            "no_price": 99,
            "taker_side": "no"
        },
        {
            "trade_id": "0ed333bb-bccc-4ce6-866d-50888f41850a",
            "ticker": "KXHIGHCHI-25MAY05-B60.5",
            "count": 33,
            "created_time": "2025-05-05T19:11:06.585882Z",
            "yes_price": 23,
            "no_price": 77,
            "taker_side": "no"
        },
        {
            "trade_id": "e057acb7-0171-4a69-82a6-4962e7942b57",
            "ticker": "KXHIGHCHI-25MAY05-B60.5",
            "count": 4,
            "created_time": "2025-05-05T19:10:16.268185Z",
            "yes_price": 25,
            "no_price": 75,
            "taker_side": "yes"
        },
        {
            "trade_id": "8aa72d59-1636-4db6-a613-8ec5e2fd172c",
            "ticker": "KXHIGHCHI-25MAY05-B60.5",
            "count": 4,
            "created_time": "2025-05-05T19:10:15.756529Z",
            "yes_price": 25,
            "no_price": 75,
            "taker_side": "yes"
        },
        {
            "trade_id": "0d07c655-e918-454f-94e2-dd2ee2ca9f2e",
            "ticker": "KXHIGHCHI-25MAY05-B60.5",
            "count": 4,
            "created_time": "2025-05-05T19:10:15.273663Z",
            "yes_price": 25,
            "no_price": 75,
            "taker_side": "yes"
        },
        {
            "trade_id": "371309d6-9430-44db-9d21-d2151f32dd40",
            "ticker": "KXHIGHCHI-25MAY05-B60.5",
            "count": 4,
            "created_time": "2025-05-05T19:10:14.72888Z",
            "yes_price": 25,
            "no_price": 75,
            "taker_side": "yes"
        },
        {
            "trade_id": "70d38cbd-45c7-4348-be2c-e82b0b638fb3",
            "ticker": "KXHIGHCHI-25MAY05-B60.5",
            "count": 4,
            "created_time": "2025-05-05T19:10:14.245487Z",
            "yes_price": 25,
            "no_price": 75,
            "taker_side": "yes"
        },
        {
            "trade_id": "c5329970-7904-4330-9f04-a678f98c9e72",
            "ticker": "KXHIGHCHI-25MAY05-B60.5",
            "count": 4,
            "created_time": "2025-05-05T19:10:13.688408Z",
            "yes_price": 25,
            "no_price": 75,
            "taker_side": "yes"
        },
        {
            "trade_id": "00abc667-775a-4d42-8eba-c99a02b2647e",
            "ticker": "KXHIGHCHI-25MAY05-B60.5",
            "count": 4,
            "created_time": "2025-05-05T19:10:13.172737Z",
            "yes_price": 25,
            "no_price": 75,
            "taker_side": "yes"
        },
        {
            "trade_id": "5deeaf05-c0f8-4c71-adf3-646d53ca0642",
            "ticker": "KXHIGHCHI-25MAY05-B60.5",
            "count": 4,
            "created_time": "2025-05-05T19:10:12.662706Z",
            "yes_price": 25,
            "no_price": 75,
            "taker_side": "yes"
        },
        {
            "trade_id": "ef191902-e82c-4614-9ace-c7aa4c8ce13f",
            "ticker": "KXHIGHCHI-25MAY05-B60.5",
            "count": 4,
            "created_time": "2025-05-05T19:10:12.270298Z",
            "yes_price": 25,
            "no_price": 75,
            "taker_side": "yes"
        },
        {
            "trade_id": "01317c06-a378-490b-bb18-5aa1eefb8648",
            "ticker": "KXHIGHCHI-25MAY05-B60.5",
            "count": 4,
            "created_time": "2025-05-05T19:10:11.621741Z",
            "yes_price": 25,
            "no_price": 75,
            "taker_side": "yes"
        },
        {
            "trade_id": "aee8b63f-da38-42bf-89ef-244df4f92ad5",
            "ticker": "KXHIGHCHI-25MAY05-B60.5",
            "count": 4,
            "created_time": "2025-05-05T19:10:11.131175Z",
            "yes_price": 25,
            "no_price": 75,
            "taker_side": "yes"
        },
        {
            "trade_id": "254492d5-752f-4608-9206-8653579daf7d",
            "ticker": "KXHIGHCHI-25MAY05-B60.5",
            "count": 4,
            "created_time": "2025-05-05T19:10:10.583803Z",
            "yes_price": 25,
            "no_price": 75,
            "taker_side": "yes"
        },
        {
            "trade_id": "d524fcc4-5a62-4e14-8cfd-8182fdf4bdc7",
            "ticker": "KXHIGHCHI-25MAY05-B60.5",
            "count": 4,
            "created_time": "2025-05-05T19:10:10.076228Z",
            "yes_price": 25,
            "no_price": 75,
            "taker_side": "yes"
        },
        {
            "trade_id": "fca45ffe-14ae-43e0-978f-910ab7f716db",
            "ticker": "KXHIGHCHI-25MAY05-B60.5",
            "count": 4,
            "created_time": "2025-05-05T19:10:09.557482Z",
            "yes_price": 25,
            "no_price": 75,
            "taker_side": "yes"
        },
        {
            "trade_id": "64490583-ea3f-4bfb-b271-b6380bb081cc",
            "ticker": "KXHIGHCHI-25MAY05-B60.5",
            "count": 4,
            "created_time": "2025-05-05T19:10:09.051014Z",
            "yes_price": 25,
            "no_price": 75,
            "taker_side": "yes"
        },
        {
            "trade_id": "b719d708-8a1b-49ef-b9fe-445cf4a9b65f",
            "ticker": "KXHIGHCHI-25MAY05-B60.5",
            "count": 4,
            "created_time": "2025-05-05T19:10:08.515065Z",
            "yes_price": 25,
            "no_price": 75,
            "taker_side": "yes"
        },
        {
            "trade_id": "5bc84777-9d88-4b87-bfea-0fafe713aff0",
            "ticker": "KXHIGHCHI-25MAY05-B60.5",
            "count": 4,
            "created_time": "2025-05-05T19:10:08.025537Z",
            "yes_price": 25,
            "no_price": 75,
            "taker_side": "yes"
        },
        {
            "trade_id": "0bb6efd9-c3ed-48ae-8052-039ac481d414",
            "ticker": "KXHIGHCHI-25MAY05-B60.5",
            "count": 4,
            "created_time": "2025-05-05T19:10:07.481876Z",
            "yes_price": 25,
            "no_price": 75,
            "taker_side": "yes"
        },
        {
            "trade_id": "07c4bfe7-856d-4b6d-bd47-309fa95c1026",
            "ticker": "KXHIGHCHI-25MAY05-B60.5",
            "count": 4,
            "created_time": "2025-05-05T19:10:06.990433Z",
            "yes_price": 25,
            "no_price": 75,
            "taker_side": "yes"
        },
        {
            "trade_id": "f1a3e5c1-3f1b-4adb-8622-5388eae1d71c",
            "ticker": "KXHIGHCHI-25MAY05-B60.5",
            "count": 4,
            "created_time": "2025-05-05T19:10:06.694185Z",
            "yes_price": 25,
            "no_price": 75,
            "taker_side": "yes"
        },
        {
            "trade_id": "d4119c29-57f8-4e62-9cbe-b2ae752eaf9a",
            "ticker": "KXHIGHCHI-25MAY05-B60.5",
            "count": 4,
            "created_time": "2025-05-05T19:10:05.963383Z",
            "yes_price": 25,
            "no_price": 75,
            "taker_side": "yes"
        },
        {
            "trade_id": "a12a4bfc-0b48-4adc-be13-11683433f279",
            "ticker": "KXHIGHCHI-25MAY05-B60.5",
            "count": 4,
            "created_time": "2025-05-05T19:10:05.642003Z",
            "yes_price": 25,
            "no_price": 75,
            "taker_side": "yes"
        },
        {
            "trade_id": "441a2f01-68a5-4f8b-9ed4-f386f6c0fb04",
            "ticker": "KXHIGHCHI-25MAY05-B60.5",
            "count": 4,
            "created_time": "2025-05-05T19:10:05.11976Z",
            "yes_price": 25,
            "no_price": 75,
            "taker_side": "yes"
        },
        {
            "trade_id": "2a8b1acb-96d8-4d8e-80f9-99f4b1254762",
            "ticker": "KXHIGHCHI-25MAY05-B60.5",
            "count": 10,
            "created_time": "2025-05-05T19:10:04.7179Z",
            "yes_price": 25,
            "no_price": 75,
            "taker_side": "no"
        },
        {
            "trade_id": "fee0be65-e878-4b71-a1d5-789c763f9880",
            "ticker": "KXHIGHCHI-25MAY05-B60.5",
            "count": 11,
            "created_time": "2025-05-05T19:09:45.938243Z",
            "yes_price": 27,
            "no_price": 73,
            "taker_side": "no"
        },
        {
            "trade_id": "fc7ba45d-d4fa-446c-860f-73a682d0f0b3",
            "ticker": "KXHIGHCHI-25MAY05-B60.5",
            "count": 50,
            "created_time": "2025-05-05T19:09:45.938243Z",
            "yes_price": 25,
            "no_price": 75,
            "taker_side": "no"
        },
        {
            "trade_id": "9bd6f763-8e2e-434b-9a05-f6f53628d276",
            "ticker": "KXHIGHCHI-25MAY05-B60.5",
            "count": 149,
            "created_time": "2025-05-05T19:09:45.938243Z",
            "yes_price": 27,
            "no_price": 73,
            "taker_side": "no"
        },
        {
            "trade_id": "7233ba56-3024-4bf4-9e29-8b015a88a52a",
            "ticker": "KXHIGHCHI-25MAY05-B60.5",
            "count": 333,
            "created_time": "2025-05-05T19:09:45.938243Z",
            "yes_price": 25,
            "no_price": 75,
            "taker_side": "no"
        },
        {
            "trade_id": "398469fc-43dd-45c0-a67b-69310e894ee5",
            "ticker": "KXHIGHCHI-25MAY05-B60.5",
            "count": 200,
            "created_time": "2025-05-05T19:09:45.938243Z",
            "yes_price": 30,
            "no_price": 70,
            "taker_side": "no"
        },
        {
            "trade_id": "28167d20-4e15-4359-bc79-0525db21cb37",
            "ticker": "KXHIGHCHI-25MAY05-B60.5",
            "count": 4,
            "created_time": "2025-05-05T19:09:45.938243Z",
            "yes_price": 28,
            "no_price": 72,
            "taker_side": "no"
        },
        {
            "trade_id": "6e05369a-3f87-4dbb-8b10-b460146c563a",
            "ticker": "KXHIGHCHI-25MAY05-B60.5",
            "count": 1,
            "created_time": "2025-05-05T19:08:32.383331Z",
            "yes_price": 33,
            "no_price": 67,
            "taker_side": "yes"
        },
        {
            "trade_id": "8a18656d-5802-4f6d-a725-a8ac62be4c70",
            "ticker": "KXHIGHCHI-25MAY05-B60.5",
            "count": 4,
            "created_time": "2025-05-05T19:08:31.878314Z",
            "yes_price": 33,
            "no_price": 67,
            "taker_side": "yes"
        },
        {
            "trade_id": "6019dc57-e0a6-4c22-b148-ae5845cbefcc",
            "ticker": "KXHIGHCHI-25MAY05-B60.5",
            "count": 4,
            "created_time": "2025-05-05T19:08:31.329175Z",
            "yes_price": 33,
            "no_price": 67,
            "taker_side": "yes"
        },
        {
            "trade_id": "678a519d-70e2-40d6-b384-bbbe02779101",
            "ticker": "KXHIGHCHI-25MAY05-B60.5",
            "count": 4,
            "created_time": "2025-05-05T19:08:30.809952Z",
            "yes_price": 33,
            "no_price": 67,
            "taker_side": "yes"
        },
        {
            "trade_id": "ab1151a5-f6bd-416b-a1ff-902025111222",
            "ticker": "KXHIGHCHI-25MAY05-B60.5",
            "count": 4,
            "created_time": "2025-05-05T19:08:30.299774Z",
            "yes_price": 33,
            "no_price": 67,
            "taker_side": "yes"
        },
        {
            "trade_id": "dcbc6ec7-68a0-4585-ace8-b8805330208d",
            "ticker": "KXHIGHCHI-25MAY05-B60.5",
            "count": 4,
            "created_time": "2025-05-05T19:08:29.912325Z",
            "yes_price": 33,
            "no_price": 67,
            "taker_side": "yes"
        },
        {
            "trade_id": "047c1c7c-c6aa-416d-aaff-bcdbc8b5fcbc",
            "ticker": "KXHIGHCHI-25MAY05-B60.5",
            "count": 4,
            "created_time": "2025-05-05T19:08:29.274351Z",
            "yes_price": 33,
            "no_price": 67,
            "taker_side": "yes"
        },
        {
            "trade_id": "e9dcb006-7836-460b-9574-0e4b40cce06e",
            "ticker": "KXHIGHCHI-25MAY05-B60.5",
            "count": 4,
            "created_time": "2025-05-05T19:08:28.758955Z",
            "yes_price": 33,
            "no_price": 67,
            "taker_side": "yes"
        },
        {
            "trade_id": "26efb758-0ac5-4056-83a9-f6dad46309c5",
            "ticker": "KXHIGHCHI-25MAY05-B60.5",
            "count": 4,
            "created_time": "2025-05-05T19:08:28.241748Z",
            "yes_price": 33,
            "no_price": 67,
            "taker_side": "yes"
        },
        {
            "trade_id": "f7097417-2cb7-4ff1-8d3d-9ab4f8a765e3",
            "ticker": "KXHIGHCHI-25MAY05-B60.5",
            "count": 4,
            "created_time": "2025-05-05T19:08:27.760413Z",
            "yes_price": 33,
            "no_price": 67,
            "taker_side": "yes"
        },
        {
            "trade_id": "fd41204c-7453-48e7-9ebf-407b01fa2c4f",
            "ticker": "KXHIGHCHI-25MAY05-B60.5",
            "count": 4,
            "created_time": "2025-05-05T19:08:27.244993Z",
            "yes_price": 33,
            "no_price": 67,
            "taker_side": "yes"
        },
        {
            "trade_id": "398eab55-8b69-4ef1-bade-e37bea2a7908",
            "ticker": "KXHIGHCHI-25MAY05-B60.5",
            "count": 4,
            "created_time": "2025-05-05T19:08:26.702359Z",
            "yes_price": 33,
            "no_price": 67,
            "taker_side": "yes"
        },
        {
            "trade_id": "e36ddec0-d2a1-482b-b86d-e793a445cef3",
            "ticker": "KXHIGHCHI-25MAY05-B60.5",
            "count": 4,
            "created_time": "2025-05-05T19:08:26.390752Z",
            "yes_price": 33,
            "no_price": 67,
            "taker_side": "yes"
        },
        {
            "trade_id": "0d0bebcb-b375-413d-b7bc-3b86aa16a0eb",
            "ticker": "KXHIGHCHI-25MAY05-B60.5",
            "count": 4,
            "created_time": "2025-05-05T19:08:26.011826Z",
            "yes_price": 33,
            "no_price": 67,
            "taker_side": "yes"
        },
        {
            "trade_id": "9d9e6df0-cc8f-4cc4-9bb9-7d89ec4e345e",
            "ticker": "KXHIGHCHI-25MAY05-B60.5",
            "count": 40,
            "created_time": "2025-05-05T19:08:08.78707Z",
            "yes_price": 33,
            "no_price": 67,
            "taker_side": "yes"
        },
        {
            "trade_id": "26e6fa7d-c11f-4923-b6ed-10568d034529",
            "ticker": "KXHIGHCHI-25MAY05-B60.5",
            "count": 250,
            "created_time": "2025-05-05T19:08:08.518274Z",
            "yes_price": 33,
            "no_price": 67,
            "taker_side": "yes"
        },
        {
            "trade_id": "a5dafedf-c77a-4c65-8e34-708a4217b941",
            "ticker": "KXHIGHCHI-25MAY05-B60.5",
            "count": 350,
            "created_time": "2025-05-05T19:06:46.976925Z",
            "yes_price": 29,
            "no_price": 71,
            "taker_side": "yes"
        },
        {
            "trade_id": "314d9e3c-9b96-422b-b26c-9049b722cb0e",
            "ticker": "KXHIGHCHI-25MAY05-B60.5",
            "count": 100,
            "created_time": "2025-05-05T19:06:40.650705Z",
            "yes_price": 29,
            "no_price": 71,
            "taker_side": "yes"
        },
        {
            "trade_id": "e7107dfe-7097-46d9-8ebf-fbb10ae9dc19",
            "ticker": "KXHIGHCHI-25MAY05-B60.5",
            "count": 15,
            "created_time": "2025-05-05T19:06:11.392574Z",
            "yes_price": 29,
            "no_price": 71,
            "taker_side": "yes"
        },
        {
            "trade_id": "6762a6af-01b1-4275-bbf6-abd3b08cdbda",
            "ticker": "KXHIGHCHI-25MAY05-B60.5",
            "count": 50,
            "created_time": "2025-05-05T19:06:10.995563Z",
            "yes_price": 29,
            "no_price": 71,
            "taker_side": "yes"
        },
        {
            "trade_id": "6bf5a1fb-b7ca-46b0-ba65-32c695da0e87",
            "ticker": "KXHIGHCHI-25MAY05-B60.5",
            "count": 10,
            "created_time": "2025-05-05T19:05:58.126722Z",
            "yes_price": 28,
            "no_price": 72,
            "taker_side": "yes"
        },
        {
            "trade_id": "e5b30ec5-f4be-45b8-a130-b62d01bd1a44",
            "ticker": "KXHIGHCHI-25MAY05-B60.5",
            "count": 15,
            "created_time": "2025-05-05T19:05:34.899568Z",
            "yes_price": 26,
            "no_price": 74,
            "taker_side": "no"
        },
        {
            "trade_id": "512a1f21-6885-47d9-a63d-5d84603c315f",
            "ticker": "KXHIGHCHI-25MAY05-B60.5",
            "count": 23,
            "created_time": "2025-05-05T19:05:34.899568Z",
            "yes_price": 24,
            "no_price": 76,
            "taker_side": "no"
        },
        {
            "trade_id": "9ceeff36-ec56-47c4-a7e3-e76977d94757",
            "ticker": "KXHIGHCHI-25MAY05-B60.5",
            "count": 83,
            "created_time": "2025-05-05T19:04:39.252994Z",
            "yes_price": 29,
            "no_price": 71,
            "taker_side": "yes"
        },
        {
            "trade_id": "ddd3a326-8786-48c3-bdca-b2aded7ab913",
            "ticker": "KXHIGHCHI-25MAY05-B60.5",
            "count": 10,
            "created_time": "2025-05-05T18:56:58.036862Z",
            "yes_price": 38,
            "no_price": 62,
            "taker_side": "yes"
        },
        {
            "trade_id": "5645509c-2e6c-4d24-9b9a-c51db63e1efd",
            "ticker": "KXHIGHCHI-25MAY05-B60.5",
            "count": 9,
            "created_time": "2025-05-05T18:53:46.146937Z",
            "yes_price": 39,
            "no_price": 61,
            "taker_side": "no"
        },
        {
            "trade_id": "337ecfe0-aab7-4579-b19c-2d924d0c0a2e",
            "ticker": "KXHIGHCHI-25MAY05-B60.5",
            "count": 2,
            "created_time": "2025-05-05T18:53:20.602499Z",
            "yes_price": 40,
            "no_price": 60,
            "taker_side": "yes"
        },
        {
            "trade_id": "115e6374-d7ca-4ec7-ae43-12788154f094",
            "ticker": "KXHIGHCHI-25MAY05-B60.5",
            "count": 9,
            "created_time": "2025-05-05T18:53:20.602499Z",
            "yes_price": 39,
            "no_price": 61,
            "taker_side": "yes"
        },
        {
            "trade_id": "bc8630d6-62c4-4289-bcb0-471a6edf0bd5",
            "ticker": "KXHIGHCHI-25MAY05-B60.5",
            "count": 1,
            "created_time": "2025-05-05T18:45:38.546227Z",
            "yes_price": 38,
            "no_price": 62,
            "taker_side": "yes"
        },
        {
            "trade_id": "915309c0-46e3-45e3-b9c6-6c94df2c42df",
            "ticker": "KXHIGHCHI-25MAY05-B60.5",
            "count": 1,
            "created_time": "2025-05-05T18:45:18.613659Z",
            "yes_price": 39,
            "no_price": 61,
            "taker_side": "yes"
        },
        {
            "trade_id": "54227be5-b1f4-4e8d-925e-da27b7dbe2f0",
            "ticker": "KXHIGHCHI-25MAY05-B60.5",
            "count": 1,
            "created_time": "2025-05-05T18:45:01.179369Z",
            "yes_price": 38,
            "no_price": 62,
            "taker_side": "yes"
        },
        {
            "trade_id": "b1f99194-ca21-487b-804a-5d3ce0635b15",
            "ticker": "KXHIGHCHI-25MAY05-B60.5",
            "count": 10,
            "created_time": "2025-05-05T18:37:58.33201Z",
            "yes_price": 44,
            "no_price": 56,
            "taker_side": "yes"
        },
        {
            "trade_id": "d1c11f74-7ac6-4809-a68b-0ca4f250cf47",
            "ticker": "KXHIGHCHI-25MAY05-B60.5",
            "count": 18,
            "created_time": "2025-05-05T18:32:28.13395Z",
            "yes_price": 52,
            "no_price": 48,
            "taker_side": "yes"
        },
        {
            "trade_id": "4381433e-8bd7-40fc-8302-babb0dbd6416",
            "ticker": "KXHIGHCHI-25MAY05-B60.5",
            "count": 15,
            "created_time": "2025-05-05T18:32:28.13395Z",
            "yes_price": 51,
            "no_price": 49,
            "taker_side": "yes"
        },
        {
            "trade_id": "244e351e-dc24-413f-a15b-6c985b2bbcfe",
            "ticker": "KXHIGHCHI-25MAY05-B60.5",
            "count": 5,
            "created_time": "2025-05-05T18:32:28.13395Z",
            "yes_price": 38,
            "no_price": 62,
            "taker_side": "yes"
        },
        {
            "trade_id": "5784bd1b-9718-4868-8d6f-7aea01b88a06",
            "ticker": "KXHIGHCHI-25MAY05-B60.5",
            "count": 25,
            "created_time": "2025-05-05T18:29:33.428702Z",
            "yes_price": 36,
            "no_price": 64,
            "taker_side": "yes"
        },
        {
            "trade_id": "e65b9166-abfd-45bd-a9c2-bb44147b9db5",
            "ticker": "KXHIGHCHI-25MAY05-B60.5",
            "count": 11,
            "created_time": "2025-05-05T18:22:07.740884Z",
            "yes_price": 28,
            "no_price": 72,
            "taker_side": "no"
        },
        {
            "trade_id": "8e00aa20-d975-4e38-aa35-935d320c06f6",
            "ticker": "KXHIGHCHI-25MAY05-B60.5",
            "count": 70,
            "created_time": "2025-05-05T18:08:29.886793Z",
            "yes_price": 44,
            "no_price": 56,
            "taker_side": "no"
        },
        {
            "trade_id": "9e33bb6a-bf73-41e8-848e-5e40555c58f1",
            "ticker": "KXHIGHCHI-25MAY05-B60.5",
            "count": 10,
            "created_time": "2025-05-05T17:31:59.822826Z",
            "yes_price": 50,
            "no_price": 50,
            "taker_side": "yes"
        },
        {
            "trade_id": "173685d4-0811-4cc6-be4f-0ea73af0c975",
            "ticker": "KXHIGHCHI-25MAY05-B60.5",
            "count": 8,
            "created_time": "2025-05-05T17:31:59.822826Z",
            "yes_price": 54,
            "no_price": 46,
            "taker_side": "yes"
        },
        {
            "trade_id": "265c2036-e014-42e8-86fa-c0b292a51b05",
            "ticker": "KXHIGHCHI-25MAY05-B60.5",
            "count": 28,
            "created_time": "2025-05-05T17:30:30.916081Z",
            "yes_price": 49,
            "no_price": 51,
            "taker_side": "yes"
        },
        {
            "trade_id": "3c627942-f1e5-4f0d-a698-4cc8ad4663b4",
