{
    "KXHIGHCHI-25JAN25-T31": [
        {
            "trade_id": "0ef951c1-195e-4162-a059-65532243ea2f",
            "ticker": "KXHIGHCHI-25JAN25-T31",
            "count": 156,
            "created_time": "2025-01-25T13:01:13.211634Z",
            "yes_price": 3,
            "no_price": 97,
            "taker_side": "yes"
        },
        {
            "trade_id": "a002604b-e8f4-481c-9111-db0724cd5f86",
            "ticker": "KXHIGHCHI-25JAN25-T31",
            "count": 100,
            "created_time": "2025-01-25T04:18:57.056813Z",
            "yes_price": 1,
            "no_price": 99,
            "taker_side": "no"
        },
        {
            "trade_id": "91af3dd7-e052-4627-90d6-8eca302bcd4b",
            "ticker": "KXHIGHCHI-25JAN25-T31",
            "count": 7,
            "created_time": "2025-01-24T23:14:49.890644Z",
            "yes_price": 2,
            "no_price": 98,
            "taker_side": "no"
        },
        {
            "trade_id": "c45b2285-1106-4695-9108-16fade476eb8",
            "ticker": "KXHIGHCHI-25JAN25-T31",
            "count": 1,
            "created_time": "2025-01-24T23:02:22.514016Z",
            "yes_price": 2,
            "no_price": 98,
            "taker_side": "no"
        },
        {
            "trade_id": "334e895f-3fb4-44b8-9aa9-6d328de5d75d",
            "ticker": "KXHIGHCHI-25JAN25-T31",
            "count": 2,
            "created_time": "2025-01-24T22:52:14.751216Z",
            "yes_price": 2,
            "no_price": 98,
            "taker_side": "no"
        },
        {
            "trade_id": "224c87e1-210b-4c34-b7b6-735f36c22d2d",
            "ticker": "KXHIGHCHI-25JAN25-T31",
            "count": 4,
            "created_time": "2025-01-24T21:39:05.663178Z",
            "yes_price": 2,
            "no_price": 98,
            "taker_side": "no"
        },
        {
            "trade_id": "c1d17b76-6e96-4361-85c0-dd50108b68d8",
            "ticker": "KXHIGHCHI-25JAN25-T31",
            "count": 3,
            "created_time": "2025-01-24T21:38:22.145666Z",
            "yes_price": 2,
            "no_price": 98,
            "taker_side": "no"
        },
        {
            "trade_id": "b0738127-4290-4647-a1bf-8cc3a3c61416",
            "ticker": "KXHIGHCHI-25JAN25-T31",
            "count": 3,
            "created_time": "2025-01-24T21:37:51.045325Z",
            "yes_price": 2,
            "no_price": 98,
            "taker_side": "no"
        }
    ],
    "KXHIGHCHI-25JAN25-B31.5": [
        {
            "trade_id": "44478202-c33a-4a45-80bb-3818977e08a8",
            "ticker": "KXHIGHCHI-25JAN25-B31.5",
            "count": 200,
            "created_time": "2025-01-25T04:18:36.955786Z",
            "yes_price": 1,
            "no_price": 99,
            "taker_side": "no"
        },
        {
            "trade_id": "29611aa5-80c9-4d2c-8941-0679df9c86ea",
            "ticker": "KXHIGHCHI-25JAN25-B31.5",
            "count": 18,
            "created_time": "2025-01-24T23:09:58.96397Z",
            "yes_price": 2,
            "no_price": 98,
            "taker_side": "no"
        },
        {
            "trade_id": "beb7decf-ecae-4bb1-8b1a-99c6be2d2cf6",
            "ticker": "KXHIGHCHI-25JAN25-B31.5",
            "count": 2,
            "created_time": "2025-01-24T22:52:19.236063Z",
            "yes_price": 2,
            "no_price": 98,
            "taker_side": "no"
        },
        {
            "trade_id": "c8bf19e4-f0d8-4590-873c-e54d56d76435",
            "ticker": "KXHIGHCHI-25JAN25-B31.5",
            "count": 7,
            "created_time": "2025-01-24T21:39:53.907789Z",
            "yes_price": 2,
            "no_price": 98,
            "taker_side": "no"
        },
        {
            "trade_id": "728008f9-86e4-416c-8c4b-d0f733d6041c",
            "ticker": "KXHIGHCHI-25JAN25-B31.5",
            "count": 3,
            "created_time": "2025-01-24T21:38:04.275863Z",
            "yes_price": 2,
            "no_price": 98,
            "taker_side": "no"
        }
    ],
    "KXHIGHCHI-25JAN25-B33.5": [
        {
            "trade_id": "3babe0ee-1556-4dd7-b0ca-500892ea6260",
            "ticker": "KXHIGHCHI-25JAN25-B33.5",
            "count": 27,
            "created_time": "2025-01-25T07:19:12.996116Z",
            "yes_price": 1,
            "no_price": 99,
            "taker_side": "no"
        },
        {
            "trade_id": "60e6b77c-d09c-423b-8e9c-d28bea4df718",
            "ticker": "KXHIGHCHI-25JAN25-B33.5",
            "count": 27,
            "created_time": "2025-01-25T05:11:56.859352Z",
            "yes_price": 4,
            "no_price": 96,
            "taker_side": "no"
        },
        {
            "trade_id": "37912713-b75d-4f6c-bf1b-bd44be1a56e7",
            "ticker": "KXHIGHCHI-25JAN25-B33.5",
            "count": 52,
            "created_time": "2025-01-25T05:03:25.398711Z",
            "yes_price": 4,
            "no_price": 96,
            "taker_side": "no"
        },
        {
            "trade_id": "4cfc7d75-b615-40c5-bc70-5d923bfd279e",
            "ticker": "KXHIGHCHI-25JAN25-B33.5",
            "count": 1,
            "created_time": "2025-01-25T05:00:08.819646Z",
            "yes_price": 4,
            "no_price": 96,
            "taker_side": "no"
        },
        {
            "trade_id": "d7e73b26-996f-4b7c-a612-9c5bb2d04078",
            "ticker": "KXHIGHCHI-25JAN25-B33.5",
            "count": 2,
            "created_time": "2025-01-25T04:59:58.307463Z",
            "yes_price": 4,
            "no_price": 96,
            "taker_side": "no"
        },
        {
            "trade_id": "b25bd7fe-fcf2-4801-ad64-6637b45160cb",
            "ticker": "KXHIGHCHI-25JAN25-B33.5",
            "count": 2,
            "created_time": "2025-01-25T04:59:47.922137Z",
            "yes_price": 4,
            "no_price": 96,
            "taker_side": "no"
        },
        {
            "trade_id": "e8a3ee7b-8653-4940-9028-42b2cbe83605",
            "ticker": "KXHIGHCHI-25JAN25-B33.5",
            "count": 6,
            "created_time": "2025-01-25T04:57:26.347452Z",
            "yes_price": 4,
            "no_price": 96,
            "taker_side": "no"
        },
        {
            "trade_id": "9e38dd3f-cdf1-4c88-a2a8-9ddf240098f9",
            "ticker": "KXHIGHCHI-25JAN25-B33.5",
            "count": 23,
            "created_time": "2025-01-25T04:54:26.08468Z",
            "yes_price": 4,
            "no_price": 96,
            "taker_side": "no"
        },
        {
            "trade_id": "a9c57370-f2b0-4697-9574-fe61f915863b",
            "ticker": "KXHIGHCHI-25JAN25-B33.5",
            "count": 43,
            "created_time": "2025-01-25T04:51:29.218864Z",
            "yes_price": 4,
            "no_price": 96,
            "taker_side": "no"
        },
        {
            "trade_id": "42c504dc-3b91-4048-bb1d-a60467ad3329",
            "ticker": "KXHIGHCHI-25JAN25-B33.5",
            "count": 43,
            "created_time": "2025-01-25T04:48:24.536865Z",
            "yes_price": 4,
            "no_price": 96,
            "taker_side": "no"
        },
        {
            "trade_id": "2516d97d-a62a-4999-988c-47b3b7490599",
            "ticker": "KXHIGHCHI-25JAN25-B33.5",
            "count": 1,
            "created_time": "2025-01-25T04:47:38.460529Z",
            "yes_price": 4,
            "no_price": 96,
            "taker_side": "no"
        },
        {
            "trade_id": "8ea9beaf-3437-4779-b496-21f7c01b9755",
            "ticker": "KXHIGHCHI-25JAN25-B33.5",
            "count": 200,
            "created_time": "2025-01-25T04:18:12.664441Z",
            "yes_price": 1,
            "no_price": 99,
            "taker_side": "no"
        },
        {
            "trade_id": "cede267c-58fe-479d-bb76-91549c4c4098",
            "ticker": "KXHIGHCHI-25JAN25-B33.5",
            "count": 33,
            "created_time": "2025-01-24T23:18:58.191195Z",
            "yes_price": 1,
            "no_price": 99,
            "taker_side": "no"
        },
        {
            "trade_id": "b5d20d52-7dcf-40f4-8045-539e5ddbbf19",
            "ticker": "KXHIGHCHI-25JAN25-B33.5",
            "count": 9,
            "created_time": "2025-01-24T23:12:29.85732Z",
            "yes_price": 2,
            "no_price": 98,
            "taker_side": "yes"
        },
        {
            "trade_id": "c7992c6c-707c-4860-8491-b090280f9b1f",
            "ticker": "KXHIGHCHI-25JAN25-B33.5",
            "count": 8,
            "created_time": "2025-01-24T23:11:21.69105Z",
            "yes_price": 2,
            "no_price": 98,
            "taker_side": "no"
        },
        {
            "trade_id": "6e6ae4d6-76f8-46d7-8cbc-8dd746bd58f0",
            "ticker": "KXHIGHCHI-25JAN25-B33.5",
            "count": 70,
            "created_time": "2025-01-24T23:10:59.889426Z",
            "yes_price": 3,
            "no_price": 97,
            "taker_side": "no"
        },
        {
            "trade_id": "42ea65a4-fd5f-46b7-ab5f-23d84f5dc8ae",
            "ticker": "KXHIGHCHI-25JAN25-B33.5",
            "count": 1,
            "created_time": "2025-01-24T22:05:14.517062Z",
            "yes_price": 8,
            "no_price": 92,
            "taker_side": "yes"
        },
        {
            "trade_id": "18d5343a-7b96-4a50-9066-acba7f6074cc",
            "ticker": "KXHIGHCHI-25JAN25-B33.5",
            "count": 11,
            "created_time": "2025-01-24T22:05:14.517062Z",
            "yes_price": 8,
            "no_price": 92,
            "taker_side": "yes"
        },
        {
            "trade_id": "cc009bea-c464-44a5-9603-21fedc8318ca",
            "ticker": "KXHIGHCHI-25JAN25-B33.5",
            "count": 11,
            "created_time": "2025-01-24T22:01:02.636831Z",
            "yes_price": 8,
            "no_price": 92,
            "taker_side": "yes"
        },
        {
            "trade_id": "9a20fb86-bca9-485b-ac2c-c45b1f309343",
            "ticker": "KXHIGHCHI-25JAN25-B33.5",
            "count": 1,
            "created_time": "2025-01-24T21:16:48.166014Z",
            "yes_price": 9,
            "no_price": 91,
            "taker_side": "yes"
        },
        {
            "trade_id": "644a678d-0e41-4063-8574-63daa9a805fa",
            "ticker": "KXHIGHCHI-25JAN25-B33.5",
            "count": 64,
            "created_time": "2025-01-24T20:43:21.193016Z",
            "yes_price": 6,
            "no_price": 94,
            "taker_side": "yes"
        },
        {
            "trade_id": "653d0bc1-8324-4889-a69f-f0f7f8387a43",
            "ticker": "KXHIGHCHI-25JAN25-B33.5",
            "count": 89,
            "created_time": "2025-01-24T20:36:26.683182Z",
            "yes_price": 7,
            "no_price": 93,
            "taker_side": "yes"
        },
        {
            "trade_id": "26843ed7-d863-454d-ab75-32666919ab7d",
            "ticker": "KXHIGHCHI-25JAN25-B33.5",
            "count": 2,
            "created_time": "2025-01-24T20:35:45.072972Z",
            "yes_price": 6,
            "no_price": 94,
            "taker_side": "yes"
        },
        {
            "trade_id": "c3de5083-0e4d-4d2f-90f0-668aa5c20349",
            "ticker": "KXHIGHCHI-25JAN25-B33.5",
            "count": 2,
            "created_time": "2025-01-24T20:29:58.886938Z",
            "yes_price": 6,
            "no_price": 94,
            "taker_side": "yes"
        },
        {
            "trade_id": "3c5f12f3-273b-418a-9b62-68d9e674d68f",
            "ticker": "KXHIGHCHI-25JAN25-B33.5",
            "count": 89,
            "created_time": "2025-01-24T20:19:33.512511Z",
            "yes_price": 7,
            "no_price": 93,
            "taker_side": "yes"
        },
        {
            "trade_id": "1d65c0bb-4829-4599-80b2-400bcbe58bc3",
            "ticker": "KXHIGHCHI-25JAN25-B33.5",
            "count": 2,
            "created_time": "2025-01-24T20:12:48.768224Z",
            "yes_price": 6,
            "no_price": 94,
            "taker_side": "no"
        },
        {
            "trade_id": "90fd845f-8a03-45ee-88da-3ef521d24115",
            "ticker": "KXHIGHCHI-25JAN25-B33.5",
            "count": 89,
            "created_time": "2025-01-24T20:08:34.939471Z",
            "yes_price": 7,
            "no_price": 93,
            "taker_side": "yes"
        },
        {
            "trade_id": "fd18cda6-52c1-4f52-9750-f967ea15dac4",
            "ticker": "KXHIGHCHI-25JAN25-B33.5",
            "count": 1,
            "created_time": "2025-01-24T20:07:52.268063Z",
            "yes_price": 6,
            "no_price": 94,
            "taker_side": "yes"
        },
        {
            "trade_id": "be7ff1fe-8675-4fa6-957a-cae1a5601553",
            "ticker": "KXHIGHCHI-25JAN25-B33.5",
            "count": 1,
            "created_time": "2025-01-24T20:07:52.268063Z",
            "yes_price": 6,
            "no_price": 94,
            "taker_side": "yes"
        },
        {
            "trade_id": "1a3b6d89-e2ed-4d0f-85fb-341e747402fb",
            "ticker": "KXHIGHCHI-25JAN25-B33.5",
            "count": 1,
            "created_time": "2025-01-24T19:55:52.593769Z",
            "yes_price": 4,
            "no_price": 96,
            "taker_side": "no"
        },
        {
            "trade_id": "02e38601-d16d-4e6b-8233-f94db2ee53a3",
            "ticker": "KXHIGHCHI-25JAN25-B33.5",
            "count": 7,
            "created_time": "2025-01-24T19:45:13.456672Z",
            "yes_price": 6,
            "no_price": 94,
            "taker_side": "yes"
        },
        {
            "trade_id": "679ec7d9-12ca-424c-9fb9-17055da38bcc",
            "ticker": "KXHIGHCHI-25JAN25-B33.5",
            "count": 82,
            "created_time": "2025-01-24T19:34:06.055931Z",
            "yes_price": 6,
            "no_price": 94,
            "taker_side": "yes"
        },
        {
            "trade_id": "58540d82-4ae4-4b0b-a62d-9ba75ff0f1e1",
            "ticker": "KXHIGHCHI-25JAN25-B33.5",
            "count": 1,
            "created_time": "2025-01-24T19:24:36.134651Z",
            "yes_price": 4,
            "no_price": 96,
            "taker_side": "no"
        },
        {
            "trade_id": "a7b26f85-c4fe-485f-94f0-98ee61eade1d",
            "ticker": "KXHIGHCHI-25JAN25-B33.5",
            "count": 10,
            "created_time": "2025-01-24T19:23:31.862565Z",
            "yes_price": 6,
            "no_price": 94,
            "taker_side": "yes"
        },
        {
            "trade_id": "d5c088d1-236c-4d46-998f-5b65bd548425",
            "ticker": "KXHIGHCHI-25JAN25-B33.5",
            "count": 13,
            "created_time": "2025-01-24T19:15:48.667362Z",
            "yes_price": 5,
            "no_price": 95,
            "taker_side": "no"
        },
        {
            "trade_id": "ef9fb915-fdab-4174-811c-ab322fb6e877",
            "ticker": "KXHIGHCHI-25JAN25-B33.5",
            "count": 1,
            "created_time": "2025-01-24T19:15:46.449294Z",
            "yes_price": 5,
            "no_price": 95,
            "taker_side": "yes"
        },
        {
            "trade_id": "ca25df8f-c53f-4935-8685-bb274788502a",
            "ticker": "KXHIGHCHI-25JAN25-B33.5",
            "count": 9,
            "created_time": "2025-01-24T19:15:46.449294Z",
            "yes_price": 5,
            "no_price": 95,
            "taker_side": "yes"
        },
        {
            "trade_id": "44c9f472-f908-4f9a-b3bd-ca994e54dbcc",
            "ticker": "KXHIGHCHI-25JAN25-B33.5",
            "count": 24,
            "created_time": "2025-01-24T19:10:11.07817Z",
            "yes_price": 5,
            "no_price": 95,
            "taker_side": "yes"
        },
        {
            "trade_id": "0fc10db0-d150-4987-89e5-50137c9280cf",
            "ticker": "KXHIGHCHI-25JAN25-B33.5",
            "count": 9,
            "created_time": "2025-01-24T19:10:11.07817Z",
            "yes_price": 5,
            "no_price": 95,
            "taker_side": "yes"
        },
        {
            "trade_id": "b8a48840-50f1-4e70-94e2-99f823c9b7a6",
            "ticker": "KXHIGHCHI-25JAN25-B33.5",
            "count": 50,
            "created_time": "2025-01-24T19:07:08.335589Z",
            "yes_price": 5,
            "no_price": 95,
            "taker_side": "yes"
        },
        {
            "trade_id": "766d10f8-887c-4839-afe5-a5193cfffe5e",
            "ticker": "KXHIGHCHI-25JAN25-B33.5",
            "count": 5,
            "created_time": "2025-01-24T18:53:22.383173Z",
            "yes_price": 4,
            "no_price": 96,
            "taker_side": "no"
        },
        {
            "trade_id": "8029f430-ec73-4491-932b-3afc97c777a6",
            "ticker": "KXHIGHCHI-25JAN25-B33.5",
            "count": 3,
            "created_time": "2025-01-24T18:37:38.56536Z",
            "yes_price": 3,
            "no_price": 97,
            "taker_side": "no"
        },
        {
            "trade_id": "7247cf3c-ad62-4fc7-9fa2-6fa46a4b1de6",
            "ticker": "KXHIGHCHI-25JAN25-B33.5",
            "count": 2,
            "created_time": "2025-01-24T18:34:57.160349Z",
            "yes_price": 3,
            "no_price": 97,
            "taker_side": "no"
        },
        {
            "trade_id": "e812d701-bfa0-4390-b20f-09f47112ffd4",
            "ticker": "KXHIGHCHI-25JAN25-B33.5",
            "count": 32,
            "created_time": "2025-01-24T18:33:45.142342Z",
            "yes_price": 9,
            "no_price": 91,
            "taker_side": "yes"
        },
        {
            "trade_id": "7a308d0b-c436-4755-ae0d-e3d39088b424",
            "ticker": "KXHIGHCHI-25JAN25-B33.5",
            "count": 17,
            "created_time": "2025-01-24T18:33:45.142342Z",
            "yes_price": 7,
            "no_price": 93,
            "taker_side": "yes"
        },
        {
            "trade_id": "19b01e6b-fdc6-4af5-893b-1186a977724c",
            "ticker": "KXHIGHCHI-25JAN25-B33.5",
            "count": 1,
            "created_time": "2025-01-24T18:33:45.142342Z",
            "yes_price": 7,
            "no_price": 93,
            "taker_side": "yes"
        }
    ],
    "KXHIGHCHI-25JAN25-B35.5": [
        {
            "trade_id": "e7d43871-40e2-4ad7-adff-f97ffc3ad98f",
            "ticker": "KXHIGHCHI-25JAN25-B35.5",
            "count": 93,
            "created_time": "2025-01-26T04:54:36.978011Z",
            "yes_price": 1,
            "no_price": 99,
            "taker_side": "yes"
        },
        {
            "trade_id": "d9fa91ab-31bb-4310-badb-44c239439dc5",
            "ticker": "KXHIGHCHI-25JAN25-B35.5",
            "count": 11,
            "created_time": "2025-01-25T18:00:30.855139Z",
            "yes_price": 1,
            "no_price": 99,
            "taker_side": "yes"
        },
        {
            "trade_id": "84023003-ec4e-4ed4-8e37-e09f6980d84a",
            "ticker": "KXHIGHCHI-25JAN25-B35.5",
            "count": 46,
            "created_time": "2025-01-25T15:03:32.928823Z",
            "yes_price": 2,
            "no_price": 98,
            "taker_side": "yes"
        },
        {
            "trade_id": "44174989-7bbd-4fec-8579-561ab5a04e9f",
            "ticker": "KXHIGHCHI-25JAN25-B35.5",
            "count": 233,
            "created_time": "2025-01-25T15:02:09.927034Z",
            "yes_price": 2,
            "no_price": 98,
            "taker_side": "yes"
        },
        {
            "trade_id": "7f68fb2a-2b66-48b4-87c2-dbc8874c56c9",
            "ticker": "KXHIGHCHI-25JAN25-B35.5",
            "count": 39,
            "created_time": "2025-01-25T14:43:03.656157Z",
            "yes_price": 2,
            "no_price": 98,
            "taker_side": "yes"
        },
        {
            "trade_id": "a9680483-985f-41e4-b33a-14c022036a16",
            "ticker": "KXHIGHCHI-25JAN25-B35.5",
            "count": 233,
            "created_time": "2025-01-25T14:31:13.363383Z",
            "yes_price": 2,
            "no_price": 98,
            "taker_side": "yes"
        },
        {
            "trade_id": "f96cbc1a-54a9-42ba-9561-31059e72393d",
            "ticker": "KXHIGHCHI-25JAN25-B35.5",
            "count": 150,
            "created_time": "2025-01-25T13:53:58.308919Z",
            "yes_price": 1,
            "no_price": 99,
            "taker_side": "no"
        },
        {
            "trade_id": "dd081416-b973-49af-9161-838bfbf09cda",
            "ticker": "KXHIGHCHI-25JAN25-B35.5",
            "count": 328,
            "created_time": "2025-01-25T13:53:58.308919Z",
            "yes_price": 1,
            "no_price": 99,
            "taker_side": "no"
        },
        {
            "trade_id": "bf694e74-5a85-4751-a263-c476faeadb11",
            "ticker": "KXHIGHCHI-25JAN25-B35.5",
            "count": 50,
            "created_time": "2025-01-25T13:53:58.308919Z",
            "yes_price": 1,
            "no_price": 99,
            "taker_side": "no"
        },
        {
            "trade_id": "99b13007-b832-438f-9077-57b3b896b8a1",
            "ticker": "KXHIGHCHI-25JAN25-B35.5",
            "count": 1224,
            "created_time": "2025-01-25T13:53:58.308919Z",
            "yes_price": 1,
            "no_price": 99,
            "taker_side": "no"
        },
        {
            "trade_id": "3a3a3d28-92c2-4c9c-9ec5-3c59712b02f2",
            "ticker": "KXHIGHCHI-25JAN25-B35.5",
            "count": 42,
            "created_time": "2025-01-25T13:53:58.308919Z",
            "yes_price": 1,
            "no_price": 99,
            "taker_side": "no"
        },
        {
            "trade_id": "06837b66-a625-4a0e-a7c2-0f451df3b432",
            "ticker": "KXHIGHCHI-25JAN25-B35.5",
            "count": 23,
            "created_time": "2025-01-25T13:48:56.637615Z",
            "yes_price": 4,
            "no_price": 96,
            "taker_side": "yes"
        },
        {
            "trade_id": "a15df8b2-9b1e-4ecf-98ef-81327a8fea72",
            "ticker": "KXHIGHCHI-25JAN25-B35.5",
            "count": 25,
            "created_time": "2025-01-25T13:29:16.02742Z",
            "yes_price": 2,
            "no_price": 98,
            "taker_side": "no"
        },
        {
            "trade_id": "837286df-6925-4141-9206-1b2501b33481",
            "ticker": "KXHIGHCHI-25JAN25-B35.5",
            "count": 50,
            "created_time": "2025-01-25T13:19:19.333936Z",
            "yes_price": 1,
            "no_price": 99,
            "taker_side": "no"
        },
        {
            "trade_id": "b0375daa-f339-4f10-bea4-6616cba0e7c2",
            "ticker": "KXHIGHCHI-25JAN25-B35.5",
            "count": 50,
            "created_time": "2025-01-25T13:18:00.528523Z",
            "yes_price": 2,
            "no_price": 98,
            "taker_side": "no"
        },
        {
            "trade_id": "1f1919f2-e8a0-4c13-9459-771e80b18715",
            "ticker": "KXHIGHCHI-25JAN25-B35.5",
            "count": 300,
            "created_time": "2025-01-25T13:18:00.528523Z",
            "yes_price": 2,
            "no_price": 98,
            "taker_side": "no"
        },
        {
            "trade_id": "db829e5e-5ea6-4502-8225-1c1bf2f0b056",
            "ticker": "KXHIGHCHI-25JAN25-B35.5",
            "count": 420,
            "created_time": "2025-01-25T13:11:09.890597Z",
            "yes_price": 10,
            "no_price": 90,
            "taker_side": "yes"
        },
        {
            "trade_id": "a6da7a26-1cca-4996-99c5-794c29d177b2",
            "ticker": "KXHIGHCHI-25JAN25-B35.5",
            "count": 1,
            "created_time": "2025-01-25T13:11:09.890597Z",
            "yes_price": 11,
            "no_price": 89,
            "taker_side": "yes"
        },
        {
            "trade_id": "a4704e4d-4733-4e42-a5fe-febba5b324f9",
            "ticker": "KXHIGHCHI-25JAN25-B35.5",
            "count": 1,
            "created_time": "2025-01-25T13:11:09.890597Z",
            "yes_price": 6,
            "no_price": 94,
            "taker_side": "yes"
        },
        {
            "trade_id": "844acb5c-9263-4ff2-a9ef-b5d1c0896a48",
            "ticker": "KXHIGHCHI-25JAN25-B35.5",
            "count": 50,
            "created_time": "2025-01-25T13:11:09.890597Z",
            "yes_price": 8,
            "no_price": 92,
            "taker_side": "yes"
        },
        {
            "trade_id": "82fec7fd-6d94-4437-906a-997b75e47f49",
            "ticker": "KXHIGHCHI-25JAN25-B35.5",
            "count": 148,
            "created_time": "2025-01-25T13:11:09.890597Z",
            "yes_price": 14,
            "no_price": 86,
            "taker_side": "yes"
        },
        {
            "trade_id": "6cdd2afb-a78c-4aec-94cb-279bea008159",
            "ticker": "KXHIGHCHI-25JAN25-B35.5",
            "count": 49,
            "created_time": "2025-01-25T13:11:09.890597Z",
            "yes_price": 6,
            "no_price": 94,
            "taker_side": "yes"
        },
        {
            "trade_id": "563e7172-65b0-47cd-a7b7-64ca50f645da",
            "ticker": "KXHIGHCHI-25JAN25-B35.5",
            "count": 8,
            "created_time": "2025-01-25T13:11:09.890597Z",
            "yes_price": 4,
            "no_price": 96,
            "taker_side": "yes"
        },
        {
            "trade_id": "4dedbae2-4b40-4256-9fa7-6643daf1bd69",
            "ticker": "KXHIGHCHI-25JAN25-B35.5",
            "count": 130,
            "created_time": "2025-01-25T13:11:09.890597Z",
            "yes_price": 6,
            "no_price": 94,
            "taker_side": "yes"
        },
        {
            "trade_id": "4142553d-e3dc-45a1-a235-be9e65ff1dfd",
            "ticker": "KXHIGHCHI-25JAN25-B35.5",
            "count": 2,
            "created_time": "2025-01-25T13:11:09.890597Z",
            "yes_price": 4,
            "no_price": 96,
            "taker_side": "yes"
        },
        {
            "trade_id": "20f86526-6eeb-4c69-8293-d1564a35893b",
            "ticker": "KXHIGHCHI-25JAN25-B35.5",
            "count": 180,
            "created_time": "2025-01-25T13:11:09.890597Z",
            "yes_price": 8,
            "no_price": 92,
            "taker_side": "yes"
        },
        {
            "trade_id": "542802b9-4fe0-4edd-a017-b607788bbadc",
            "ticker": "KXHIGHCHI-25JAN25-B35.5",
            "count": 39,
            "created_time": "2025-01-25T13:01:45.366146Z",
            "yes_price": 7,
            "no_price": 93,
            "taker_side": "yes"
        },
        {
            "trade_id": "060a1764-f1d2-469b-9095-760b24fb56f9",
            "ticker": "KXHIGHCHI-25JAN25-B35.5",
            "count": 38,
            "created_time": "2025-01-25T13:01:45.366146Z",
            "yes_price": 5,
            "no_price": 95,
            "taker_side": "yes"
        },
        {
            "trade_id": "fe3a50c7-d380-49a1-9371-55ff6d4b5e75",
            "ticker": "KXHIGHCHI-25JAN25-B35.5",
            "count": 40,
            "created_time": "2025-01-25T13:00:57.022653Z",
            "yes_price": 4,
            "no_price": 96,
            "taker_side": "yes"
        },
        {
            "trade_id": "a01bf154-36a5-4770-a26f-90d3d32a637f",
            "ticker": "KXHIGHCHI-25JAN25-B35.5",
            "count": 51,
            "created_time": "2025-01-25T13:00:57.022653Z",
            "yes_price": 6,
            "no_price": 94,
            "taker_side": "yes"
        },
        {
            "trade_id": "a67f92d8-f970-4321-99a4-8b4f47533bd3",
            "ticker": "KXHIGHCHI-25JAN25-B35.5",
            "count": 1,
            "created_time": "2025-01-25T07:51:41.972505Z",
            "yes_price": 5,
            "no_price": 95,
            "taker_side": "yes"
        },
        {
            "trade_id": "262416c8-d8dd-4c6a-8b6c-943084b535c9",
            "ticker": "KXHIGHCHI-25JAN25-B35.5",
            "count": 66,
            "created_time": "2025-01-25T07:51:41.972505Z",
            "yes_price": 7,
            "no_price": 93,
            "taker_side": "yes"
        },
        {
            "trade_id": "6b7ccf8c-b378-4897-9194-393e224b6bab",
            "ticker": "KXHIGHCHI-25JAN25-B35.5",
            "count": 49,
            "created_time": "2025-01-25T07:39:25.381885Z",
            "yes_price": 4,
            "no_price": 96,
            "taker_side": "no"
        },
        {
            "trade_id": "3df4d214-7c03-474d-a637-23826ed63797",
            "ticker": "KXHIGHCHI-25JAN25-B35.5",
            "count": 6,
            "created_time": "2025-01-25T07:36:22.891894Z",
            "yes_price": 5,
            "no_price": 95,
            "taker_side": "no"
        },
        {
            "trade_id": "355976b4-6451-4a4a-a1c0-75151d90ac09",
            "ticker": "KXHIGHCHI-25JAN25-B35.5",
            "count": 7,
            "created_time": "2025-01-25T06:48:22.124165Z",
            "yes_price": 8,
            "no_price": 92,
            "taker_side": "no"
        },
        {
            "trade_id": "3a62e30c-4be0-471f-9530-1153da4ff19d",
            "ticker": "KXHIGHCHI-25JAN25-B35.5",
            "count": 31,
            "created_time": "2025-01-25T06:46:59.958615Z",
            "yes_price": 9,
            "no_price": 91,
            "taker_side": "no"
        },
        {
            "trade_id": "383dfaee-a3c0-4e0d-804e-3480c14e0ae1",
            "ticker": "KXHIGHCHI-25JAN25-B35.5",
            "count": 47,
            "created_time": "2025-01-25T06:46:53.632275Z",
            "yes_price": 9,
            "no_price": 91,
            "taker_side": "no"
        },
        {
            "trade_id": "adf6c973-82f6-401e-a413-5b75c84abe8d",
            "ticker": "KXHIGHCHI-25JAN25-B35.5",
            "count": 36,
            "created_time": "2025-01-25T06:45:30.087785Z",
            "yes_price": 9,
            "no_price": 91,
            "taker_side": "no"
        },
        {
            "trade_id": "02fcb5d0-d101-4f93-92b9-f819a956bdac",
            "ticker": "KXHIGHCHI-25JAN25-B35.5",
            "count": 1,
            "created_time": "2025-01-25T06:45:00.715502Z",
            "yes_price": 10,
            "no_price": 90,
            "taker_side": "yes"
        },
        {
            "trade_id": "d69a77dd-02c1-4f79-8347-81b9e803fd09",
            "ticker": "KXHIGHCHI-25JAN25-B35.5",
            "count": 28,
            "created_time": "2025-01-25T06:11:26.786725Z",
            "yes_price": 13,
            "no_price": 87,
            "taker_side": "yes"
        },
        {
            "trade_id": "bb788b25-f949-4c26-93f7-34a0ce5e5a77",
            "ticker": "KXHIGHCHI-25JAN25-B35.5",
            "count": 171,
            "created_time": "2025-01-25T06:11:26.786725Z",
            "yes_price": 14,
            "no_price": 86,
            "taker_side": "yes"
        },
        {
            "trade_id": "69f0c129-aa75-4a35-bf5f-34340bcd6618",
            "ticker": "KXHIGHCHI-25JAN25-B35.5",
            "count": 2,
            "created_time": "2025-01-25T06:11:26.786725Z",
            "yes_price": 13,
            "no_price": 87,
            "taker_side": "yes"
        },
        {
            "trade_id": "24b76fb2-af4e-41ab-8a10-79161f6d0733",
            "ticker": "KXHIGHCHI-25JAN25-B35.5",
            "count": 136,
            "created_time": "2025-01-25T06:11:26.786725Z",
            "yes_price": 13,
            "no_price": 87,
            "taker_side": "yes"
        },
        {
            "trade_id": "01dbe4a6-230c-4ac1-8d28-907ac8483938",
            "ticker": "KXHIGHCHI-25JAN25-B35.5",
            "count": 12,
            "created_time": "2025-01-25T06:11:26.786725Z",
            "yes_price": 13,
            "no_price": 87,
            "taker_side": "yes"
        },
        {
            "trade_id": "89e5aa4b-e0f7-40f1-b913-791becbd5764",
            "ticker": "KXHIGHCHI-25JAN25-B35.5",
            "count": 11,
            "created_time": "2025-01-25T05:27:35.174866Z",
            "yes_price": 11,
            "no_price": 89,
            "taker_side": "no"
        },
        {
            "trade_id": "fb627d50-eb11-4013-945d-5906a90f7d0d",
            "ticker": "KXHIGHCHI-25JAN25-B35.5",
            "count": 180,
            "created_time": "2025-01-25T05:09:46.035757Z",
            "yes_price": 11,
            "no_price": 89,
            "taker_side": "no"
        },
        {
            "trade_id": "e6d03ac6-cf84-4406-b608-5ed75426afc9",
            "ticker": "KXHIGHCHI-25JAN25-B35.5",
            "count": 40,
            "created_time": "2025-01-25T05:09:46.035757Z",
            "yes_price": 13,
            "no_price": 87,
            "taker_side": "no"
        },
        {
            "trade_id": "b71343ed-2e74-4486-bb5f-4b1d2023fcf1",
            "ticker": "KXHIGHCHI-25JAN25-B35.5",
            "count": 44,
            "created_time": "2025-01-25T05:09:46.035757Z",
            "yes_price": 14,
            "no_price": 86,
            "taker_side": "no"
        },
        {
            "trade_id": "8eeff052-1c08-44b8-918d-e02ac6de6ec9",
            "ticker": "KXHIGHCHI-25JAN25-B35.5",
            "count": 1,
            "created_time": "2025-01-25T05:09:46.035757Z",
            "yes_price": 13,
            "no_price": 87,
            "taker_side": "no"
        },
        {
            "trade_id": "85a539ad-e20b-499d-824a-7951fe4ca22c",
            "ticker": "KXHIGHCHI-25JAN25-B35.5",
            "count": 11,
            "created_time": "2025-01-25T05:05:34.858242Z",
            "yes_price": 12,
            "no_price": 88,
            "taker_side": "yes"
        },
        {
            "trade_id": "19d464f0-aef4-47bd-b808-746fdf23e3ee",
            "ticker": "KXHIGHCHI-25JAN25-B35.5",
            "count": 39,
            "created_time": "2025-01-25T05:04:58.317685Z",
            "yes_price": 12,
            "no_price": 88,
            "taker_side": "yes"
        },
        {
            "trade_id": "f385161c-1ae7-44b4-a763-abc49b0b5c6a",
            "ticker": "KXHIGHCHI-25JAN25-B35.5",
            "count": 55,
            "created_time": "2025-01-25T05:02:05.776101Z",
            "yes_price": 15,
            "no_price": 85,
            "taker_side": "yes"
        },
        {
            "trade_id": "143a7007-d4bb-4e71-a93e-e01488e704dd",
            "ticker": "KXHIGHCHI-25JAN25-B35.5",
            "count": 3,
            "created_time": "2025-01-25T05:02:05.776101Z",
            "yes_price": 15,
            "no_price": 85,
            "taker_side": "yes"
        },
        {
            "trade_id": "bde11e9b-a6eb-4a77-a7a6-b2630fef3d7c",
            "ticker": "KXHIGHCHI-25JAN25-B35.5",
            "count": 2,
            "created_time": "2025-01-25T04:59:43.981052Z",
            "yes_price": 14,
            "no_price": 86,
            "taker_side": "yes"
        },
        {
            "trade_id": "b079e2bf-2bd3-46b5-8232-7af864e65001",
            "ticker": "KXHIGHCHI-25JAN25-B35.5",
            "count": 7,
            "created_time": "2025-01-25T04:59:43.981052Z",
            "yes_price": 13,
            "no_price": 87,
            "taker_side": "yes"
        },
        {
            "trade_id": "408765c6-f5ef-4afb-ad18-12e5662e4cf7",
            "ticker": "KXHIGHCHI-25JAN25-B35.5",
            "count": 33,
            "created_time": "2025-01-25T04:59:43.981052Z",
            "yes_price": 18,
            "no_price": 82,
            "taker_side": "yes"
        },
        {
            "trade_id": "30d31566-8aee-4599-8931-6cf4226e5801",
            "ticker": "KXHIGHCHI-25JAN25-B35.5",
            "count": 180,
            "created_time": "2025-01-25T04:59:43.981052Z",
            "yes_price": 16,
            "no_price": 84,
            "taker_side": "yes"
        },
        {
            "trade_id": "18f3432a-7988-4875-b0e9-48ba9a6aac84",
            "ticker": "KXHIGHCHI-25JAN25-B35.5",
            "count": 5,
            "created_time": "2025-01-25T04:59:43.981052Z",
            "yes_price": 14,
            "no_price": 86,
            "taker_side": "yes"
        },
        {
            "trade_id": "183ce115-a265-4c81-90ea-c97a121c7cac",
            "ticker": "KXHIGHCHI-25JAN25-B35.5",
            "count": 3,
            "created_time": "2025-01-25T04:59:43.981052Z",
            "yes_price": 14,
            "no_price": 86,
            "taker_side": "yes"
        },
        {
            "trade_id": "f5853141-4a10-45e0-8dd4-6fc30653db34",
            "ticker": "KXHIGHCHI-25JAN25-B35.5",
            "count": 60,
            "created_time": "2025-01-25T04:47:23.069641Z",
            "yes_price": 13,
            "no_price": 87,
            "taker_side": "no"
        },
        {
            "trade_id": "b2030336-bc83-4eed-ad9a-98b62e18610b",
            "ticker": "KXHIGHCHI-25JAN25-B35.5",
            "count": 14,
            "created_time": "2025-01-25T04:45:00.734845Z",
            "yes_price": 14,
            "no_price": 86,
            "taker_side": "no"
        },
        {
            "trade_id": "3abf4e68-7ff6-4718-880e-54ad6cdbfbec",
            "ticker": "KXHIGHCHI-25JAN25-B35.5",
            "count": 5,
            "created_time": "2025-01-25T04:45:00.734845Z",
            "yes_price": 14,
            "no_price": 86,
            "taker_side": "no"
        },
        {
            "trade_id": "6738d2fd-62f4-4a5d-926d-bfcdb5e53f7e",
            "ticker": "KXHIGHCHI-25JAN25-B35.5",
            "count": 67,
            "created_time": "2025-01-25T04:30:48.286548Z",
            "yes_price": 15,
            "no_price": 85,
            "taker_side": "no"
        },
        {
            "trade_id": "b279ce0c-4033-4894-9cc4-a71a31f8f1c7",
            "ticker": "KXHIGHCHI-25JAN25-B35.5",
            "count": 3,
            "created_time": "2025-01-25T04:30:05.945354Z",
            "yes_price": 17,
            "no_price": 83,
            "taker_side": "no"
        },
        {
            "trade_id": "1407ca78-e68d-4b8e-acd5-ff476a846587",
            "ticker": "KXHIGHCHI-25JAN25-B35.5",
            "count": 58,
            "created_time": "2025-01-25T04:30:05.945354Z",
            "yes_price": 17,
            "no_price": 83,
            "taker_side": "no"
        },
        {
            "trade_id": "00d3c200-fc61-4774-8ca4-2083183c0aad",
            "ticker": "KXHIGHCHI-25JAN25-B35.5",
            "count": 25,
            "created_time": "2025-01-25T03:59:07.172902Z",
            "yes_price": 22,
            "no_price": 78,
            "taker_side": "yes"
        },
        {
            "trade_id": "65e9978c-906c-4a58-a24d-2955d38616c8",
            "ticker": "KXHIGHCHI-25JAN25-B35.5",
            "count": 43,
            "created_time": "2025-01-25T03:58:39.795775Z",
            "yes_price": 22,
            "no_price": 78,
            "taker_side": "yes"
        },
        {
            "trade_id": "d2fc5d88-8f74-4eaa-8bde-db14fc876f21",
            "ticker": "KXHIGHCHI-25JAN25-B35.5",
            "count": 22,
            "created_time": "2025-01-25T03:58:16.860888Z",
            "yes_price": 22,
            "no_price": 78,
            "taker_side": "yes"
        },
        {
            "trade_id": "d0215340-b577-4410-bf8b-dc10975fc056",
            "ticker": "KXHIGHCHI-25JAN25-B35.5",
            "count": 55,
            "created_time": "2025-01-25T03:58:16.860888Z",
            "yes_price": 21,
            "no_price": 79,
            "taker_side": "yes"
        },
        {
            "trade_id": "8464ed48-3458-48fb-a23d-c17d65f2f133",
            "ticker": "KXHIGHCHI-25JAN25-B35.5",
            "count": 11,
            "created_time": "2025-01-25T03:58:16.860888Z",
            "yes_price": 22,
            "no_price": 78,
            "taker_side": "yes"
        },
        {
            "trade_id": "2c6459ad-eb9f-4b0c-8dd3-c4f785b2bc6f",
            "ticker": "KXHIGHCHI-25JAN25-B35.5",
            "count": 19,
            "created_time": "2025-01-25T03:58:16.860888Z",
            "yes_price": 24,
            "no_price": 76,
            "taker_side": "yes"
        },
        {
            "trade_id": "26ba53a5-f592-4dba-8bb7-131fe70faaba",
            "ticker": "KXHIGHCHI-25JAN25-B35.5",
            "count": 21,
            "created_time": "2025-01-25T03:58:16.860888Z",
            "yes_price": 22,
            "no_price": 78,
            "taker_side": "yes"
        },
        {
            "trade_id": "062b23cf-fa10-4b51-bdbe-4b0bb05dc82c",
            "ticker": "KXHIGHCHI-25JAN25-B35.5",
            "count": 1,
            "created_time": "2025-01-25T03:58:16.860888Z",
            "yes_price": 22,
            "no_price": 78,
            "taker_side": "yes"
        },
        {
            "trade_id": "747eb85f-96ad-4b15-bafa-ae16f366e9c0",
            "ticker": "KXHIGHCHI-25JAN25-B35.5",
            "count": 22,
            "created_time": "2025-01-25T03:54:27.067497Z",
            "yes_price": 18,
            "no_price": 82,
            "taker_side": "yes"
        },
        {
            "trade_id": "f3ae645b-8f6b-4c69-952a-f9c7a9bcca36",
            "ticker": "KXHIGHCHI-25JAN25-B35.5",
            "count": 89,
            "created_time": "2025-01-25T03:51:27.095534Z",
            "yes_price": 18,
            "no_price": 82,
            "taker_side": "yes"
        },
        {
            "trade_id": "c9633d11-f3ed-4656-9b23-38ada81924ab",
            "ticker": "KXHIGHCHI-25JAN25-B35.5",
            "count": 65,
            "created_time": "2025-01-25T03:51:24.149283Z",
            "yes_price": 18,
            "no_price": 82,
            "taker_side": "yes"
        },
        {
            "trade_id": "3304641c-301c-410a-8ef1-bd8d64d89ebf",
            "ticker": "KXHIGHCHI-25JAN25-B35.5",
            "count": 1,
            "created_time": "2025-01-25T03:49:06.003256Z",
            "yes_price": 17,
            "no_price": 83,
            "taker_side": "no"
        },
        {
            "trade_id": "e039c083-6978-4aaf-a10f-fceedafd9563",
            "ticker": "KXHIGHCHI-25JAN25-B35.5",
            "count": 5,
            "created_time": "2025-01-25T02:33:44.982072Z",
            "yes_price": 11,
            "no_price": 89,
            "taker_side": "yes"
        },
        {
            "trade_id": "c35241dd-0080-4d20-898a-ed21e2da1e1b",
            "ticker": "KXHIGHCHI-25JAN25-B35.5",
            "count": 180,
            "created_time": "2025-01-25T02:33:44.982072Z",
            "yes_price": 13,
            "no_price": 87,
            "taker_side": "yes"
        },
        {
            "trade_id": "b23b607e-29b4-4e18-b48e-7232a6c624f5",
            "ticker": "KXHIGHCHI-25JAN25-B35.5",
            "count": 5,
            "created_time": "2025-01-25T02:33:44.982072Z",
            "yes_price": 27,
            "no_price": 73,
            "taker_side": "yes"
        },
        {
            "trade_id": "84972bb9-c214-4b18-90e0-4a7ee585d07d",
            "ticker": "KXHIGHCHI-25JAN25-B35.5",
            "count": 126,
            "created_time": "2025-01-25T02:33:44.982072Z",
            "yes_price": 29,
            "no_price": 71,
            "taker_side": "yes"
        },
        {
            "trade_id": "7a0cc30d-ceae-4ae0-843e-be452f8174f7",
            "ticker": "KXHIGHCHI-25JAN25-B35.5",
            "count": 1,
            "created_time": "2025-01-25T02:33:44.982072Z",
            "yes_price": 15,
            "no_price": 85,
            "taker_side": "yes"
        },
        {
            "trade_id": "76921fde-63f0-42b5-926a-60ac122a71c7",
            "ticker": "KXHIGHCHI-25JAN25-B35.5",
            "count": 180,
            "created_time": "2025-01-25T02:33:44.982072Z",
            "yes_price": 15,
            "no_price": 85,
            "taker_side": "yes"
        },
        {
            "trade_id": "038caccd-7e69-4973-8f15-391c93add342",
            "ticker": "KXHIGHCHI-25JAN25-B35.5",
            "count": 13,
            "created_time": "2025-01-25T02:33:44.982072Z",
            "yes_price": 28,
            "no_price": 72,
            "taker_side": "yes"
        },
        {
            "trade_id": "e7b09ffb-0fac-4410-819c-4f06a1e618a3",
            "ticker": "KXHIGHCHI-25JAN25-B35.5",
            "count": 50,
            "created_time": "2025-01-25T00:12:24.081226Z",
            "yes_price": 11,
            "no_price": 89,
            "taker_side": "yes"
        },
        {
            "trade_id": "7a6ee7a3-247b-40fe-9695-7c16e5e3bb47",
            "ticker": "KXHIGHCHI-25JAN25-B35.5",
            "count": 40,
            "created_time": "2025-01-25T00:12:24.081226Z",
            "yes_price": 9,
            "no_price": 91,
            "taker_side": "yes"
        },
        {
            "trade_id": "44c2a598-8965-42dd-97c3-5accd94025a5",
            "ticker": "KXHIGHCHI-25JAN25-B35.5",
            "count": 3,
            "created_time": "2025-01-25T00:12:24.081226Z",
            "yes_price": 9,
            "no_price": 91,
            "taker_side": "yes"
        },
        {
            "trade_id": "8a35908c-ef4b-4fa3-9280-4932629db819",
            "ticker": "KXHIGHCHI-25JAN25-B35.5",
            "count": 2,
            "created_time": "2025-01-24T23:54:35.755779Z",
            "yes_price": 8,
            "no_price": 92,
            "taker_side": "yes"
        },
        {
            "trade_id": "a3caa063-8818-40f7-9a8e-8b64bfefe5e2",
            "ticker": "KXHIGHCHI-25JAN25-B35.5",
            "count": 45,
            "created_time": "2025-01-24T23:54:29.030572Z",
            "yes_price": 9,
            "no_price": 91,
            "taker_side": "no"
        },
        {
            "trade_id": "8a0f47d4-b94b-4f50-a557-e8462418986e",
            "ticker": "KXHIGHCHI-25JAN25-B35.5",
            "count": 5,
            "created_time": "2025-01-24T23:52:56.46866Z",
            "yes_price": 8,
            "no_price": 92,
            "taker_side": "yes"
        },
        {
            "trade_id": "2d7997b8-b87d-4394-941c-508506edff94",
            "ticker": "KXHIGHCHI-25JAN25-B35.5",
            "count": 30,
            "created_time": "2025-01-24T22:02:35.123829Z",
            "yes_price": 17,
            "no_price": 83,
            "taker_side": "yes"
        },
        {
            "trade_id": "ff103e62-2d87-44ce-874f-44acc25dbc53",
            "ticker": "KXHIGHCHI-25JAN25-B35.5",
            "count": 2,
            "created_time": "2025-01-24T20:51:51.355031Z",
            "yes_price": 20,
            "no_price": 80,
            "taker_side": "no"
        },
        {
            "trade_id": "343e12ef-d8c1-4053-b70e-ec145fca85a5",
            "ticker": "KXHIGHCHI-25JAN25-B35.5",
            "count": 2,
            "created_time": "2025-01-24T20:50:18.769232Z",
            "yes_price": 20,
            "no_price": 80,
            "taker_side": "no"
        },
        {
            "trade_id": "0f8cc782-884f-4c1f-9c5a-12cb7cb8bc5e",
            "ticker": "KXHIGHCHI-25JAN25-B35.5",
            "count": 1,
            "created_time": "2025-01-24T19:56:24.207334Z",
            "yes_price": 20,
            "no_price": 80,
            "taker_side": "no"
        },
        {
            "trade_id": "25b3bc56-c045-4fde-b5b2-79ef12ceeb28",
            "ticker": "KXHIGHCHI-25JAN25-B35.5",
            "count": 2,
            "created_time": "2025-01-24T19:24:27.666991Z",
            "yes_price": 22,
            "no_price": 78,
            "taker_side": "no"
        },
        {
            "trade_id": "1ae146fc-a7fd-43f3-84d6-9b691625bb82",
            "ticker": "KXHIGHCHI-25JAN25-B35.5",
            "count": 2,
            "created_time": "2025-01-24T19:23:38.354524Z",
            "yes_price": 22,
            "no_price": 78,
            "taker_side": "no"
        },
        {
            "trade_id": "9db23ae8-2980-4713-9ced-18cbafa453ed",
            "ticker": "KXHIGHCHI-25JAN25-B35.5",
            "count": 150,
            "created_time": "2025-01-24T19:23:08.741555Z",
            "yes_price": 22,
            "no_price": 78,
            "taker_side": "no"
        },
        {
            "trade_id": "ba728677-949d-465f-a8ab-b6193f926068",
            "ticker": "KXHIGHCHI-25JAN25-B35.5",
            "count": 1,
            "created_time": "2025-01-24T19:22:39.001192Z",
            "yes_price": 22,
            "no_price": 78,
            "taker_side": "no"
        },
        {
            "trade_id": "deef10ba-f7e5-4ec9-8982-fea714b7ac30",
            "ticker": "KXHIGHCHI-25JAN25-B35.5",
            "count": 33,
            "created_time": "2025-01-24T19:22:14.097431Z",
            "yes_price": 23,
            "no_price": 77,
            "taker_side": "no"
        },
        {
            "trade_id": "a7261f5e-b637-457f-aa99-50ebe366e5d0",
            "ticker": "KXHIGHCHI-25JAN25-B35.5",
            "count": 9,
            "created_time": "2025-01-24T19:22:08.993855Z",
            "yes_price": 23,
            "no_price": 77,
            "taker_side": "no"
        },
        {
            "trade_id": "a51f005f-179f-4e54-8b53-61d924e2389c",
            "ticker": "KXHIGHCHI-25JAN25-B35.5",
            "count": 1,
            "created_time": "2025-01-24T19:21:44.432752Z",
            "yes_price": 23,
            "no_price": 77,
            "taker_side": "no"
        },
        {
            "trade_id": "fb8ad7b2-b72a-4eae-9804-813526aeeaef",
            "ticker": "KXHIGHCHI-25JAN25-B35.5",
            "count": 2,
            "created_time": "2025-01-24T19:18:49.266537Z",
            "yes_price": 23,
            "no_price": 77,
            "taker_side": "no"
        },
        {
            "trade_id": "75f5f0d1-1cc7-4505-bf4f-dbf4455191a3",
            "ticker": "KXHIGHCHI-25JAN25-B35.5",
            "count": 5,
            "created_time": "2025-01-24T19:15:59.126222Z",
            "yes_price": 23,
            "no_price": 77,
            "taker_side": "no"
        },
        {
            "trade_id": "f2f1dc08-2d21-42a7-a39c-ca25b42a8c5e",
            "ticker": "KXHIGHCHI-25JAN25-B35.5",
            "count": 16,
            "created_time": "2025-01-24T19:13:24.190543Z",
            "yes_price": 22,
            "no_price": 78,
            "taker_side": "no"
        },
        {
            "trade_id": "6741bd6c-2b6d-434b-925d-f604dee5f97a",
            "ticker": "KXHIGHCHI-25JAN25-B35.5",
            "count": 3,
            "created_time": "2025-01-24T19:11:31.306003Z",
            "yes_price": 22,
            "no_price": 78,
            "taker_side": "no"
        },
        {
            "trade_id": "284509db-7ce7-451f-bed9-f62e80e97a74",
            "ticker": "KXHIGHCHI-25JAN25-B35.5",
            "count": 6,
            "created_time": "2025-01-24T19:10:22.809173Z",
            "yes_price": 22,
            "no_price": 78,
            "taker_side": "no"
        },
        {
            "trade_id": "c3c7d7a3-bfd4-4fe2-9a51-2d353b801399",
            "ticker": "KXHIGHCHI-25JAN25-B35.5",
            "count": 3,
            "created_time": "2025-01-24T19:07:06.704215Z",
            "yes_price": 22,
            "no_price": 78,
            "taker_side": "no"
        },
        {
            "trade_id": "47e5a5c3-828b-4ef1-aea2-dfb27c4e5d5b",
            "ticker": "KXHIGHCHI-25JAN25-B35.5",
            "count": 50,
            "created_time": "2025-01-24T19:03:58.594306Z",
            "yes_price": 22,
            "no_price": 78,
            "taker_side": "no"
        },
        {
            "trade_id": "60aa3005-270b-40a8-adb9-476c9fb02c07",
            "ticker": "KXHIGHCHI-25JAN25-B35.5",
            "count": 39,
            "created_time": "2025-01-24T19:03:48.980911Z",
            "yes_price": 23,
            "no_price": 77,
            "taker_side": "no"
        },
        {
            "trade_id": "712496e0-6635-48ec-95ac-326e3a6a54cf",
            "ticker": "KXHIGHCHI-25JAN25-B35.5",
            "count": 15,
            "created_time": "2025-01-24T19:03:48.799845Z",
            "yes_price": 23,
            "no_price": 77,
            "taker_side": "no"
        },
        {
            "trade_id": "f0288982-c106-45e1-b848-9effd5afcaf8",
            "ticker": "KXHIGHCHI-25JAN25-B35.5",
            "count": 2,
            "created_time": "2025-01-24T18:53:52.716231Z",
            "yes_price": 23,
            "no_price": 77,
            "taker_side": "no"
        },
        {
            "trade_id": "b2ff3116-e0b5-41c4-96e8-afe9c924027f",
            "ticker": "KXHIGHCHI-25JAN25-B35.5",
            "count": 18,
            "created_time": "2025-01-24T18:43:18.971508Z",
            "yes_price": 23,
            "no_price": 77,
            "taker_side": "no"
        },
        {
            "trade_id": "3cd5721f-7324-46df-a22a-ba7b9adf1e0f",
            "ticker": "KXHIGHCHI-25JAN25-B35.5",
            "count": 3,
            "created_time": "2025-01-24T18:34:50.608527Z",
            "yes_price": 23,
            "no_price": 77,
            "taker_side": "no"
        },
        {
            "trade_id": "a044bdfe-6576-4f8f-ae65-3c08a7722c42",
            "ticker": "KXHIGHCHI-25JAN25-B35.5",
            "count": 10,
            "created_time": "2025-01-24T17:42:53.054033Z",
            "yes_price": 23,
            "no_price": 77,
            "taker_side": "no"
        },
        {
            "trade_id": "9ce63c58-b1f4-4759-a662-872be791a0ed",
            "ticker": "KXHIGHCHI-25JAN25-B35.5",
            "count": 1,
            "created_time": "2025-01-24T17:02:40.129051Z",
            "yes_price": 23,
            "no_price": 77,
            "taker_side": "no"
        },
        {
            "trade_id": "75edd694-794b-4614-b192-76f9e5a5858c",
            "ticker": "KXHIGHCHI-25JAN25-B35.5",
            "count": 3,
            "created_time": "2025-01-24T16:53:06.091511Z",
            "yes_price": 23,
            "no_price": 77,
            "taker_side": "no"
        },
        {
            "trade_id": "23af7390-b8ee-4a28-b670-a2e205d3706c",
            "ticker": "KXHIGHCHI-25JAN25-B35.5",
            "count": 1,
            "created_time": "2025-01-24T16:03:48.474361Z",
            "yes_price": 24,
            "no_price": 76,
            "taker_side": "no"
        },
        {
            "trade_id": "51b92a1d-7d7e-4bef-81f4-7a44fc680a4c",
            "ticker": "KXHIGHCHI-25JAN25-B35.5",
            "count": 8,
            "created_time": "2025-01-24T16:01:00.276823Z",
            "yes_price": 24,
            "no_price": 76,
            "taker_side": "no"
        }
    ],
    "KXHIGHCHI-25JAN25-B37.5": [
        {
            "trade_id": "56fa9f5e-a332-44c2-8de7-082685a150a0",
            "ticker": "KXHIGHCHI-25JAN25-B37.5",
            "count": 93,
            "created_time": "2025-01-26T04:54:18.822961Z",
            "yes_price": 1,
            "no_price": 99,
            "taker_side": "yes"
        },
        {
            "trade_id": "f8562e1c-cd11-46a0-868e-917a5cfda37c",
            "ticker": "KXHIGHCHI-25JAN25-B37.5",
            "count": 187,
            "created_time": "2025-01-25T20:13:14.5422Z",
            "yes_price": 1,
            "no_price": 99,
            "taker_side": "yes"
        },
        {
            "trade_id": "d1b96ff8-9f93-4316-accc-e8744744f110",
            "ticker": "KXHIGHCHI-25JAN25-B37.5",
            "count": 93,
            "created_time": "2025-01-25T18:53:41.731325Z",
            "yes_price": 1,
            "no_price": 99,
            "taker_side": "yes"
        },
        {
            "trade_id": "a7b571cb-9c73-4a57-9efa-a82d9496cf10",
            "ticker": "KXHIGHCHI-25JAN25-B37.5",
            "count": 20,
            "created_time": "2025-01-25T18:19:30.178862Z",
            "yes_price": 1,
            "no_price": 99,
            "taker_side": "no"
        },
        {
            "trade_id": "c86f34ad-cb68-4ad0-be02-c1ffb6b41991",
            "ticker": "KXHIGHCHI-25JAN25-B37.5",
            "count": 31,
            "created_time": "2025-01-25T18:14:35.928501Z",
            "yes_price": 3,
            "no_price": 97,
            "taker_side": "yes"
        },
        {
            "trade_id": "dd8c9570-676f-4225-8865-ba637585f4a9",
            "ticker": "KXHIGHCHI-25JAN25-B37.5",
            "count": 94,
            "created_time": "2025-01-25T18:09:41.741389Z",
            "yes_price": 3,
            "no_price": 97,
            "taker_side": "yes"
        },
        {
            "trade_id": "0bb48621-8b57-4a14-b6be-58cb05f0cc33",
            "ticker": "KXHIGHCHI-25JAN25-B37.5",
            "count": 6,
            "created_time": "2025-01-25T18:09:41.741389Z",
            "yes_price": 2,
            "no_price": 98,
            "taker_side": "yes"
        },
        {
            "trade_id": "f56d6efa-c2e6-4e72-8ad9-5747e0a2f790",
            "ticker": "KXHIGHCHI-25JAN25-B37.5",
            "count": 1,
            "created_time": "2025-01-25T17:43:45.156689Z",
            "yes_price": 3,
            "no_price": 97,
            "taker_side": "yes"
        },
        {
            "trade_id": "02500a68-3523-42c5-84fb-abbc496e857f",
            "ticker": "KXHIGHCHI-25JAN25-B37.5",
            "count": 3,
            "created_time": "2025-01-25T17:42:43.930971Z",
            "yes_price": 2,
            "no_price": 98,
            "taker_side": "yes"
        },
        {
            "trade_id": "826ab520-2868-4cc9-831f-18dd798c6f48",
            "ticker": "KXHIGHCHI-25JAN25-B37.5",
            "count": 4,
            "created_time": "2025-01-25T17:42:40.669411Z",
            "yes_price": 2,
            "no_price": 98,
            "taker_side": "yes"
        },
        {
            "trade_id": "c8195a28-bef3-4866-aff0-6fc7a9f2fda8",
            "ticker": "KXHIGHCHI-25JAN25-B37.5",
            "count": 4,
            "created_time": "2025-01-25T17:42:37.565309Z",
            "yes_price": 2,
            "no_price": 98,
            "taker_side": "yes"
        },
        {
            "trade_id": "6edfe75c-32fc-4030-803b-19399532fc13",
            "ticker": "KXHIGHCHI-25JAN25-B37.5",
            "count": 5,
            "created_time": "2025-01-25T17:42:33.40864Z",
            "yes_price": 2,
            "no_price": 98,
            "taker_side": "yes"
        },
        {
            "trade_id": "93519aef-b5d6-42e9-8537-3212117e23de",
            "ticker": "KXHIGHCHI-25JAN25-B37.5",
            "count": 4,
            "created_time": "2025-01-25T17:42:29.616689Z",
            "yes_price": 2,
            "no_price": 98,
            "taker_side": "yes"
        },
        {
            "trade_id": "a79fe8db-d113-4b77-815a-a2d47f3b9f2e",
            "ticker": "KXHIGHCHI-25JAN25-B37.5",
            "count": 6,
            "created_time": "2025-01-25T17:42:26.430451Z",
            "yes_price": 2,
            "no_price": 98,
            "taker_side": "yes"
        },
        {
            "trade_id": "4edfad59-f46e-4e03-ab18-4f517e3d0ad4",
            "ticker": "KXHIGHCHI-25JAN25-B37.5",
            "count": 5,
            "created_time": "2025-01-25T17:42:23.340119Z",
            "yes_price": 2,
            "no_price": 98,
            "taker_side": "yes"
        },
        {
            "trade_id": "7e74de78-f21e-4d63-b54b-09e83b2f6528",
            "ticker": "KXHIGHCHI-25JAN25-B37.5",
            "count": 7,
            "created_time": "2025-01-25T17:42:19.153566Z",
            "yes_price": 2,
            "no_price": 98,
            "taker_side": "yes"
        },
        {
            "trade_id": "0b639215-d974-4ab8-8278-8faf944ab02b",
            "ticker": "KXHIGHCHI-25JAN25-B37.5",
            "count": 6,
            "created_time": "2025-01-25T17:42:14.510542Z",
            "yes_price": 2,
            "no_price": 98,
            "taker_side": "yes"
        },
        {
            "trade_id": "5e58ed3a-ea15-4f86-82c5-4ae40ee190d1",
            "ticker": "KXHIGHCHI-25JAN25-B37.5",
            "count": 2,
            "created_time": "2025-01-25T17:42:09.966525Z",
            "yes_price": 2,
            "no_price": 98,
            "taker_side": "yes"
        },
        {
            "trade_id": "b8e554dc-fc17-4ef2-be52-70926683333f",
            "ticker": "KXHIGHCHI-25JAN25-B37.5",
            "count": 3,
            "created_time": "2025-01-25T17:42:06.747453Z",
            "yes_price": 2,
            "no_price": 98,
            "taker_side": "yes"
        },
        {
            "trade_id": "62f10f28-8ee5-4f6b-863e-344a7079a078",
            "ticker": "KXHIGHCHI-25JAN25-B37.5",
            "count": 1,
            "created_time": "2025-01-25T17:42:03.358539Z",
            "yes_price": 2,
            "no_price": 98,
            "taker_side": "yes"
        },
        {
            "trade_id": "caeeb50b-961c-48f7-a19b-8680c49f0434",
            "ticker": "KXHIGHCHI-25JAN25-B37.5",
            "count": 50,
            "created_time": "2025-01-25T17:32:02.903635Z",
            "yes_price": 2,
            "no_price": 98,
            "taker_side": "no"
        },
        {
            "trade_id": "38faf985-f56f-4117-8f98-a219dd7df018",
            "ticker": "KXHIGHCHI-25JAN25-B37.5",
            "count": 39,
            "created_time": "2025-01-25T17:29:04.519204Z",
            "yes_price": 2,
            "no_price": 98,
            "taker_side": "no"
        },
        {
            "trade_id": "e6c4b410-3037-4335-9524-35abcc13f74b",
            "ticker": "KXHIGHCHI-25JAN25-B37.5",
            "count": 11,
            "created_time": "2025-01-25T17:26:40.687741Z",
            "yes_price": 4,
            "no_price": 96,
            "taker_side": "yes"
        },
        {
            "trade_id": "0de458ab-7c5b-475c-bb2d-df2165695aa8",
            "ticker": "KXHIGHCHI-25JAN25-B37.5",
            "count": 4,
            "created_time": "2025-01-25T17:26:40.687741Z",
            "yes_price": 3,
            "no_price": 97,
            "taker_side": "yes"
        },
        {
            "trade_id": "dcc902df-8a89-4153-b798-f500bf1d6514",
            "ticker": "KXHIGHCHI-25JAN25-B37.5",
            "count": 100,
            "created_time": "2025-01-25T17:24:22.369943Z",
            "yes_price": 2,
            "no_price": 98,
            "taker_side": "no"
        },
        {
            "trade_id": "889a0352-5c75-48af-9052-27255ac3d050",
            "ticker": "KXHIGHCHI-25JAN25-B37.5",
            "count": 11,
            "created_time": "2025-01-25T17:09:50.636647Z",
            "yes_price": 2,
            "no_price": 98,
            "taker_side": "no"
        },
        {
            "trade_id": "ff8464b0-6eb6-416e-a3b7-4aead39bd14b",
            "ticker": "KXHIGHCHI-25JAN25-B37.5",
            "count": 834,
            "created_time": "2025-01-25T17:09:34.343592Z",
            "yes_price": 3,
            "no_price": 97,
            "taker_side": "no"
        },
        {
            "trade_id": "bcbb6693-a4b5-43ff-bf1e-c521fdebc39d",
            "ticker": "KXHIGHCHI-25JAN25-B37.5",
            "count": 250,
            "created_time": "2025-01-25T17:06:41.894636Z",
            "yes_price": 3,
            "no_price": 97,
            "taker_side": "no"
        },
        {
            "trade_id": "58b91986-7606-4be0-95e8-74ab7be6f226",
            "ticker": "KXHIGHCHI-25JAN25-B37.5",
            "count": 250,
            "created_time": "2025-01-25T17:05:45.805528Z",
            "yes_price": 3,
            "no_price": 97,
            "taker_side": "no"
        },
        {
            "trade_id": "e8c640f3-f262-4380-ac31-28cad85a741f",
            "ticker": "KXHIGHCHI-25JAN25-B37.5",
            "count": 1,
            "created_time": "2025-01-25T17:05:28.810152Z",
            "yes_price": 4,
            "no_price": 96,
            "taker_side": "yes"
        },
        {
            "trade_id": "c68538fa-74d2-4d36-8834-47aa2b827269",
            "ticker": "KXHIGHCHI-25JAN25-B37.5",
            "count": 708,
            "created_time": "2025-01-25T17:05:15.81223Z",
            "yes_price": 4,
            "no_price": 96,
            "taker_side": "no"
        },
        {
            "trade_id": "32e014ce-2a70-41d2-a755-6d79bd7de3ee",
            "ticker": "KXHIGHCHI-25JAN25-B37.5",
            "count": 22,
            "created_time": "2025-01-25T17:05:15.223028Z",
            "yes_price": 4,
            "no_price": 96,
            "taker_side": "no"
        },
        {
            "trade_id": "2f3a0bb3-f82b-4cba-9dcc-dd22ba7795a6",
            "ticker": "KXHIGHCHI-25JAN25-B37.5",
            "count": 73,
            "created_time": "2025-01-25T16:58:55.610998Z",
            "yes_price": 6,
            "no_price": 94,
            "taker_side": "yes"
        },
        {
            "trade_id": "095c72c2-358c-4a26-9b97-93bbdcf832f8",
            "ticker": "KXHIGHCHI-25JAN25-B37.5",
            "count": 5,
            "created_time": "2025-01-25T16:58:55.610998Z",
            "yes_price": 6,
            "no_price": 94,
            "taker_side": "yes"
        },
        {
            "trade_id": "353c9261-79e9-49e1-8a27-78562bf62164",
            "ticker": "KXHIGHCHI-25JAN25-B37.5",
            "count": 50,
            "created_time": "2025-01-25T16:53:28.990205Z",
            "yes_price": 4,
            "no_price": 96,
            "taker_side": "no"
        },
        {
            "trade_id": "2c8aa915-d907-404f-a203-49392f76e0e6",
            "ticker": "KXHIGHCHI-25JAN25-B37.5",
            "count": 5,
            "created_time": "2025-01-25T16:49:29.882374Z",
            "yes_price": 4,
            "no_price": 96,
            "taker_side": "no"
        },
        {
            "trade_id": "30eeaef2-acdd-4c18-a3e0-16db1059df59",
            "ticker": "KXHIGHCHI-25JAN25-B37.5",
            "count": 15,
            "created_time": "2025-01-25T16:45:03.098158Z",
            "yes_price": 4,
            "no_price": 96,
            "taker_side": "no"
        },
        {
            "trade_id": "fa013e15-c790-4a64-99bd-9d17b29f2f32",
            "ticker": "KXHIGHCHI-25JAN25-B37.5",
            "count": 22,
            "created_time": "2025-01-25T16:34:19.948227Z",
            "yes_price": 7,
            "no_price": 93,
            "taker_side": "yes"
        },
        {
            "trade_id": "c9429bba-abfa-40af-ac9c-a4cb9648fdd7",
            "ticker": "KXHIGHCHI-25JAN25-B37.5",
            "count": 22,
            "created_time": "2025-01-25T16:29:26.826491Z",
            "yes_price": 5,
            "no_price": 95,
            "taker_side": "no"
        },
        {
            "trade_id": "d5b5ab65-9f59-4160-878b-ed672656f791",
            "ticker": "KXHIGHCHI-25JAN25-B37.5",
            "count": 28,
            "created_time": "2025-01-25T16:10:00.632132Z",
            "yes_price": 5,
            "no_price": 95,
            "taker_side": "no"
        },
        {
            "trade_id": "445589ce-4ef7-42e9-a693-d3dff30cfffc",
            "ticker": "KXHIGHCHI-25JAN25-B37.5",
            "count": 5,
            "created_time": "2025-01-25T16:10:00.632132Z",
            "yes_price": 5,
            "no_price": 95,
            "taker_side": "no"
        },
        {
            "trade_id": "f165d386-dce2-4ef0-af65-ec5cddf4da4a",
            "ticker": "KXHIGHCHI-25JAN25-B37.5",
            "count": 33,
            "created_time": "2025-01-25T16:03:38.543022Z",
            "yes_price": 11,
            "no_price": 89,
            "taker_side": "yes"
        },
        {
            "trade_id": "7bc42f30-3dd8-4e78-9b70-4da80c5bf3cd",
            "ticker": "KXHIGHCHI-25JAN25-B37.5",
            "count": 20,
            "created_time": "2025-01-25T16:01:26.664119Z",
            "yes_price": 11,
            "no_price": 89,
            "taker_side": "yes"
        },
        {
            "trade_id": "424f7208-92dd-4951-a649-802aad0f60f1",
            "ticker": "KXHIGHCHI-25JAN25-B37.5",
            "count": 9,
            "created_time": "2025-01-25T16:01:26.664119Z",
            "yes_price": 12,
            "no_price": 88,
            "taker_side": "yes"
        },
        {
            "trade_id": "3e2d5f32-7632-44b4-bea2-86c4c71137bb",
            "ticker": "KXHIGHCHI-25JAN25-B37.5",
            "count": 6,
            "created_time": "2025-01-25T16:01:26.664119Z",
            "yes_price": 12,
            "no_price": 88,
            "taker_side": "yes"
        },
        {
            "trade_id": "f4458550-73a2-47c9-8a8d-5db44faf4965",
            "ticker": "KXHIGHCHI-25JAN25-B37.5",
            "count": 10,
            "created_time": "2025-01-25T16:00:37.958925Z",
            "yes_price": 10,
            "no_price": 90,
            "taker_side": "no"
        },
        {
            "trade_id": "03597c23-badd-4f2b-b5e8-87288d29e6d7",
            "ticker": "KXHIGHCHI-25JAN25-B37.5",
            "count": 10,
            "created_time": "2025-01-25T16:00:37.958925Z",
            "yes_price": 10,
            "no_price": 90,
            "taker_side": "no"
        },
        {
            "trade_id": "e8283f20-9326-4b3a-87fa-ff91e072e136",
            "ticker": "KXHIGHCHI-25JAN25-B37.5",
            "count": 14,
            "created_time": "2025-01-25T15:53:58.604497Z",
            "yes_price": 12,
            "no_price": 88,
            "taker_side": "yes"
        },
        {
            "trade_id": "994f3934-1a4e-4dbf-b365-0bbe12b27161",
            "ticker": "KXHIGHCHI-25JAN25-B37.5",
            "count": 13,
            "created_time": "2025-01-25T15:53:58.604497Z",
            "yes_price": 12,
            "no_price": 88,
            "taker_side": "yes"
        },
        {
            "trade_id": "78a5e4ed-c536-4ff3-9ab3-6a121ed3f10f",
            "ticker": "KXHIGHCHI-25JAN25-B37.5",
            "count": 1,
            "created_time": "2025-01-25T15:53:58.604497Z",
            "yes_price": 12,
            "no_price": 88,
            "taker_side": "yes"
        },
        {
            "trade_id": "63616be6-2916-4d0b-8d5a-bfd83241f07b",
            "ticker": "KXHIGHCHI-25JAN25-B37.5",
            "count": 10,
            "created_time": "2025-01-25T15:53:58.604497Z",
            "yes_price": 13,
            "no_price": 87,
            "taker_side": "yes"
        },
        {
            "trade_id": "3d27501b-92f9-4c2b-a2ba-ff7ca58b7a76",
            "ticker": "KXHIGHCHI-25JAN25-B37.5",
            "count": 9,
            "created_time": "2025-01-25T15:51:32.631934Z",
            "yes_price": 10,
            "no_price": 90,
            "taker_side": "yes"
        },
        {
            "trade_id": "dfc90cd7-b233-47aa-b3c6-56e7af8c12a1",
            "ticker": "KXHIGHCHI-25JAN25-B37.5",
            "count": 3,
            "created_time": "2025-01-25T15:50:23.300596Z",
            "yes_price": 8,
            "no_price": 92,
            "taker_side": "no"
        },
        {
            "trade_id": "a613c4e2-3b8e-47d8-8db9-b1f4b2e9b2b7",
            "ticker": "KXHIGHCHI-25JAN25-B37.5",
            "count": 2,
            "created_time": "2025-01-25T15:47:26.124999Z",
            "yes_price": 9,
            "no_price": 91,
            "taker_side": "no"
        },
        {
            "trade_id": "8e219c45-f1df-4002-a6f2-733d932db4b3",
            "ticker": "KXHIGHCHI-25JAN25-B37.5",
            "count": 157,
            "created_time": "2025-01-25T15:47:26.124999Z",
            "yes_price": 6,
            "no_price": 94,
            "taker_side": "no"
        },
        {
            "trade_id": "66a15f16-950f-473d-ae60-9d16c265a814",
            "ticker": "KXHIGHCHI-25JAN25-B37.5",
            "count": 10,
            "created_time": "2025-01-25T15:47:26.124999Z",
            "yes_price": 8,
            "no_price": 92,
            "taker_side": "no"
        },
        {
            "trade_id": "1e31e778-2812-4efa-afcd-975b2c23d42c",
            "ticker": "KXHIGHCHI-25JAN25-B37.5",
            "count": 81,
            "created_time": "2025-01-25T15:47:26.124999Z",
            "yes_price": 8,
            "no_price": 92,
            "taker_side": "no"
        },
        {
            "trade_id": "8f360cbc-1e46-4418-ad0a-21bd502cec57",
            "ticker": "KXHIGHCHI-25JAN25-B37.5",
            "count": 21,
            "created_time": "2025-01-25T15:45:42.576004Z",
            "yes_price": 9,
            "no_price": 91,
            "taker_side": "yes"
        },
        {
            "trade_id": "ea084ecd-6cc9-46f6-9688-019ad5b68d03",
            "ticker": "KXHIGHCHI-25JAN25-B37.5",
            "count": 2,
            "created_time": "2025-01-25T15:45:31.130368Z",
            "yes_price": 10,
            "no_price": 90,
            "taker_side": "yes"
        },
        {
            "trade_id": "483a1db4-463b-4b5c-a8d6-ac9dface1613",
            "ticker": "KXHIGHCHI-25JAN25-B37.5",
            "count": 4,
            "created_time": "2025-01-25T15:45:31.130368Z",
            "yes_price": 9,
            "no_price": 91,
            "taker_side": "yes"
        },
        {
            "trade_id": "cdce71ab-ca1b-4915-ba62-306a67f8f6b4",
            "ticker": "KXHIGHCHI-25JAN25-B37.5",
            "count": 6,
            "created_time": "2025-01-25T15:44:21.629074Z",
            "yes_price": 8,
            "no_price": 92,
            "taker_side": "no"
        },
        {
            "trade_id": "5791796b-652e-4087-94fd-f8e31fd2fad5",
            "ticker": "KXHIGHCHI-25JAN25-B37.5",
            "count": 10,
            "created_time": "2025-01-25T15:44:09.281897Z",
            "yes_price": 8,
            "no_price": 92,
            "taker_side": "no"
        },
        {
            "trade_id": "32f5eb64-a3ca-40e2-8987-7e0c0dfc5463",
            "ticker": "KXHIGHCHI-25JAN25-B37.5",
            "count": 12,
            "created_time": "2025-01-25T15:44:09.281897Z",
            "yes_price": 8,
            "no_price": 92,
            "taker_side": "no"
        },
        {
            "trade_id": "eb0a44f3-98d5-4848-8a95-315f113440c8",
            "ticker": "KXHIGHCHI-25JAN25-B37.5",
            "count": 10,
            "created_time": "2025-01-25T15:44:00.20187Z",
            "yes_price": 9,
            "no_price": 91,
            "taker_side": "no"
        },
        {
            "trade_id": "9522c2fe-29d8-4cd1-983b-4722fa3c7d77",
            "ticker": "KXHIGHCHI-25JAN25-B37.5",
            "count": 9,
            "created_time": "2025-01-25T15:43:48.896165Z",
            "yes_price": 9,
            "no_price": 91,
            "taker_side": "no"
        },
        {
            "trade_id": "943ef50b-e18f-4767-850e-0c73f9bd8eea",
            "ticker": "KXHIGHCHI-25JAN25-B37.5",
            "count": 13,
            "created_time": "2025-01-25T15:43:48.896165Z",
            "yes_price": 9,
            "no_price": 91,
            "taker_side": "no"
        },
        {
            "trade_id": "3142ce40-7867-4488-a9a4-851934027ab4",
            "ticker": "KXHIGHCHI-25JAN25-B37.5",
            "count": 6,
            "created_time": "2025-01-25T15:38:45.898815Z",
            "yes_price": 11,
            "no_price": 89,
            "taker_side": "yes"
        },
        {
            "trade_id": "a145b4bb-713d-46c8-a6dc-923d892a94bd",
            "ticker": "KXHIGHCHI-25JAN25-B37.5",
            "count": 4,
            "created_time": "2025-01-25T15:38:43.89373Z",
            "yes_price": 11,
            "no_price": 89,
            "taker_side": "yes"
        },
        {
            "trade_id": "539668b5-b200-47d7-bdc0-e1a0aa4683e3",
            "ticker": "KXHIGHCHI-25JAN25-B37.5",
            "count": 21,
            "created_time": "2025-01-25T15:36:28.243938Z",
            "yes_price": 10,
            "no_price": 90,
            "taker_side": "yes"
        },
        {
            "trade_id": "51a94d3b-ef5b-48a6-809d-764e26792949",
            "ticker": "KXHIGHCHI-25JAN25-B37.5",
            "count": 12,
            "created_time": "2025-01-25T15:33:43.193897Z",
            "yes_price": 10,
            "no_price": 90,
            "taker_side": "yes"
        },
        {
            "trade_id": "01d7318e-9503-4968-b38f-736201af34e8",
            "ticker": "KXHIGHCHI-25JAN25-B37.5",
            "count": 8,
            "created_time": "2025-01-25T15:33:43.193897Z",
            "yes_price": 10,
            "no_price": 90,
            "taker_side": "yes"
        },
        {
            "trade_id": "e82c4ded-4251-45eb-9681-4268037da37c",
            "ticker": "KXHIGHCHI-25JAN25-B37.5",
            "count": 18,
            "created_time": "2025-01-25T15:33:12.061499Z",
            "yes_price": 10,
            "no_price": 90,
            "taker_side": "yes"
        },
        {
            "trade_id": "51c69dfe-22da-40e5-b708-00420c21e26a",
            "ticker": "KXHIGHCHI-25JAN25-B37.5",
            "count": 13,
            "created_time": "2025-01-25T15:33:12.061499Z",
            "yes_price": 10,
            "no_price": 90,
            "taker_side": "yes"
        },
        {
            "trade_id": "fc833d59-8df2-42f2-8e2f-96fb83854372",
            "ticker": "KXHIGHCHI-25JAN25-B37.5",
            "count": 5,
            "created_time": "2025-01-25T15:32:28.999661Z",
            "yes_price": 10,
            "no_price": 90,
            "taker_side": "yes"
        },
        {
            "trade_id": "8b06d9d1-6b0c-4f1d-8396-1d4100f27f28",
            "ticker": "KXHIGHCHI-25JAN25-B37.5",
            "count": 1,
            "created_time": "2025-01-25T15:32:14.789691Z",
            "yes_price": 10,
            "no_price": 90,
            "taker_side": "yes"
        },
        {
            "trade_id": "bea22596-9c8d-427c-95c6-c84cb5a585a0",
            "ticker": "KXHIGHCHI-25JAN25-B37.5",
            "count": 26,
            "created_time": "2025-01-25T15:24:36.555557Z",
            "yes_price": 12,
            "no_price": 88,
            "taker_side": "yes"
        },
        {
            "trade_id": "b492bbbb-7bc6-400d-b334-7eae5cb96216",
            "ticker": "KXHIGHCHI-25JAN25-B37.5",
            "count": 6,
            "created_time": "2025-01-25T15:24:36.555557Z",
            "yes_price": 10,
            "no_price": 90,
            "taker_side": "yes"
        },
        {
            "trade_id": "b120ed89-bdfb-441f-aac2-4aa5ad6e2c1f",
            "ticker": "KXHIGHCHI-25JAN25-B37.5",
            "count": 107,
            "created_time": "2025-01-25T15:24:36.555557Z",
            "yes_price": 12,
            "no_price": 88,
            "taker_side": "yes"
        },
        {
            "trade_id": "541e9b6b-00b0-49d1-826d-7d7ae4c864da",
            "ticker": "KXHIGHCHI-25JAN25-B37.5",
            "count": 18,
            "created_time": "2025-01-25T15:24:36.555557Z",
            "yes_price": 11,
            "no_price": 89,
            "taker_side": "yes"
        },
        {
            "trade_id": "2483aada-2bbe-4e8f-bb9b-26c3140a5b83",
            "ticker": "KXHIGHCHI-25JAN25-B37.5",
            "count": 5,
            "created_time": "2025-01-25T15:11:17.808786Z",
            "yes_price": 6,
            "no_price": 94,
            "taker_side": "yes"
        },
        {
            "trade_id": "e5bcb1c3-1820-4907-9f3f-273ded1c1602",
            "ticker": "KXHIGHCHI-25JAN25-B37.5",
            "count": 15,
            "created_time": "2025-01-25T15:03:42.104658Z",
            "yes_price": 6,
            "no_price": 94,
            "taker_side": "yes"
        },
        {
            "trade_id": "e28a268c-73b3-4a03-ad12-5c6d094af921",
            "ticker": "KXHIGHCHI-25JAN25-B37.5",
            "count": 26,
            "created_time": "2025-01-25T15:03:25.960946Z",
            "yes_price": 6,
            "no_price": 94,
            "taker_side": "yes"
        },
        {
            "trade_id": "11e99e0e-8eb9-4c27-8831-1d084cc12c6b",
            "ticker": "KXHIGHCHI-25JAN25-B37.5",
            "count": 52,
            "created_time": "2025-01-25T15:03:25.960946Z",
            "yes_price": 6,
            "no_price": 94,
            "taker_side": "yes"
        },
        {
            "trade_id": "039b3a60-f8e6-494f-9194-304291a2ba23",
            "ticker": "KXHIGHCHI-25JAN25-B37.5",
            "count": 73,
            "created_time": "2025-01-25T15:00:26.34246Z",
            "yes_price": 5,
            "no_price": 95,
            "taker_side": "no"
        },
        {
            "trade_id": "78258430-b272-4a5c-8f75-c1e158c72ba7",
            "ticker": "KXHIGHCHI-25JAN25-B37.5",
            "count": 15,
            "created_time": "2025-01-25T14:57:58.928558Z",
            "yes_price": 6,
            "no_price": 94,
            "taker_side": "yes"
        },
        {
            "trade_id": "fd37a517-e259-46f5-8ed8-23588fda1f12",
            "ticker": "KXHIGHCHI-25JAN25-B37.5",
            "count": 26,
            "created_time": "2025-01-25T14:56:13.369219Z",
            "yes_price": 7,
            "no_price": 93,
            "taker_side": "yes"
        },
        {
            "trade_id": "9867cac2-ed20-4f24-b50d-b00149dc1a81",
            "ticker": "KXHIGHCHI-25JAN25-B37.5",
            "count": 8,
            "created_time": "2025-01-25T14:54:25.975943Z",
            "yes_price": 5,
            "no_price": 95,
            "taker_side": "no"
        },
        {
            "trade_id": "9ceaea50-49d4-4400-9ff8-342557c1c14c",
            "ticker": "KXHIGHCHI-25JAN25-B37.5",
            "count": 89,
            "created_time": "2025-01-25T14:52:24.350819Z",
            "yes_price": 5,
            "no_price": 95,
            "taker_side": "no"
        },
        {
            "trade_id": "da2e8b5b-9daa-4fc0-ba99-d1ece2ccb77b",
            "ticker": "KXHIGHCHI-25JAN25-B37.5",
            "count": 21,
            "created_time": "2025-01-25T14:52:22.207317Z",
            "yes_price": 4,
            "no_price": 96,
            "taker_side": "yes"
        },
        {
            "trade_id": "a8568f14-5a54-453a-bb99-7d660c97c55a",
            "ticker": "KXHIGHCHI-25JAN25-B37.5",
            "count": 2,
            "created_time": "2025-01-25T14:52:22.207317Z",
            "yes_price": 4,
            "no_price": 96,
            "taker_side": "yes"
        },
        {
            "trade_id": "fe21b2f4-dddf-4d5e-b92b-5889409195cc",
            "ticker": "KXHIGHCHI-25JAN25-B37.5",
            "count": 23,
            "created_time": "2025-01-25T14:47:17.640338Z",
            "yes_price": 3,
            "no_price": 97,
            "taker_side": "no"
        },
        {
            "trade_id": "f2dba052-ef56-4822-9141-401fe523ec41",
            "ticker": "KXHIGHCHI-25JAN25-B37.5",
            "count": 100,
            "created_time": "2025-01-25T14:47:17.640338Z",
            "yes_price": 2,
            "no_price": 98,
            "taker_side": "no"
        },
        {
            "trade_id": "e71f625a-affa-462d-842b-5d8aee9ac56c",
            "ticker": "KXHIGHCHI-25JAN25-B37.5",
            "count": 17,
            "created_time": "2025-01-25T14:47:17.640338Z",
            "yes_price": 4,
            "no_price": 96,
            "taker_side": "no"
        },
        {
            "trade_id": "da9a413d-eb21-47c7-9c64-caed2ff3570c",
            "ticker": "KXHIGHCHI-25JAN25-B37.5",
            "count": 132,
            "created_time": "2025-01-25T14:47:17.640338Z",
            "yes_price": 1,
            "no_price": 99,
            "taker_side": "no"
        },
        {
            "trade_id": "bef8ba52-b81c-4ec2-9b4f-c16a7f89d527",
            "ticker": "KXHIGHCHI-25JAN25-B37.5",
            "count": 300,
            "created_time": "2025-01-25T14:47:17.640338Z",
            "yes_price": 2,
            "no_price": 98,
            "taker_side": "no"
        },
        {
            "trade_id": "37f1d6df-197c-4cc6-a2ab-ae72343692a2",
            "ticker": "KXHIGHCHI-25JAN25-B37.5",
            "count": 50,
            "created_time": "2025-01-25T14:47:17.640338Z",
            "yes_price": 2,
            "no_price": 98,
            "taker_side": "no"
        },
        {
            "trade_id": "3151811d-58a2-4e18-bb70-e126b2846b32",
            "ticker": "KXHIGHCHI-25JAN25-B37.5",
            "count": 367,
            "created_time": "2025-01-25T14:47:17.640338Z",
            "yes_price": 3,
            "no_price": 97,
            "taker_side": "no"
        },
        {
            "trade_id": "7e3bb804-ddb5-4010-8610-98b69a119b49",
            "ticker": "KXHIGHCHI-25JAN25-B37.5",
            "count": 18,
            "created_time": "2025-01-25T14:45:52.397531Z",
            "yes_price": 4,
            "no_price": 96,
            "taker_side": "yes"
        },
        {
            "trade_id": "6641c7aa-8121-4cad-b881-55ceded4be9d",
            "ticker": "KXHIGHCHI-25JAN25-B37.5",
            "count": 65,
            "created_time": "2025-01-25T14:45:52.397531Z",
            "yes_price": 4,
            "no_price": 96,
            "taker_side": "yes"
        },
        {
            "trade_id": "6d5b6117-7f82-4f20-b100-784829d3724c",
            "ticker": "KXHIGHCHI-25JAN25-B37.5",
            "count": 12,
            "created_time": "2025-01-25T14:42:32.076257Z",
            "yes_price": 3,
            "no_price": 97,
            "taker_side": "no"
        },
        {
            "trade_id": "44ce42d2-89a1-4457-8980-521d25948383",
            "ticker": "KXHIGHCHI-25JAN25-B37.5",
            "count": 57,
            "created_time": "2025-01-25T14:39:24.163561Z",
            "yes_price": 3,
            "no_price": 97,
            "taker_side": "no"
        },
        {
            "trade_id": "e3ccb33f-9917-4d1b-bc30-876b801013d3",
            "ticker": "KXHIGHCHI-25JAN25-B37.5",
            "count": 23,
            "created_time": "2025-01-25T14:38:56.208185Z",
            "yes_price": 4,
            "no_price": 96,
            "taker_side": "yes"
        },
        {
            "trade_id": "8070ecdf-57a4-403d-8cd2-5047793ccbd9",
            "ticker": "KXHIGHCHI-25JAN25-B37.5",
            "count": 58,
            "created_time": "2025-01-25T14:36:24.905369Z",
            "yes_price": 3,
            "no_price": 97,
            "taker_side": "no"
        },
        {
            "trade_id": "e863ef0d-0c75-48c0-ad12-be900bd2688a",
            "ticker": "KXHIGHCHI-25JAN25-B37.5",
            "count": 6,
            "created_time": "2025-01-25T14:33:23.884227Z",
            "yes_price": 3,
            "no_price": 97,
            "taker_side": "no"
        },
        {
            "trade_id": "29184dc8-71e9-44fc-b992-eda86a604d63",
            "ticker": "KXHIGHCHI-25JAN25-B37.5",
            "count": 7,
            "created_time": "2025-01-25T14:33:23.884227Z",
            "yes_price": 3,
            "no_price": 97,
            "taker_side": "no"
        },
        {
            "trade_id": "58c46802-2cdd-4c42-9a40-cb8ae4604fcb",
            "ticker": "KXHIGHCHI-25JAN25-B37.5",
            "count": 8,
            "created_time": "2025-01-25T14:27:23.057381Z",
            "yes_price": 10,
            "no_price": 90,
            "taker_side": "no"
        },
        {
            "trade_id": "f8752947-9371-42ca-89fd-36e29983b2b4",
            "ticker": "KXHIGHCHI-25JAN25-B37.5",
            "count": 2,
            "created_time": "2025-01-25T14:24:05.296528Z",
            "yes_price": 10,
            "no_price": 90,
            "taker_side": "yes"
        },
        {
            "trade_id": "a59986a6-2906-4cdf-8ba2-8eecc73553af",
            "ticker": "KXHIGHCHI-25JAN25-B37.5",
            "count": 40,
            "created_time": "2025-01-25T14:24:05.296528Z",
            "yes_price": 10,
            "no_price": 90,
            "taker_side": "yes"
        },
        {
            "trade_id": "64d901f4-5bd9-4dcd-a21e-ad3739fe9063",
            "ticker": "KXHIGHCHI-25JAN25-B37.5",
            "count": 9,
            "created_time": "2025-01-25T14:18:40.336768Z",
            "yes_price": 10,
            "no_price": 90,
            "taker_side": "yes"
        },
        {
            "trade_id": "157bee1a-be92-4f2d-a2ce-c3450d1f3936",
            "ticker": "KXHIGHCHI-25JAN25-B37.5",
            "count": 50,
            "created_time": "2025-01-25T14:14:42.939567Z",
            "yes_price": 6,
            "no_price": 94,
            "taker_side": "no"
        },
        {
            "trade_id": "ab87aa70-a63a-466f-9aac-a576f41ebf04",
            "ticker": "KXHIGHCHI-25JAN25-B37.5",
            "count": 27,
            "created_time": "2025-01-25T14:13:36.197744Z",
            "yes_price": 10,
            "no_price": 90,
            "taker_side": "yes"
        },
        {
            "trade_id": "b27c10f9-c062-44c3-a035-ea3c758fb9e9",
            "ticker": "KXHIGHCHI-25JAN25-B37.5",
            "count": 23,
            "created_time": "2025-01-25T14:07:30.363692Z",
            "yes_price": 5,
            "no_price": 95,
            "taker_side": "yes"
        },
        {
            "trade_id": "c7aa27f7-3918-4a15-a8ba-6ef296095b3d",
            "ticker": "KXHIGHCHI-25JAN25-B37.5",
            "count": 13,
            "created_time": "2025-01-25T13:54:42.646675Z",
            "yes_price": 4,
            "no_price": 96,
            "taker_side": "yes"
        },
        {
            "trade_id": "a3bd378d-5ee7-4fad-85ca-2216b93872fe",
            "ticker": "KXHIGHCHI-25JAN25-B37.5",
            "count": 48,
            "created_time": "2025-01-25T13:54:27.235767Z",
            "yes_price": 3,
            "no_price": 97,
            "taker_side": "no"
        },
        {
            "trade_id": "25d1800c-6775-4c0f-9f3c-69ab33672bbc",
            "ticker": "KXHIGHCHI-25JAN25-B37.5",
            "count": 10,
            "created_time": "2025-01-25T13:54:27.235767Z",
            "yes_price": 3,
            "no_price": 97,
            "taker_side": "no"
        },
        {
            "trade_id": "f592c509-3826-4a4c-a588-321b57238e5b",
            "ticker": "KXHIGHCHI-25JAN25-B37.5",
            "count": 862,
            "created_time": "2025-01-25T13:52:07.725382Z",
            "yes_price": 4,
            "no_price": 96,
            "taker_side": "yes"
        },
        {
            "trade_id": "2198f4ee-fa4e-40de-ab67-e45364827b51",
            "ticker": "KXHIGHCHI-25JAN25-B37.5",
            "count": 66,
            "created_time": "2025-01-25T13:52:07.725382Z",
            "yes_price": 4,
            "no_price": 96,
            "taker_side": "yes"
        },
        {
            "trade_id": "1acf5321-0de9-4ecb-83cd-eaf1653ec558",
            "ticker": "KXHIGHCHI-25JAN25-B37.5",
            "count": 23,
            "created_time": "2025-01-25T13:51:59.126567Z",
            "yes_price": 4,
            "no_price": 96,
            "taker_side": "yes"
        },
        {
            "trade_id": "a16dc2a3-93df-4d30-95b7-696616e3d6c5",
            "ticker": "KXHIGHCHI-25JAN25-B37.5",
            "count": 34,
            "created_time": "2025-01-25T13:51:22.382649Z",
            "yes_price": 4,
            "no_price": 96,
            "taker_side": "no"
        },
        {
            "trade_id": "2617daee-136f-4b76-9bf7-d5e59ae58ed1",
            "ticker": "KXHIGHCHI-25JAN25-B37.5",
            "count": 24,
            "created_time": "2025-01-25T13:51:22.382649Z",
            "yes_price": 4,
            "no_price": 96,
            "taker_side": "no"
        },
        {
            "trade_id": "0eb78ce1-d5f2-4eb0-9338-f6f2745f3ad3",
            "ticker": "KXHIGHCHI-25JAN25-B37.5",
            "count": 963,
            "created_time": "2025-01-25T13:49:57.725489Z",
            "yes_price": 6,
            "no_price": 94,
            "taker_side": "yes"
        },
        {
            "trade_id": "d6dbef68-2bb6-4469-bf0e-6546c1454fe4",
            "ticker": "KXHIGHCHI-25JAN25-B37.5",
            "count": 15,
            "created_time": "2025-01-25T13:49:42.388567Z",
            "yes_price": 6,
            "no_price": 94,
            "taker_side": "yes"
        },
        {
            "trade_id": "4af78015-295c-4bf1-8c2e-f90976ab5ab8",
            "ticker": "KXHIGHCHI-25JAN25-B37.5",
            "count": 13,
            "created_time": "2025-01-25T13:48:43.244992Z",
            "yes_price": 7,
            "no_price": 93,
            "taker_side": "yes"
        },
        {
            "trade_id": "b6697914-7415-4f96-ad85-d23608ff07b4",
            "ticker": "KXHIGHCHI-25JAN25-B37.5",
            "count": 225,
            "created_time": "2025-01-25T13:47:15.064473Z",
            "yes_price": 5,
            "no_price": 95,
            "taker_side": "no"
        },
        {
            "trade_id": "443a22c3-9671-436c-b6f0-a778da4cabfd",
            "ticker": "KXHIGHCHI-25JAN25-B37.5",
            "count": 25,
            "created_time": "2025-01-25T13:47:15.064473Z",
            "yes_price": 5,
            "no_price": 95,
            "taker_side": "no"
        },
        {
            "trade_id": "39dbeb5f-7042-4b4d-b347-a051043bb15d",
            "ticker": "KXHIGHCHI-25JAN25-B37.5",
            "count": 2,
            "created_time": "2025-01-25T13:43:43.448543Z",
            "yes_price": 3,
            "no_price": 97,
            "taker_side": "no"
        },
        {
            "trade_id": "b3d8df56-91ef-4926-a825-f7f8c90031a3",
            "ticker": "KXHIGHCHI-25JAN25-B37.5",
            "count": 2,
            "created_time": "2025-01-25T13:42:30.545616Z",
            "yes_price": 5,
            "no_price": 95,
            "taker_side": "no"
        },
        {
            "trade_id": "777568f8-fa86-43ed-a490-310f97e896d8",
            "ticker": "KXHIGHCHI-25JAN25-B37.5",
            "count": 26,
            "created_time": "2025-01-25T13:42:30.545616Z",
            "yes_price": 6,
            "no_price": 94,
            "taker_side": "no"
        },
        {
            "trade_id": "691b8881-2242-45e6-8938-a5cfd83dae25",
            "ticker": "KXHIGHCHI-25JAN25-B37.5",
            "count": 100,
            "created_time": "2025-01-25T13:39:23.194641Z",
            "yes_price": 7,
            "no_price": 93,
            "taker_side": "no"
        },
        {
            "trade_id": "935bdf3d-aa94-4000-a210-895b5771145d",
            "ticker": "KXHIGHCHI-25JAN25-B37.5",
            "count": 100,
            "created_time": "2025-01-25T13:36:16.437089Z",
            "yes_price": 9,
            "no_price": 91,
            "taker_side": "yes"
        },
        {
            "trade_id": "7ed30f17-dd48-4e8b-8a22-62560413b8d8",
            "ticker": "KXHIGHCHI-25JAN25-B37.5",
            "count": 193,
            "created_time": "2025-01-25T13:33:01.787204Z",
            "yes_price": 11,
            "no_price": 89,
            "taker_side": "yes"
        },
        {
            "trade_id": "5881230b-ae02-4366-b25b-bd94dfd0c6a5",
            "ticker": "KXHIGHCHI-25JAN25-B37.5",
            "count": 7,
            "created_time": "2025-01-25T13:33:01.787204Z",
            "yes_price": 11,
            "no_price": 89,
            "taker_side": "yes"
        },
        {
            "trade_id": "4fcf85b4-89a8-4163-a404-ad747b93c12c",
            "ticker": "KXHIGHCHI-25JAN25-B37.5",
            "count": 42,
            "created_time": "2025-01-25T13:31:30.458937Z",
            "yes_price": 11,
            "no_price": 89,
            "taker_side": "yes"
        },
        {
            "trade_id": "b9d0cfb0-1132-4e55-9633-1bf957baa7b9",
            "ticker": "KXHIGHCHI-25JAN25-B37.5",
            "count": 952,
            "created_time": "2025-01-25T13:31:07.565868Z",
            "yes_price": 7,
            "no_price": 93,
            "taker_side": "yes"
        },
        {
            "trade_id": "9b60d007-1642-4bb0-8d9d-ece6bb5582ae",
            "ticker": "KXHIGHCHI-25JAN25-B37.5",
            "count": 7,
            "created_time": "2025-01-25T13:31:07.565868Z",
            "yes_price": 7,
            "no_price": 93,
            "taker_side": "yes"
        },
        {
            "trade_id": "b3658bb5-0758-4da0-b0a4-6f524883f364",
            "ticker": "KXHIGHCHI-25JAN25-B37.5",
            "count": 1,
            "created_time": "2025-01-25T13:29:03.537474Z",
            "yes_price": 5,
            "no_price": 95,
            "taker_side": "no"
        },
        {
            "trade_id": "7ed70cdd-e25b-45ec-b740-ddba0bc84b1b",
            "ticker": "KXHIGHCHI-25JAN25-B37.5",
            "count": 1,
            "created_time": "2025-01-25T13:27:06.445353Z",
            "yes_price": 6,
            "no_price": 94,
            "taker_side": "yes"
        },
        {
            "trade_id": "4092648f-77f6-4178-aa2e-3c7bc4f88b53",
            "ticker": "KXHIGHCHI-25JAN25-B37.5",
            "count": 16,
            "created_time": "2025-01-25T13:26:39.337644Z",
            "yes_price": 6,
            "no_price": 94,
            "taker_side": "no"
        },
        {
            "trade_id": "b1e6bdfb-da05-4a24-95c2-5d343a6312a0",
            "ticker": "KXHIGHCHI-25JAN25-B37.5",
            "count": 29,
            "created_time": "2025-01-25T13:25:23.890519Z",
            "yes_price": 7,
            "no_price": 93,
            "taker_side": "yes"
        },
        {
            "trade_id": "d12de82f-b844-4fb5-89f6-7a843a23d5ac",
            "ticker": "KXHIGHCHI-25JAN25-B37.5",
            "count": 19,
            "created_time": "2025-01-25T13:23:52.632498Z",
            "yes_price": 7,
            "no_price": 93,
            "taker_side": "yes"
        },
        {
            "trade_id": "d989aa48-a2eb-44c0-b651-0b98664a1ab0",
            "ticker": "KXHIGHCHI-25JAN25-B37.5",
            "count": 100,
            "created_time": "2025-01-25T13:23:35.6534Z",
            "yes_price": 5,
            "no_price": 95,
            "taker_side": "no"
        },
        {
            "trade_id": "23a78373-2fd5-406a-8500-05dae4b3f260",
            "ticker": "KXHIGHCHI-25JAN25-B37.5",
            "count": 50,
            "created_time": "2025-01-25T13:23:35.6534Z",
            "yes_price": 5,
            "no_price": 95,
            "taker_side": "no"
        },
        {
            "trade_id": "08b4efc7-53fc-4904-8bef-0c91ace649cf",
            "ticker": "KXHIGHCHI-25JAN25-B37.5",
            "count": 180,
            "created_time": "2025-01-25T13:23:14.346997Z",
            "yes_price": 6,
            "no_price": 94,
            "taker_side": "no"
        },
        {
            "trade_id": "630709f1-f4d6-4d98-935e-59c499cb37f2",
            "ticker": "KXHIGHCHI-25JAN25-B37.5",
            "count": 88,
            "created_time": "2025-01-25T13:23:11.0926Z",
            "yes_price": 8,
            "no_price": 92,
            "taker_side": "no"
        },
        {
            "trade_id": "f55aa708-7be9-4f68-8ccf-042c1b9611ce",
            "ticker": "KXHIGHCHI-25JAN25-B37.5",
            "count": 8,
            "created_time": "2025-01-25T13:23:06.058092Z",
            "yes_price": 8,
            "no_price": 92,
            "taker_side": "no"
        },
        {
            "trade_id": "9727034e-4b73-4a95-b7bb-cc86bef031d9",
            "ticker": "KXHIGHCHI-25JAN25-B37.5",
            "count": 88,
            "created_time": "2025-01-25T13:23:00.988635Z",
            "yes_price": 9,
            "no_price": 91,
            "taker_side": "no"
        },
        {
            "trade_id": "424f5426-d845-439c-83a3-d1014ea79b72",
            "ticker": "KXHIGHCHI-25JAN25-B37.5",
            "count": 88,
            "created_time": "2025-01-25T13:21:46.976062Z",
            "yes_price": 10,
            "no_price": 90,
            "taker_side": "yes"
        },
        {
            "trade_id": "29c7eb2f-91dc-4afd-8a26-bb3678b589a2",
            "ticker": "KXHIGHCHI-25JAN25-B37.5",
            "count": 88,
            "created_time": "2025-01-25T13:21:41.857614Z",
            "yes_price": 11,
            "no_price": 89,
            "taker_side": "yes"
        },
        {
            "trade_id": "7721f655-5571-48bd-94ce-d240f6a748c7",
            "ticker": "KXHIGHCHI-25JAN25-B37.5",
            "count": 89,
            "created_time": "2025-01-25T13:21:36.502935Z",
            "yes_price": 12,
            "no_price": 88,
            "taker_side": "no"
        },
        {
            "trade_id": "4b53d364-d12b-4281-86ae-7de04a4dd958",
            "ticker": "KXHIGHCHI-25JAN25-B37.5",
            "count": 62,
            "created_time": "2025-01-25T13:21:29.845985Z",
