{
    "KXHIGHCHI-25MAR12-T44": [
        {
            "trade_id": "c0244110-37d1-4885-a72a-e36dbc5504db",
            "ticker": "KXHIGHCHI-25MAR12-T44",
            "count": 84,
            "created_time": "2025-03-12T13:08:27.094665Z",
            "yes_price": 2,
            "no_price": 98,
            "taker_side": "yes"
        },
        {
            "trade_id": "9f4d957f-8255-48ac-bf86-e889256d810e",
            "ticker": "KXHIGHCHI-25MAR12-T44",
            "count": 78,
            "created_time": "2025-03-12T13:08:27.094665Z",
            "yes_price": 3,
            "no_price": 97,
            "taker_side": "yes"
        },
        {
            "trade_id": "9b309463-8e0e-44c7-8863-57f8fe4df1b2",
            "ticker": "KXHIGHCHI-25MAR12-T44",
            "count": 166,
            "created_time": "2025-03-12T12:59:21.676289Z",
            "yes_price": 2,
            "no_price": 98,
            "taker_side": "yes"
        }
    ],
    "KXHIGHCHI-25MAR12-B44.5": [
        {
            "trade_id": "9cffb89c-deff-4858-af94-feb38a3f8326",
            "ticker": "KXHIGHCHI-25MAR12-B44.5",
            "count": 124,
            "created_time": "2025-03-12T13:09:24.45242Z",
            "yes_price": 3,
            "no_price": 97,
            "taker_side": "yes"
        },
        {
            "trade_id": "02f7ef04-085c-404e-bc6b-7daf86b0e8a4",
            "ticker": "KXHIGHCHI-25MAR12-B44.5",
            "count": 49,
            "created_time": "2025-03-12T13:05:38.850465Z",
            "yes_price": 3,
            "no_price": 97,
            "taker_side": "yes"
        },
        {
            "trade_id": "afc5956d-45e8-4785-91c2-45e67f453551",
            "ticker": "KXHIGHCHI-25MAR12-B44.5",
            "count": 6,
            "created_time": "2025-03-11T20:10:05.676102Z",
            "yes_price": 2,
            "no_price": 98,
            "taker_side": "no"
        },
        {
            "trade_id": "1a6dc516-25cc-4002-9ce0-f0600cacba09",
            "ticker": "KXHIGHCHI-25MAR12-B44.5",
            "count": 114,
            "created_time": "2025-03-11T20:09:53.244034Z",
            "yes_price": 2,
            "no_price": 98,
            "taker_side": "no"
        },
        {
            "trade_id": "cd506e4e-59d1-4046-95f3-a8d91528a895",
            "ticker": "KXHIGHCHI-25MAR12-B44.5",
            "count": 26,
            "created_time": "2025-03-11T19:21:41.787272Z",
            "yes_price": 2,
            "no_price": 98,
            "taker_side": "no"
        }
    ],
    "KXHIGHCHI-25MAR12-B46.5": [
        {
            "trade_id": "03e73945-ccfb-4e19-b58f-de320a2560df",
            "ticker": "KXHIGHCHI-25MAR12-B46.5",
            "count": 49,
            "created_time": "2025-03-12T14:24:06.783494Z",
            "yes_price": 3,
            "no_price": 97,
            "taker_side": "yes"
        },
        {
            "trade_id": "0c3f327f-1c1c-48fe-b46c-159612cfac33",
            "ticker": "KXHIGHCHI-25MAR12-B46.5",
            "count": 124,
            "created_time": "2025-03-12T13:09:03.247774Z",
            "yes_price": 3,
            "no_price": 97,
            "taker_side": "yes"
        },
        {
            "trade_id": "a0212adb-04a1-4708-bf46-fb606132a257",
            "ticker": "KXHIGHCHI-25MAR12-B46.5",
            "count": 49,
            "created_time": "2025-03-12T13:05:29.911255Z",
            "yes_price": 3,
            "no_price": 97,
            "taker_side": "yes"
        },
        {
            "trade_id": "20d7500a-a325-4b08-ad23-c71d5f5eb24c",
            "ticker": "KXHIGHCHI-25MAR12-B46.5",
            "count": 24,
            "created_time": "2025-03-12T12:49:18.012521Z",
            "yes_price": 3,
            "no_price": 97,
            "taker_side": "yes"
        },
        {
            "trade_id": "a04267db-c37f-476b-9e18-0b9b39d3fe3e",
            "ticker": "KXHIGHCHI-25MAR12-B46.5",
            "count": 100,
            "created_time": "2025-03-12T12:37:56.817338Z",
            "yes_price": 1,
            "no_price": 99,
            "taker_side": "no"
        },
        {
            "trade_id": "f7c8c8e4-d980-47bb-9e24-6fb4f5b4c842",
            "ticker": "KXHIGHCHI-25MAR12-B46.5",
            "count": 10,
            "created_time": "2025-03-12T03:56:42.091225Z",
            "yes_price": 5,
            "no_price": 95,
            "taker_side": "yes"
        },
        {
            "trade_id": "f71c806f-cc61-4d58-a3ef-7b4a66e293f7",
            "ticker": "KXHIGHCHI-25MAR12-B46.5",
            "count": 27,
            "created_time": "2025-03-12T03:56:42.091225Z",
            "yes_price": 7,
            "no_price": 93,
            "taker_side": "yes"
        },
        {
            "trade_id": "44324050-82b1-47be-a8ce-bc7bcbcdccdf",
            "ticker": "KXHIGHCHI-25MAR12-B46.5",
            "count": 19,
            "created_time": "2025-03-12T03:56:42.091225Z",
            "yes_price": 5,
            "no_price": 95,
            "taker_side": "yes"
        },
        {
            "trade_id": "5c3591c0-6b16-48a0-a83b-6d25529d77a4",
            "ticker": "KXHIGHCHI-25MAR12-B46.5",
            "count": 90,
            "created_time": "2025-03-12T03:47:00.645728Z",
            "yes_price": 5,
            "no_price": 95,
            "taker_side": "yes"
        },
        {
            "trade_id": "b448b5d9-72fd-4b3e-88e3-652016e5b551",
            "ticker": "KXHIGHCHI-25MAR12-B46.5",
            "count": 173,
            "created_time": "2025-03-11T20:10:08.503754Z",
            "yes_price": 2,
            "no_price": 98,
            "taker_side": "no"
        },
        {
            "trade_id": "55ce6fa2-5e20-4014-935c-30c3d0a9076c",
            "ticker": "KXHIGHCHI-25MAR12-B46.5",
            "count": 42,
            "created_time": "2025-03-11T20:10:05.392441Z",
            "yes_price": 2,
            "no_price": 98,
            "taker_side": "no"
        },
        {
            "trade_id": "e0249694-15a1-4f91-a8e7-81c18bf90fbe",
            "ticker": "KXHIGHCHI-25MAR12-B46.5",
            "count": 26,
            "created_time": "2025-03-11T19:21:41.787718Z",
            "yes_price": 2,
            "no_price": 98,
            "taker_side": "no"
        }
    ],
    "KXHIGHCHI-25MAR12-B48.5": [
        {
            "trade_id": "797e3d65-24fd-401a-a2b8-c72f2a773b41",
            "ticker": "KXHIGHCHI-25MAR12-B48.5",
            "count": 1,
            "created_time": "2025-03-12T16:59:12.606974Z",
            "yes_price": 1,
            "no_price": 99,
            "taker_side": "yes"
        },
        {
            "trade_id": "97159cba-2fc4-4268-ab60-3d62b2bf1717",
            "ticker": "KXHIGHCHI-25MAR12-B48.5",
            "count": 166,
            "created_time": "2025-03-12T14:29:42.035635Z",
            "yes_price": 5,
            "no_price": 95,
            "taker_side": "yes"
        },
        {
            "trade_id": "27a3ad89-fb68-4646-9352-fc2988991686",
            "ticker": "KXHIGHCHI-25MAR12-B48.5",
            "count": 54,
            "created_time": "2025-03-12T14:23:34.644811Z",
            "yes_price": 5,
            "no_price": 95,
            "taker_side": "yes"
        },
        {
            "trade_id": "3599952c-7c91-494a-ac00-d9e56dd0fb95",
            "ticker": "KXHIGHCHI-25MAR12-B48.5",
            "count": 1,
            "created_time": "2025-03-12T13:59:48.921936Z",
            "yes_price": 2,
            "no_price": 98,
            "taker_side": "no"
        },
        {
            "trade_id": "006fc5e4-e1dc-4708-894d-2f2726111d13",
            "ticker": "KXHIGHCHI-25MAR12-B48.5",
            "count": 250,
            "created_time": "2025-03-12T13:59:48.921936Z",
            "yes_price": 2,
            "no_price": 98,
            "taker_side": "no"
        },
        {
            "trade_id": "dcb398df-cf1d-45ee-8bd1-6aa5482cbc2b",
            "ticker": "KXHIGHCHI-25MAR12-B48.5",
            "count": 95,
            "created_time": "2025-03-12T13:48:25.40647Z",
            "yes_price": 11,
            "no_price": 89,
            "taker_side": "yes"
        },
        {
            "trade_id": "d8eaa820-fbc3-4e0d-a5bb-630b88842610",
            "ticker": "KXHIGHCHI-25MAR12-B48.5",
            "count": 16,
            "created_time": "2025-03-12T13:48:25.40647Z",
            "yes_price": 7,
            "no_price": 93,
            "taker_side": "yes"
        },
        {
            "trade_id": "a88ea23a-573c-4bd1-9d13-dd993a5c8393",
            "ticker": "KXHIGHCHI-25MAR12-B48.5",
            "count": 240,
            "created_time": "2025-03-12T13:48:25.40647Z",
            "yes_price": 9,
            "no_price": 91,
            "taker_side": "yes"
        },
        {
            "trade_id": "0ec0076c-c3ce-408b-8ab6-e96899f2a6e4",
            "ticker": "KXHIGHCHI-25MAR12-B48.5",
            "count": 25,
            "created_time": "2025-03-12T13:48:25.40647Z",
            "yes_price": 10,
            "no_price": 90,
            "taker_side": "yes"
        },
        {
            "trade_id": "0c64943d-cc1b-44c2-b9ba-83b6026a8003",
            "ticker": "KXHIGHCHI-25MAR12-B48.5",
            "count": 8,
            "created_time": "2025-03-12T13:48:25.40647Z",
            "yes_price": 10,
            "no_price": 90,
            "taker_side": "yes"
        },
        {
            "trade_id": "16f8835e-fe87-40a9-8878-1ee4cc3b5b18",
            "ticker": "KXHIGHCHI-25MAR12-B48.5",
            "count": 22,
            "created_time": "2025-03-12T12:40:13.751031Z",
            "yes_price": 1,
            "no_price": 99,
            "taker_side": "no"
        },
        {
            "trade_id": "4bce8f68-ecee-4e4f-b501-472d7d57a1ae",
            "ticker": "KXHIGHCHI-25MAR12-B48.5",
            "count": 11,
            "created_time": "2025-03-12T06:46:11.706523Z",
            "yes_price": 8,
            "no_price": 92,
            "taker_side": "yes"
        },
        {
            "trade_id": "50e00948-d8c5-430c-9d8b-83733ee7c666",
            "ticker": "KXHIGHCHI-25MAR12-B48.5",
            "count": 1,
            "created_time": "2025-03-12T02:16:18.963757Z",
            "yes_price": 9,
            "no_price": 91,
            "taker_side": "yes"
        },
        {
            "trade_id": "a326cc6d-1740-40a1-988a-617b4470b5a9",
            "ticker": "KXHIGHCHI-25MAR12-B48.5",
            "count": 4,
            "created_time": "2025-03-12T01:08:14.189973Z",
            "yes_price": 9,
            "no_price": 91,
            "taker_side": "yes"
        },
        {
            "trade_id": "7d5fdf5c-2453-46d0-9bc0-b1e0d37c837d",
            "ticker": "KXHIGHCHI-25MAR12-B48.5",
            "count": 12,
            "created_time": "2025-03-12T01:08:14.189973Z",
            "yes_price": 1,
            "no_price": 99,
            "taker_side": "yes"
        },
        {
            "trade_id": "786cd912-1d63-49dc-b512-8236619dc3ef",
            "ticker": "KXHIGHCHI-25MAR12-B48.5",
            "count": 2,
            "created_time": "2025-03-12T01:08:14.189973Z",
            "yes_price": 9,
            "no_price": 91,
            "taker_side": "yes"
        },
        {
            "trade_id": "6829eda9-3d64-45c9-ba63-623b8dcc79b3",
            "ticker": "KXHIGHCHI-25MAR12-B48.5",
            "count": 7,
            "created_time": "2025-03-12T01:08:14.189973Z",
            "yes_price": 9,
            "no_price": 91,
            "taker_side": "yes"
        },
        {
            "trade_id": "2e8de418-73d7-41cc-a612-4a91e4d93864",
            "ticker": "KXHIGHCHI-25MAR12-B48.5",
            "count": 21,
            "created_time": "2025-03-12T01:08:14.189973Z",
            "yes_price": 11,
            "no_price": 89,
            "taker_side": "yes"
        },
        {
            "trade_id": "8c7e59a1-377f-4575-af38-66d15edb0814",
            "ticker": "KXHIGHCHI-25MAR12-B48.5",
            "count": 63,
            "created_time": "2025-03-12T01:04:30.677082Z",
            "yes_price": 1,
            "no_price": 99,
            "taker_side": "yes"
        },
        {
            "trade_id": "5e154ec2-8bcd-4e48-bb8c-75f3d22524e7",
            "ticker": "KXHIGHCHI-25MAR12-B48.5",
            "count": 1,
            "created_time": "2025-03-12T00:54:46.094617Z",
            "yes_price": 1,
            "no_price": 99,
            "taker_side": "yes"
        },
        {
            "trade_id": "a1a853b9-b6ef-46ac-996e-906f7bfb2601",
            "ticker": "KXHIGHCHI-25MAR12-B48.5",
            "count": 24,
            "created_time": "2025-03-12T00:53:06.425595Z",
            "yes_price": 1,
            "no_price": 99,
            "taker_side": "no"
        },
        {
            "trade_id": "507e7f53-8c6c-46af-893d-c03f7f910f5f",
            "ticker": "KXHIGHCHI-25MAR12-B48.5",
            "count": 77,
            "created_time": "2025-03-12T00:53:06.425595Z",
            "yes_price": 1,
            "no_price": 99,
            "taker_side": "no"
        },
        {
            "trade_id": "ed201880-492b-4467-bb93-d88288512643",
            "ticker": "KXHIGHCHI-25MAR12-B48.5",
            "count": 1,
            "created_time": "2025-03-12T00:52:35.199036Z",
            "yes_price": 1,
            "no_price": 99,
            "taker_side": "no"
        },
        {
            "trade_id": "f64e7e40-f15a-4e48-94e9-baf4ec0cca1b",
            "ticker": "KXHIGHCHI-25MAR12-B48.5",
            "count": 1,
            "created_time": "2025-03-12T00:52:24.01368Z",
            "yes_price": 1,
            "no_price": 99,
            "taker_side": "no"
        },
        {
            "trade_id": "4d82ce17-3931-47c2-bc71-0e279fdf6a52",
            "ticker": "KXHIGHCHI-25MAR12-B48.5",
            "count": 5,
            "created_time": "2025-03-12T00:52:14.722474Z",
            "yes_price": 1,
            "no_price": 99,
            "taker_side": "no"
        },
        {
            "trade_id": "22a6d5ef-82cb-4d81-9162-95c247ce3262",
            "ticker": "KXHIGHCHI-25MAR12-B48.5",
            "count": 5,
            "created_time": "2025-03-12T00:52:04.012239Z",
            "yes_price": 1,
            "no_price": 99,
            "taker_side": "no"
        },
        {
            "trade_id": "35925f21-a727-48cf-bed9-981c6f7f0c95",
            "ticker": "KXHIGHCHI-25MAR12-B48.5",
            "count": 1,
            "created_time": "2025-03-12T00:51:23.703827Z",
            "yes_price": 1,
            "no_price": 99,
            "taker_side": "no"
        },
        {
            "trade_id": "33c0311c-5ebf-4d2c-b165-56fed04b2e47",
            "ticker": "KXHIGHCHI-25MAR12-B48.5",
            "count": 5,
            "created_time": "2025-03-12T00:51:13.29693Z",
            "yes_price": 1,
            "no_price": 99,
            "taker_side": "no"
        },
        {
            "trade_id": "36278231-0057-4af3-944f-087d0d982eb0",
            "ticker": "KXHIGHCHI-25MAR12-B48.5",
            "count": 5,
            "created_time": "2025-03-12T00:51:03.942641Z",
            "yes_price": 1,
            "no_price": 99,
            "taker_side": "no"
        },
        {
            "trade_id": "bbeeb6db-1479-4c02-b288-94aad3a2f69e",
            "ticker": "KXHIGHCHI-25MAR12-B48.5",
            "count": 52,
            "created_time": "2025-03-11T23:48:17.63483Z",
            "yes_price": 7,
            "no_price": 93,
            "taker_side": "yes"
        },
        {
            "trade_id": "5625439a-3613-48b0-bfb7-2cd8ec2ca8ab",
            "ticker": "KXHIGHCHI-25MAR12-B48.5",
            "count": 10,
            "created_time": "2025-03-11T22:26:33.51696Z",
            "yes_price": 7,
            "no_price": 93,
            "taker_side": "yes"
        },
        {
            "trade_id": "3ec0b497-218f-4cd6-a598-c7fe36443e75",
            "ticker": "KXHIGHCHI-25MAR12-B48.5",
            "count": 9,
            "created_time": "2025-03-11T21:39:30.515475Z",
            "yes_price": 7,
            "no_price": 93,
            "taker_side": "yes"
        },
        {
            "trade_id": "3aa0cc01-2487-4c95-9faa-cfc5ab648c24",
            "ticker": "KXHIGHCHI-25MAR12-B48.5",
            "count": 42,
            "created_time": "2025-03-11T20:10:05.668Z",
            "yes_price": 2,
            "no_price": 98,
            "taker_side": "no"
        },
        {
            "trade_id": "9cd1819a-8327-4eb6-879d-8453288551a2",
            "ticker": "KXHIGHCHI-25MAR12-B48.5",
            "count": 26,
            "created_time": "2025-03-11T19:21:41.755032Z",
            "yes_price": 3,
            "no_price": 97,
            "taker_side": "no"
        },
        {
            "trade_id": "fa700e0e-7d14-4665-968d-29fa20ff7f8d",
            "ticker": "KXHIGHCHI-25MAR12-B48.5",
            "count": 126,
            "created_time": "2025-03-11T15:07:18.502088Z",
            "yes_price": 9,
            "no_price": 91,
            "taker_side": "yes"
        },
        {
            "trade_id": "e7f004e4-2f4a-4ecc-bb82-ad0807b09471",
            "ticker": "KXHIGHCHI-25MAR12-B48.5",
            "count": 74,
            "created_time": "2025-03-11T15:07:18.502088Z",
            "yes_price": 7,
            "no_price": 93,
            "taker_side": "yes"
        },
        {
            "trade_id": "8b94e8bf-5988-4b22-b111-97e72cf9e698",
            "ticker": "KXHIGHCHI-25MAR12-B48.5",
            "count": 53,
            "created_time": "2025-03-11T14:12:31.850745Z",
            "yes_price": 6,
            "no_price": 94,
            "taker_side": "no"
        }
    ],
    "KXHIGHCHI-25MAR12-B50.5": [
        {
            "trade_id": "3b1802fe-34e7-49c8-9295-13338be78e26",
            "ticker": "KXHIGHCHI-25MAR12-B50.5",
            "count": 5,
            "created_time": "2025-03-12T23:48:35.433858Z",
            "yes_price": 1,
            "no_price": 99,
            "taker_side": "yes"
        },
        {
            "trade_id": "c52b88f2-e65e-43ce-a2ad-e917a76fdbee",
            "ticker": "KXHIGHCHI-25MAR12-B50.5",
            "count": 141,
            "created_time": "2025-03-12T21:30:41.983276Z",
            "yes_price": 1,
            "no_price": 99,
            "taker_side": "yes"
        },
        {
            "trade_id": "41f6ab75-e132-4d20-b9aa-a0e20261d2b1",
            "ticker": "KXHIGHCHI-25MAR12-B50.5",
            "count": 161,
            "created_time": "2025-03-12T21:20:07.145266Z",
            "yes_price": 1,
            "no_price": 99,
            "taker_side": "yes"
        },
        {
            "trade_id": "d2d7eb07-2381-4b78-817a-0916114557a5",
            "ticker": "KXHIGHCHI-25MAR12-B50.5",
            "count": 20,
            "created_time": "2025-03-12T21:17:09.010141Z",
            "yes_price": 3,
            "no_price": 97,
            "taker_side": "no"
        },
        {
            "trade_id": "529beb83-b8ae-484a-98af-c2618f1a514a",
            "ticker": "KXHIGHCHI-25MAR12-B50.5",
            "count": 850,
            "created_time": "2025-03-12T21:17:09.010141Z",
            "yes_price": 1,
            "no_price": 99,
            "taker_side": "no"
        },
        {
            "trade_id": "331c28db-0458-4c76-babc-b079a783d02a",
            "ticker": "KXHIGHCHI-25MAR12-B50.5",
            "count": 500,
            "created_time": "2025-03-12T21:17:09.010141Z",
            "yes_price": 2,
            "no_price": 98,
            "taker_side": "no"
        },
        {
            "trade_id": "ece3b2da-8d4f-4ec6-97d5-cddf7886c92d",
            "ticker": "KXHIGHCHI-25MAR12-B50.5",
            "count": 30,
            "created_time": "2025-03-12T21:14:30.530164Z",
            "yes_price": 4,
            "no_price": 96,
            "taker_side": "no"
        },
        {
            "trade_id": "86475951-fc81-4bec-8a9b-17f9a0d5074c",
            "ticker": "KXHIGHCHI-25MAR12-B50.5",
            "count": 100,
            "created_time": "2025-03-12T21:10:48.194752Z",
            "yes_price": 5,
            "no_price": 95,
            "taker_side": "no"
        },
        {
            "trade_id": "675e1672-f5a9-48c9-8af3-75605aa6341e",
            "ticker": "KXHIGHCHI-25MAR12-B50.5",
            "count": 75,
            "created_time": "2025-03-12T21:10:48.194752Z",
            "yes_price": 5,
            "no_price": 95,
            "taker_side": "no"
        },
        {
            "trade_id": "0a9a64df-2e8d-40bc-be4b-4f9843b60c28",
            "ticker": "KXHIGHCHI-25MAR12-B50.5",
            "count": 134,
            "created_time": "2025-03-12T21:10:48.194752Z",
            "yes_price": 5,
            "no_price": 95,
            "taker_side": "no"
        },
        {
            "trade_id": "54e98a3c-93d6-4f3a-a46d-ea2ba754400c",
            "ticker": "KXHIGHCHI-25MAR12-B50.5",
            "count": 27,
            "created_time": "2025-03-12T21:07:52.352911Z",
            "yes_price": 6,
            "no_price": 94,
            "taker_side": "no"
        },
        {
            "trade_id": "a4fb8e92-a4a6-4292-8464-56ae92b38038",
            "ticker": "KXHIGHCHI-25MAR12-B50.5",
            "count": 200,
            "created_time": "2025-03-12T21:07:22.525608Z",
            "yes_price": 8,
            "no_price": 92,
            "taker_side": "no"
        },
        {
            "trade_id": "628ae50e-ffbb-4ac8-aa43-012b91c7f3a7",
            "ticker": "KXHIGHCHI-25MAR12-B50.5",
            "count": 500,
            "created_time": "2025-03-12T21:07:22.525608Z",
            "yes_price": 5,
            "no_price": 95,
            "taker_side": "no"
        },
        {
            "trade_id": "5851688c-7cc3-4582-b54c-9961bb759c3d",
            "ticker": "KXHIGHCHI-25MAR12-B50.5",
            "count": 1000,
            "created_time": "2025-03-12T21:07:22.525608Z",
            "yes_price": 7,
            "no_price": 93,
            "taker_side": "no"
        },
        {
            "trade_id": "1fdcf27b-8cef-4497-aea2-df07070d476a",
            "ticker": "KXHIGHCHI-25MAR12-B50.5",
            "count": 125,
            "created_time": "2025-03-12T21:07:22.525608Z",
            "yes_price": 6,
            "no_price": 94,
            "taker_side": "no"
        },
        {
            "trade_id": "f9e305ba-74ab-42bf-8d7b-5f4ed73ec8aa",
            "ticker": "KXHIGHCHI-25MAR12-B50.5",
            "count": 6,
            "created_time": "2025-03-12T21:03:59.791816Z",
            "yes_price": 18,
            "no_price": 82,
            "taker_side": "yes"
        },
        {
            "trade_id": "1ce2592b-bcc8-4cb9-99a6-1a947f10881a",
            "ticker": "KXHIGHCHI-25MAR12-B50.5",
            "count": 50,
            "created_time": "2025-03-12T20:47:40.096144Z",
            "yes_price": 10,
            "no_price": 90,
            "taker_side": "yes"
        },
        {
            "trade_id": "0290e6e1-314e-4e21-bac2-492a731b3e59",
            "ticker": "KXHIGHCHI-25MAR12-B50.5",
            "count": 80,
            "created_time": "2025-03-12T20:47:40.096144Z",
            "yes_price": 10,
            "no_price": 90,
            "taker_side": "yes"
        },
        {
            "trade_id": "0bad2e28-fc9d-478c-94c7-6e348c03f0a5",
            "ticker": "KXHIGHCHI-25MAR12-B50.5",
            "count": 500,
            "created_time": "2025-03-12T20:44:25.394158Z",
            "yes_price": 6,
            "no_price": 94,
            "taker_side": "no"
        },
        {
            "trade_id": "9102bebe-32c2-47f6-a803-e6c17171b033",
            "ticker": "KXHIGHCHI-25MAR12-B50.5",
            "count": 500,
            "created_time": "2025-03-12T20:22:06.801939Z",
            "yes_price": 5,
            "no_price": 95,
            "taker_side": "no"
        },
        {
            "trade_id": "3a0ec48f-f529-478d-a9f5-b34f46b64558",
            "ticker": "KXHIGHCHI-25MAR12-B50.5",
            "count": 500,
            "created_time": "2025-03-12T20:22:06.801939Z",
            "yes_price": 4,
            "no_price": 96,
            "taker_side": "no"
        },
        {
            "trade_id": "28be8e32-f702-49aa-986f-7978c2651d09",
            "ticker": "KXHIGHCHI-25MAR12-B50.5",
            "count": 125,
            "created_time": "2025-03-12T20:22:06.801939Z",
            "yes_price": 6,
            "no_price": 94,
            "taker_side": "no"
        },
        {
            "trade_id": "f3308a13-0b08-4db8-b010-701498ea93ff",
            "ticker": "KXHIGHCHI-25MAR12-B50.5",
            "count": 200,
            "created_time": "2025-03-12T20:19:02.511804Z",
            "yes_price": 10,
            "no_price": 90,
            "taker_side": "yes"
        },
        {
            "trade_id": "87f67cbf-a6d8-477a-a414-b23eacc07fd3",
            "ticker": "KXHIGHCHI-25MAR12-B50.5",
            "count": 50,
            "created_time": "2025-03-12T20:17:04.237572Z",
            "yes_price": 5,
            "no_price": 95,
            "taker_side": "yes"
        },
        {
            "trade_id": "c5b33899-79f8-4974-ae2c-cf1964b914da",
            "ticker": "KXHIGHCHI-25MAR12-B50.5",
            "count": 500,
            "created_time": "2025-03-12T20:11:16.035777Z",
            "yes_price": 2,
            "no_price": 98,
            "taker_side": "no"
        },
        {
            "trade_id": "cf551c2f-f12b-4f6d-9b40-a60ed34b9bbf",
            "ticker": "KXHIGHCHI-25MAR12-B50.5",
            "count": 25,
            "created_time": "2025-03-12T20:02:35.223619Z",
            "yes_price": 4,
            "no_price": 96,
            "taker_side": "yes"
        },
        {
            "trade_id": "9fc42ff9-888d-4eaa-a277-6fdee246a312",
            "ticker": "KXHIGHCHI-25MAR12-B50.5",
            "count": 350,
            "created_time": "2025-03-12T19:34:00.96483Z",
            "yes_price": 1,
            "no_price": 99,
            "taker_side": "yes"
        },
        {
            "trade_id": "68cc8d7a-0195-4516-bc17-c5b642809e8a",
            "ticker": "KXHIGHCHI-25MAR12-B50.5",
            "count": 25,
            "created_time": "2025-03-12T19:34:00.96483Z",
            "yes_price": 1,
            "no_price": 99,
            "taker_side": "yes"
        },
        {
            "trade_id": "17c833f9-60df-41e7-a85f-d6877648b534",
            "ticker": "KXHIGHCHI-25MAR12-B50.5",
            "count": 100,
            "created_time": "2025-03-12T18:52:38.604162Z",
            "yes_price": 1,
            "no_price": 99,
            "taker_side": "yes"
        },
        {
            "trade_id": "c03fb2f8-de6e-4df3-ad29-e4ce1a68fe9b",
            "ticker": "KXHIGHCHI-25MAR12-B50.5",
            "count": 350,
            "created_time": "2025-03-12T18:34:23.898433Z",
            "yes_price": 1,
            "no_price": 99,
            "taker_side": "no"
        },
        {
            "trade_id": "2fe89a8d-659f-4dfa-af1a-a1837dd298f6",
            "ticker": "KXHIGHCHI-25MAR12-B50.5",
            "count": 150,
            "created_time": "2025-03-12T18:34:23.898433Z",
            "yes_price": 1,
            "no_price": 99,
            "taker_side": "no"
        },
        {
            "trade_id": "1254ebf2-c623-4d71-b655-718bcfe4698b",
            "ticker": "KXHIGHCHI-25MAR12-B50.5",
            "count": 37,
            "created_time": "2025-03-12T18:34:23.898433Z",
            "yes_price": 1,
            "no_price": 99,
            "taker_side": "no"
        },
        {
            "trade_id": "d2cb6045-9431-4127-81f1-9c47e5a2eff3",
            "ticker": "KXHIGHCHI-25MAR12-B50.5",
            "count": 30,
            "created_time": "2025-03-12T18:34:15.563423Z",
            "yes_price": 2,
            "no_price": 98,
            "taker_side": "no"
        },
        {
            "trade_id": "cf7de6d7-f697-4083-9a9b-0e727cad876e",
            "ticker": "KXHIGHCHI-25MAR12-B50.5",
            "count": 10,
            "created_time": "2025-03-12T18:13:39.56024Z",
            "yes_price": 5,
            "no_price": 95,
            "taker_side": "yes"
        },
        {
            "trade_id": "a9686c05-b0a5-479b-8e95-5302b571cbba",
            "ticker": "KXHIGHCHI-25MAR12-B50.5",
            "count": 9,
            "created_time": "2025-03-12T18:12:49.444561Z",
            "yes_price": 4,
            "no_price": 96,
            "taker_side": "yes"
        },
        {
            "trade_id": "0082df0d-e384-4e4f-95c7-353efb584616",
            "ticker": "KXHIGHCHI-25MAR12-B50.5",
            "count": 20,
            "created_time": "2025-03-12T18:11:29.247631Z",
            "yes_price": 2,
            "no_price": 98,
            "taker_side": "no"
        },
        {
            "trade_id": "6271d1cc-e5b3-41c3-a138-70281fc2b342",
            "ticker": "KXHIGHCHI-25MAR12-B50.5",
            "count": 50,
            "created_time": "2025-03-12T17:58:42.098592Z",
            "yes_price": 8,
            "no_price": 92,
            "taker_side": "no"
        },
        {
            "trade_id": "68ef5e72-3aa7-4eaa-950f-d7ae450d6efc",
            "ticker": "KXHIGHCHI-25MAR12-B50.5",
            "count": 200,
            "created_time": "2025-03-12T17:55:31.75304Z",
            "yes_price": 10,
            "no_price": 90,
            "taker_side": "no"
        },
        {
            "trade_id": "36b6dd52-7cd9-49d8-b819-08796b24e9b8",
            "ticker": "KXHIGHCHI-25MAR12-B50.5",
            "count": 200,
            "created_time": "2025-03-12T17:55:31.618531Z",
            "yes_price": 10,
            "no_price": 90,
            "taker_side": "no"
        },
        {
            "trade_id": "8ca5a6a9-9598-4882-b70a-e249e11ed7fe",
            "ticker": "KXHIGHCHI-25MAR12-B50.5",
            "count": 200,
            "created_time": "2025-03-12T17:55:31.486454Z",
            "yes_price": 10,
            "no_price": 90,
            "taker_side": "no"
        },
        {
            "trade_id": "a2fd6256-0cef-4e7c-b459-97a0cdfc9604",
            "ticker": "KXHIGHCHI-25MAR12-B50.5",
            "count": 200,
            "created_time": "2025-03-12T17:55:31.336735Z",
            "yes_price": 10,
            "no_price": 90,
            "taker_side": "no"
        },
        {
            "trade_id": "baebd64b-e025-4ab1-825a-0e5674284a6a",
            "ticker": "KXHIGHCHI-25MAR12-B50.5",
            "count": 200,
            "created_time": "2025-03-12T17:55:31.20981Z",
            "yes_price": 10,
            "no_price": 90,
            "taker_side": "no"
        },
        {
            "trade_id": "942f71fd-5f98-4297-bd27-a93f2ceb1444",
            "ticker": "KXHIGHCHI-25MAR12-B50.5",
            "count": 186,
            "created_time": "2025-03-12T17:55:30.91576Z",
            "yes_price": 11,
            "no_price": 89,
            "taker_side": "no"
        },
        {
            "trade_id": "26829e09-1e87-453d-8bb8-5eb8b23ae451",
            "ticker": "KXHIGHCHI-25MAR12-B50.5",
            "count": 4,
            "created_time": "2025-03-12T17:32:52.514185Z",
            "yes_price": 21,
            "no_price": 79,
            "taker_side": "yes"
        },
        {
            "trade_id": "e41b2eb6-c337-4d7e-8212-020fa8ea18dd",
            "ticker": "KXHIGHCHI-25MAR12-B50.5",
            "count": 45,
            "created_time": "2025-03-12T16:59:07.664637Z",
            "yes_price": 16,
            "no_price": 84,
            "taker_side": "no"
        },
        {
            "trade_id": "d00b7e88-45cb-4823-89d9-010325bd445e",
            "ticker": "KXHIGHCHI-25MAR12-B50.5",
            "count": 51,
            "created_time": "2025-03-12T16:59:07.664637Z",
            "yes_price": 12,
            "no_price": 88,
            "taker_side": "no"
        },
        {
            "trade_id": "aeefca2c-172a-4968-87f8-04e7f6102ef1",
            "ticker": "KXHIGHCHI-25MAR12-B50.5",
            "count": 9,
            "created_time": "2025-03-12T16:59:07.664637Z",
            "yes_price": 13,
            "no_price": 87,
            "taker_side": "no"
        },
        {
            "trade_id": "4e5d4662-e33d-42cc-8844-f91fcee9abb2",
            "ticker": "KXHIGHCHI-25MAR12-B50.5",
            "count": 2,
            "created_time": "2025-03-12T16:59:07.664637Z",
            "yes_price": 16,
            "no_price": 84,
            "taker_side": "no"
        },
        {
            "trade_id": "df00486a-e7ee-4ad2-8e97-1c3e42335e6d",
            "ticker": "KXHIGHCHI-25MAR12-B50.5",
            "count": 18,
            "created_time": "2025-03-12T16:57:30.898973Z",
            "yes_price": 25,
            "no_price": 75,
            "taker_side": "yes"
        },
        {
            "trade_id": "9a76a4d6-97f4-4b0d-bd8d-84ceba049982",
            "ticker": "KXHIGHCHI-25MAR12-B50.5",
            "count": 18,
            "created_time": "2025-03-12T16:57:30.898973Z",
            "yes_price": 26,
            "no_price": 74,
            "taker_side": "yes"
        },
        {
            "trade_id": "82a842dd-7b2b-4ee1-95ac-b5865081cec0",
            "ticker": "KXHIGHCHI-25MAR12-B50.5",
            "count": 66,
            "created_time": "2025-03-12T16:25:13.972998Z",
            "yes_price": 19,
            "no_price": 81,
            "taker_side": "no"
        },
        {
            "trade_id": "70fd80e0-8fab-431e-b226-e4e9e6526c5c",
            "ticker": "KXHIGHCHI-25MAR12-B50.5",
            "count": 55,
            "created_time": "2025-03-12T16:25:13.972998Z",
            "yes_price": 19,
            "no_price": 81,
            "taker_side": "no"
        },
        {
            "trade_id": "8ece11f5-3607-4f06-9802-8ac91e683fce",
            "ticker": "KXHIGHCHI-25MAR12-B50.5",
            "count": 20,
            "created_time": "2025-03-12T16:17:07.395547Z",
            "yes_price": 25,
            "no_price": 75,
            "taker_side": "no"
        },
        {
            "trade_id": "ebb6970d-b698-4010-965d-6844579cdf96",
            "ticker": "KXHIGHCHI-25MAR12-B50.5",
            "count": 107,
            "created_time": "2025-03-12T15:26:51.041201Z",
            "yes_price": 11,
            "no_price": 89,
            "taker_side": "no"
        },
        {
            "trade_id": "7e25b3ec-ca80-4236-bed7-7e9d5f0f7df2",
            "ticker": "KXHIGHCHI-25MAR12-B50.5",
            "count": 2,
            "created_time": "2025-03-12T15:26:51.041201Z",
            "yes_price": 11,
            "no_price": 89,
            "taker_side": "no"
        },
        {
            "trade_id": "9a9164c9-ed95-484d-9420-8e46770b61b1",
            "ticker": "KXHIGHCHI-25MAR12-B50.5",
            "count": 3,
            "created_time": "2025-03-12T14:36:04.085213Z",
            "yes_price": 11,
            "no_price": 89,
            "taker_side": "no"
        },
        {
            "trade_id": "8e4fcb50-2dce-4b40-94a8-34adf6673511",
            "ticker": "KXHIGHCHI-25MAR12-B50.5",
            "count": 25,
            "created_time": "2025-03-12T14:36:04.085213Z",
            "yes_price": 13,
            "no_price": 87,
            "taker_side": "no"
        },
        {
            "trade_id": "15e97ce2-7527-4469-aac5-a8fb5adcfc7d",
            "ticker": "KXHIGHCHI-25MAR12-B50.5",
            "count": 48,
            "created_time": "2025-03-12T14:36:04.085213Z",
            "yes_price": 11,
            "no_price": 89,
            "taker_side": "no"
        },
        {
            "trade_id": "c20211d6-b7ec-40a9-886b-ef5c1210c625",
            "ticker": "KXHIGHCHI-25MAR12-B50.5",
            "count": 16,
            "created_time": "2025-03-12T14:23:44.126922Z",
            "yes_price": 17,
            "no_price": 83,
            "taker_side": "yes"
        },
        {
            "trade_id": "f50ef397-883d-4903-8452-9d6b5bd77bc9",
            "ticker": "KXHIGHCHI-25MAR12-B50.5",
            "count": 17,
            "created_time": "2025-03-12T13:59:05.598758Z",
            "yes_price": 16,
            "no_price": 84,
            "taker_side": "yes"
        },
        {
            "trade_id": "afbb8123-3246-45b6-ab0f-07bc13457bff",
            "ticker": "KXHIGHCHI-25MAR12-B50.5",
            "count": 10,
            "created_time": "2025-03-12T13:59:05.598758Z",
            "yes_price": 18,
            "no_price": 82,
            "taker_side": "yes"
        },
        {
            "trade_id": "34f9f5ae-4a72-47d4-bdc3-3dda13c588d0",
            "ticker": "KXHIGHCHI-25MAR12-B50.5",
            "count": 39,
            "created_time": "2025-03-12T13:57:29.545739Z",
            "yes_price": 16,
            "no_price": 84,
            "taker_side": "no"
        },
        {
            "trade_id": "05cbf363-0f70-4be0-9d6e-a5e84e2e3a73",
            "ticker": "KXHIGHCHI-25MAR12-B50.5",
            "count": 10,
            "created_time": "2025-03-12T13:44:12.164769Z",
            "yes_price": 17,
            "no_price": 83,
            "taker_side": "yes"
        },
        {
            "trade_id": "492aeaca-88bc-45ac-81ce-d6b1134e92eb",
            "ticker": "KXHIGHCHI-25MAR12-B50.5",
            "count": 26,
            "created_time": "2025-03-12T13:28:38.905233Z",
            "yes_price": 16,
            "no_price": 84,
            "taker_side": "no"
        },
        {
            "trade_id": "081d1817-6120-46b4-a56e-7fdee1d0cbf3",
            "ticker": "KXHIGHCHI-25MAR12-B50.5",
            "count": 109,
            "created_time": "2025-03-12T12:35:03.201303Z",
            "yes_price": 16,
            "no_price": 84,
            "taker_side": "yes"
        },
        {
            "trade_id": "fafb61bd-b77d-4260-a225-8605bcd93214",
            "ticker": "KXHIGHCHI-25MAR12-B50.5",
            "count": 5,
            "created_time": "2025-03-12T12:09:56.35233Z",
            "yes_price": 15,
            "no_price": 85,
            "taker_side": "no"
        },
        {
            "trade_id": "0ce2f514-ce33-4d94-a615-d2fb11e91fa7",
            "ticker": "KXHIGHCHI-25MAR12-B50.5",
            "count": 8,
            "created_time": "2025-03-12T12:01:48.746205Z",
            "yes_price": 15,
            "no_price": 85,
            "taker_side": "no"
        },
        {
            "trade_id": "2379c3ca-958a-4e53-bd37-8681603f1192",
            "ticker": "KXHIGHCHI-25MAR12-B50.5",
            "count": 37,
            "created_time": "2025-03-12T06:50:26.354451Z",
            "yes_price": 23,
            "no_price": 77,
            "taker_side": "no"
        },
        {
            "trade_id": "80b0c012-e094-4277-9412-4566d1b9ed11",
            "ticker": "KXHIGHCHI-25MAR12-B50.5",
            "count": 23,
            "created_time": "2025-03-12T06:43:34.217977Z",
            "yes_price": 31,
            "no_price": 69,
            "taker_side": "yes"
        },
        {
            "trade_id": "030296ff-629b-4c6f-abcc-edd69995c0b7",
            "ticker": "KXHIGHCHI-25MAR12-B50.5",
            "count": 6,
            "created_time": "2025-03-12T06:43:34.217977Z",
            "yes_price": 32,
            "no_price": 68,
            "taker_side": "yes"
        },
        {
            "trade_id": "b90a32e3-c965-493a-a673-82122f72df3f",
            "ticker": "KXHIGHCHI-25MAR12-B50.5",
            "count": 74,
            "created_time": "2025-03-12T05:44:12.829416Z",
            "yes_price": 18,
            "no_price": 82,
            "taker_side": "no"
        },
        {
            "trade_id": "6e91d57b-ffce-42f7-8b46-a3a1ef60913c",
            "ticker": "KXHIGHCHI-25MAR12-B50.5",
            "count": 65,
            "created_time": "2025-03-12T05:44:12.829416Z",
            "yes_price": 20,
            "no_price": 80,
            "taker_side": "no"
        },
        {
            "trade_id": "c26cb043-5051-4a67-904c-7324f72023f4",
            "ticker": "KXHIGHCHI-25MAR12-B50.5",
            "count": 13,
            "created_time": "2025-03-12T03:47:19.855261Z",
            "yes_price": 18,
            "no_price": 82,
            "taker_side": "yes"
        },
        {
            "trade_id": "721301f2-751b-4e2b-a7a8-b5881601555a",
            "ticker": "KXHIGHCHI-25MAR12-B50.5",
            "count": 10,
            "created_time": "2025-03-12T03:47:19.855261Z",
            "yes_price": 18,
            "no_price": 82,
            "taker_side": "yes"
        },
        {
            "trade_id": "287a4133-063f-4c3a-9424-6a98a5bb6757",
            "ticker": "KXHIGHCHI-25MAR12-B50.5",
            "count": 250,
            "created_time": "2025-03-12T03:47:19.855261Z",
            "yes_price": 18,
            "no_price": 82,
            "taker_side": "yes"
        },
        {
            "trade_id": "e85aace9-7252-43c6-adbc-164969d74037",
            "ticker": "KXHIGHCHI-25MAR12-B50.5",
            "count": 13,
            "created_time": "2025-03-12T03:14:22.497122Z",
            "yes_price": 15,
            "no_price": 85,
            "taker_side": "no"
        },
        {
            "trade_id": "d88c69c0-4468-4d54-8cdb-e8518825ea72",
            "ticker": "KXHIGHCHI-25MAR12-B50.5",
            "count": 13,
            "created_time": "2025-03-12T03:14:22.497122Z",
            "yes_price": 16,
            "no_price": 84,
            "taker_side": "no"
        },
        {
            "trade_id": "822b15c7-222c-4aa5-89b5-6ff7eb197e2f",
            "ticker": "KXHIGHCHI-25MAR12-B50.5",
            "count": 59,
            "created_time": "2025-03-12T03:14:22.497122Z",
            "yes_price": 16,
            "no_price": 84,
            "taker_side": "no"
        },
        {
            "trade_id": "38a6ff47-63f7-4107-a878-c557d0c4fa95",
            "ticker": "KXHIGHCHI-25MAR12-B50.5",
            "count": 8,
            "created_time": "2025-03-12T03:13:16.09242Z",
            "yes_price": 17,
            "no_price": 83,
            "taker_side": "yes"
        },
        {
            "trade_id": "2a8ecb48-532f-434e-9d41-805d86b28e54",
            "ticker": "KXHIGHCHI-25MAR12-B50.5",
            "count": 18,
            "created_time": "2025-03-12T03:12:20.350525Z",
            "yes_price": 17,
            "no_price": 83,
            "taker_side": "yes"
        },
        {
            "trade_id": "76f25ee1-1d30-4b6c-ad2d-5c4ce5fd7698",
            "ticker": "KXHIGHCHI-25MAR12-B50.5",
            "count": 5,
            "created_time": "2025-03-12T02:50:36.637075Z",
            "yes_price": 17,
            "no_price": 83,
            "taker_side": "yes"
        },
        {
            "trade_id": "450926b1-434b-4aa4-9d99-d109df811195",
            "ticker": "KXHIGHCHI-25MAR12-B50.5",
            "count": 3,
            "created_time": "2025-03-12T02:50:36.637075Z",
            "yes_price": 17,
            "no_price": 83,
            "taker_side": "yes"
        },
        {
            "trade_id": "1d9c6e9f-51a4-4081-ad82-cc2ff7072103",
            "ticker": "KXHIGHCHI-25MAR12-B50.5",
            "count": 42,
            "created_time": "2025-03-12T02:50:36.637075Z",
            "yes_price": 17,
            "no_price": 83,
            "taker_side": "yes"
        },
        {
            "trade_id": "7263f123-d12c-457f-a69c-9381ba64cdb5",
            "ticker": "KXHIGHCHI-25MAR12-B50.5",
            "count": 9,
            "created_time": "2025-03-12T02:40:32.39567Z",
            "yes_price": 15,
            "no_price": 85,
            "taker_side": "no"
        },
        {
            "trade_id": "fdc928b5-3299-42a1-8910-09493e0f5885",
            "ticker": "KXHIGHCHI-25MAR12-B50.5",
            "count": 1,
            "created_time": "2025-03-12T02:16:59.375508Z",
            "yes_price": 18,
            "no_price": 82,
            "taker_side": "yes"
        },
        {
            "trade_id": "8bb48d16-6451-474c-b7d7-0bc1f39db444",
            "ticker": "KXHIGHCHI-25MAR12-B50.5",
            "count": 6,
            "created_time": "2025-03-12T02:03:13.003289Z",
            "yes_price": 16,
            "no_price": 84,
            "taker_side": "yes"
        },
        {
            "trade_id": "fead35b7-e08d-4d15-b2f3-5e9691a07f7f",
            "ticker": "KXHIGHCHI-25MAR12-B50.5",
            "count": 10,
            "created_time": "2025-03-12T01:47:40.922141Z",
            "yes_price": 17,
            "no_price": 83,
            "taker_side": "yes"
        },
        {
            "trade_id": "f49a44e4-b967-4bcd-bfc2-c9c56121c0be",
            "ticker": "KXHIGHCHI-25MAR12-B50.5",
            "count": 10,
            "created_time": "2025-03-12T01:47:26.871204Z",
            "yes_price": 17,
            "no_price": 83,
            "taker_side": "yes"
        },
        {
            "trade_id": "ab875b15-9b05-469b-a762-a08a0ce0992d",
            "ticker": "KXHIGHCHI-25MAR12-B50.5",
            "count": 10,
            "created_time": "2025-03-12T01:47:08.066236Z",
            "yes_price": 17,
            "no_price": 83,
            "taker_side": "yes"
        },
        {
            "trade_id": "468ff676-9f65-48c2-af62-9f5afdd7325e",
            "ticker": "KXHIGHCHI-25MAR12-B50.5",
            "count": 10,
            "created_time": "2025-03-12T00:46:42.336052Z",
            "yes_price": 15,
            "no_price": 85,
            "taker_side": "yes"
        },
        {
            "trade_id": "0e538d69-a6f7-461a-909a-fa44e0ab9bcc",
            "ticker": "KXHIGHCHI-25MAR12-B50.5",
            "count": 10,
            "created_time": "2025-03-12T00:39:51.502369Z",
            "yes_price": 13,
            "no_price": 87,
            "taker_side": "yes"
        },
        {
            "trade_id": "6b89ae98-44e5-487c-9584-fbe4892671ad",
            "ticker": "KXHIGHCHI-25MAR12-B50.5",
            "count": 3,
            "created_time": "2025-03-12T00:28:40.965882Z",
            "yes_price": 12,
            "no_price": 88,
            "taker_side": "yes"
        },
        {
            "trade_id": "9c9bf009-91e0-4c62-ac93-4e53b06868d6",
            "ticker": "KXHIGHCHI-25MAR12-B50.5",
            "count": 97,
            "created_time": "2025-03-12T00:06:43.297388Z",
            "yes_price": 12,
            "no_price": 88,
            "taker_side": "yes"
        },
        {
            "trade_id": "42dbc396-e673-485b-aaf0-0c2f11b929c2",
            "ticker": "KXHIGHCHI-25MAR12-B50.5",
            "count": 10,
            "created_time": "2025-03-12T00:06:43.297388Z",
            "yes_price": 10,
            "no_price": 90,
            "taker_side": "yes"
        },
        {
            "trade_id": "1070a77e-43c0-4212-b414-3b22b1c9a8f1",
            "ticker": "KXHIGHCHI-25MAR12-B50.5",
            "count": 10,
            "created_time": "2025-03-11T23:15:29.193593Z",
            "yes_price": 10,
            "no_price": 90,
            "taker_side": "no"
        },
        {
            "trade_id": "02bda023-425a-4902-827e-34bc5bfc4b1d",
            "ticker": "KXHIGHCHI-25MAR12-B50.5",
            "count": 10,
            "created_time": "2025-03-11T23:14:16.762206Z",
            "yes_price": 10,
            "no_price": 90,
            "taker_side": "yes"
        },
        {
            "trade_id": "f38311fe-bbdc-4808-8c4a-18c2fd84991a",
            "ticker": "KXHIGHCHI-25MAR12-B50.5",
            "count": 10,
            "created_time": "2025-03-11T21:38:56.128006Z",
            "yes_price": 10,
            "no_price": 90,
            "taker_side": "yes"
        },
        {
            "trade_id": "eee3fd2f-1af0-4428-8642-716e2e32cb73",
            "ticker": "KXHIGHCHI-25MAR12-B50.5",
            "count": 8,
            "created_time": "2025-03-11T21:38:56.128006Z",
            "yes_price": 10,
            "no_price": 90,
            "taker_side": "yes"
        },
        {
            "trade_id": "6f3f26ca-1a4f-44f6-9be2-8eaa43ac9651",
            "ticker": "KXHIGHCHI-25MAR12-B50.5",
            "count": 57,
            "created_time": "2025-03-11T21:38:56.128006Z",
            "yes_price": 12,
            "no_price": 88,
            "taker_side": "yes"
        },
        {
            "trade_id": "3724f236-442c-4795-bb67-6e3cfa6f1125",
            "ticker": "KXHIGHCHI-25MAR12-B50.5",
            "count": 6,
            "created_time": "2025-03-11T21:14:59.48825Z",
            "yes_price": 7,
            "no_price": 93,
            "taker_side": "no"
        },
        {
            "trade_id": "3b8bd006-c941-4160-b6b1-92ca02e1267b",
            "ticker": "KXHIGHCHI-25MAR12-B50.5",
            "count": 160,
            "created_time": "2025-03-11T20:18:15.053654Z",
            "yes_price": 10,
            "no_price": 90,
            "taker_side": "no"
        },
        {
            "trade_id": "6a622de2-5e50-4da7-820e-969efb4ff943",
            "ticker": "KXHIGHCHI-25MAR12-B50.5",
            "count": 10,
            "created_time": "2025-03-11T20:15:17.268092Z",
            "yes_price": 10,
            "no_price": 90,
            "taker_side": "no"
        },
        {
            "trade_id": "58efb26b-7a49-4414-a2a1-99ac358eb165",
            "ticker": "KXHIGHCHI-25MAR12-B50.5",
            "count": 10,
            "created_time": "2025-03-11T20:10:27.177799Z",
            "yes_price": 10,
            "no_price": 90,
            "taker_side": "no"
        },
        {
            "trade_id": "dcf0982e-bb2d-4eca-a107-928cc2477bc1",
            "ticker": "KXHIGHCHI-25MAR12-B50.5",
            "count": 20,
            "created_time": "2025-03-11T20:10:04.924699Z",
            "yes_price": 13,
            "no_price": 87,
            "taker_side": "yes"
        },
        {
            "trade_id": "8285312f-9607-4417-a4dc-ba7ec6fb75a9",
            "ticker": "KXHIGHCHI-25MAR12-B50.5",
            "count": 42,
            "created_time": "2025-03-11T20:10:04.924699Z",
            "yes_price": 14,
            "no_price": 86,
            "taker_side": "yes"
        },
        {
            "trade_id": "7b0d5631-efc9-406e-a3c1-f384c8474652",
            "ticker": "KXHIGHCHI-25MAR12-B50.5",
            "count": 77,
            "created_time": "2025-03-11T20:10:04.924699Z",
            "yes_price": 13,
            "no_price": 87,
            "taker_side": "yes"
        },
        {
            "trade_id": "0ffa3a34-64ce-4e55-b174-ad59fc2ac3d7",
            "ticker": "KXHIGHCHI-25MAR12-B50.5",
            "count": 10,
            "created_time": "2025-03-11T20:05:45.82637Z",
            "yes_price": 10,
            "no_price": 90,
            "taker_side": "no"
        },
        {
            "trade_id": "e30084e1-ea04-430c-8c3e-3bc3d5833436",
            "ticker": "KXHIGHCHI-25MAR12-B50.5",
            "count": 10,
            "created_time": "2025-03-11T20:00:44.94525Z",
            "yes_price": 10,
            "no_price": 90,
            "taker_side": "no"
        },
        {
            "trade_id": "29e15ffa-06ef-4cc2-b49b-2819c367439c",
            "ticker": "KXHIGHCHI-25MAR12-B50.5",
            "count": 20,
            "created_time": "2025-03-11T19:55:19.763797Z",
            "yes_price": 14,
            "no_price": 86,
            "taker_side": "yes"
        },
        {
            "trade_id": "a57f0f11-756a-48ff-a267-5d6b2723c27c",
            "ticker": "KXHIGHCHI-25MAR12-B50.5",
            "count": 52,
            "created_time": "2025-03-11T19:46:23.379612Z",
            "yes_price": 14,
            "no_price": 86,
            "taker_side": "yes"
        },
        {
            "trade_id": "12a32057-4a18-42b0-b2bb-d1143c31c57d",
            "ticker": "KXHIGHCHI-25MAR12-B50.5",
            "count": 212,
            "created_time": "2025-03-11T19:46:23.379612Z",
            "yes_price": 16,
            "no_price": 84,
            "taker_side": "yes"
        },
        {
            "trade_id": "f96748bf-6e5b-46f3-9ccc-ce82d77ffa8c",
            "ticker": "KXHIGHCHI-25MAR12-B50.5",
            "count": 26,
            "created_time": "2025-03-11T19:21:41.755235Z",
            "yes_price": 12,
            "no_price": 88,
            "taker_side": "no"
        },
        {
            "trade_id": "59f8d8da-549c-4d39-b4f3-3920236be786",
            "ticker": "KXHIGHCHI-25MAR12-B50.5",
            "count": 33,
            "created_time": "2025-03-11T19:21:41.596026Z",
            "yes_price": 12,
            "no_price": 88,
            "taker_side": "no"
        },
        {
            "trade_id": "c09af87b-a971-4e87-94dc-b8e842b8ac6e",
            "ticker": "KXHIGHCHI-25MAR12-B50.5",
            "count": 40,
            "created_time": "2025-03-11T18:39:41.686269Z",
            "yes_price": 12,
            "no_price": 88,
            "taker_side": "no"
        },
        {
            "trade_id": "9687b43c-f889-4fd3-b69d-ebaee95d7819",
            "ticker": "KXHIGHCHI-25MAR12-B50.5",
            "count": 102,
            "created_time": "2025-03-11T18:33:54.115698Z",
            "yes_price": 12,
            "no_price": 88,
            "taker_side": "no"
        },
        {
            "trade_id": "f8367fbc-0058-4993-b5f6-c2ff4b3fdc57",
            "ticker": "KXHIGHCHI-25MAR12-B50.5",
            "count": 46,
            "created_time": "2025-03-11T18:30:50.405429Z",
            "yes_price": 12,
            "no_price": 88,
            "taker_side": "no"
        },
        {
            "trade_id": "9c410341-b503-44dc-a39d-94315e532a0f",
            "ticker": "KXHIGHCHI-25MAR12-B50.5",
            "count": 15,
            "created_time": "2025-03-11T18:27:39.726806Z",
            "yes_price": 13,
            "no_price": 87,
            "taker_side": "no"
        },
        {
            "trade_id": "4f7f1e98-8907-415f-854e-af25acd77e43",
            "ticker": "KXHIGHCHI-25MAR12-B50.5",
            "count": 67,
            "created_time": "2025-03-11T18:27:39.726806Z",
            "yes_price": 12,
            "no_price": 88,
            "taker_side": "no"
        },
        {
            "trade_id": "8adb7e16-77af-41c4-9c98-5e3046a55315",
            "ticker": "KXHIGHCHI-25MAR12-B50.5",
            "count": 23,
            "created_time": "2025-03-11T18:24:39.466623Z",
            "yes_price": 13,
            "no_price": 87,
            "taker_side": "no"
        },
        {
            "trade_id": "bb492903-cd00-4902-b1f9-2e75102cd5e4",
            "ticker": "KXHIGHCHI-25MAR12-B50.5",
            "count": 1,
            "created_time": "2025-03-11T18:08:08.905171Z",
            "yes_price": 13,
            "no_price": 87,
            "taker_side": "no"
        },
        {
            "trade_id": "2ab0afd8-e09b-43b7-bfa5-7adf756a7fe9",
            "ticker": "KXHIGHCHI-25MAR12-B50.5",
            "count": 1,
            "created_time": "2025-03-11T18:04:46.359348Z",
            "yes_price": 13,
            "no_price": 87,
            "taker_side": "yes"
        },
        {
            "trade_id": "60c34ada-69cd-4c73-991b-b2aa5a319565",
            "ticker": "KXHIGHCHI-25MAR12-B50.5",
            "count": 1,
            "created_time": "2025-03-11T17:47:41.880513Z",
            "yes_price": 13,
            "no_price": 87,
            "taker_side": "yes"
        },
        {
            "trade_id": "13d2985a-053d-4b46-a9c3-12d8565922fe",
            "ticker": "KXHIGHCHI-25MAR12-B50.5",
            "count": 107,
            "created_time": "2025-03-11T17:47:41.880513Z",
            "yes_price": 13,
            "no_price": 87,
            "taker_side": "yes"
        },
        {
            "trade_id": "3b781bb3-da6f-4804-8ac7-379ff37adb2e",
            "ticker": "KXHIGHCHI-25MAR12-B50.5",
            "count": 5,
            "created_time": "2025-03-11T16:00:37.438958Z",
            "yes_price": 12,
            "no_price": 88,
            "taker_side": "no"
        },
        {
            "trade_id": "327f46a7-7fa7-4499-a2b5-a3f2c4f55f9a",
            "ticker": "KXHIGHCHI-25MAR12-B50.5",
            "count": 11,
            "created_time": "2025-03-11T15:55:08.860194Z",
            "yes_price": 14,
            "no_price": 86,
            "taker_side": "yes"
        },
        {
            "trade_id": "9894ee6e-b3a4-406a-84cc-1f042582d2ec",
            "ticker": "KXHIGHCHI-25MAR12-B50.5",
            "count": 9,
            "created_time": "2025-03-11T15:51:33.928728Z",
            "yes_price": 15,
            "no_price": 85,
            "taker_side": "no"
        },
        {
            "trade_id": "16c21420-1472-490d-814b-79edbbb48826",
            "ticker": "KXHIGHCHI-25MAR12-B50.5",
            "count": 1,
            "created_time": "2025-03-11T15:12:37.501767Z",
            "yes_price": 12,
            "no_price": 88,
            "taker_side": "no"
        },
        {
            "trade_id": "305b907c-3e40-4454-80c6-46e73331e0dd",
            "ticker": "KXHIGHCHI-25MAR12-B50.5",
            "count": 20,
            "created_time": "2025-03-11T15:09:38.22922Z",
            "yes_price": 12,
            "no_price": 88,
            "taker_side": "no"
        },
        {
            "trade_id": "bb1a3256-7004-457a-96b0-9454cf64c31b",
            "ticker": "KXHIGHCHI-25MAR12-B50.5",
            "count": 16,
            "created_time": "2025-03-11T15:07:51.773651Z",
            "yes_price": 12,
            "no_price": 88,
            "taker_side": "yes"
        },
        {
            "trade_id": "8ddbda71-8b3b-4423-aef1-75f07aabdfff",
            "ticker": "KXHIGHCHI-25MAR12-B50.5",
            "count": 15,
            "created_time": "2025-03-11T15:07:51.773651Z",
            "yes_price": 12,
            "no_price": 88,
            "taker_side": "yes"
        },
        {
            "trade_id": "426b30b2-ab34-4758-968c-6c4cb3a1de41",
            "ticker": "KXHIGHCHI-25MAR12-B50.5",
            "count": 20,
            "created_time": "2025-03-11T15:07:51.773651Z",
            "yes_price": 12,
            "no_price": 88,
            "taker_side": "yes"
        },
        {
            "trade_id": "ea9ae101-dcf5-4ef0-807e-ae0c1e326082",
            "ticker": "KXHIGHCHI-25MAR12-B50.5",
            "count": 33,
            "created_time": "2025-03-11T14:15:29.243315Z",
            "yes_price": 12,
            "no_price": 88,
            "taker_side": "yes"
        },
        {
            "trade_id": "7f6e9192-4002-4715-9f50-285192209367",
            "ticker": "KXHIGHCHI-25MAR12-B50.5",
            "count": 40,
            "created_time": "2025-03-11T14:12:31.94732Z",
            "yes_price": 21,
            "no_price": 79,
            "taker_side": "no"
        }
    ],
    "KXHIGHCHI-25MAR12-T51": [
        {
            "trade_id": "96c783e2-8e34-43d5-a33a-0cbdf7c5fbee",
            "ticker": "KXHIGHCHI-25MAR12-T51",
            "count": 61,
            "created_time": "2025-03-13T01:05:21.304781Z",
            "yes_price": 99,
            "no_price": 1,
            "taker_side": "no"
        },
        {
            "trade_id": "39f36f2b-06e6-43e0-9983-7a77d8c6b735",
            "ticker": "KXHIGHCHI-25MAR12-T51",
            "count": 402,
            "created_time": "2025-03-13T00:11:36.856222Z",
            "yes_price": 99,
            "no_price": 1,
            "taker_side": "no"
        },
        {
            "trade_id": "29a0e180-e095-4df4-8d78-7e744f2ab5c6",
            "ticker": "KXHIGHCHI-25MAR12-T51",
            "count": 5,
            "created_time": "2025-03-12T23:48:42.531132Z",
            "yes_price": 99,
            "no_price": 1,
            "taker_side": "no"
        },
        {
            "trade_id": "77d39499-f3d6-44b1-8eb0-ff8add8b365b",
            "ticker": "KXHIGHCHI-25MAR12-T51",
            "count": 2000,
            "created_time": "2025-03-12T23:20:55.466704Z",
            "yes_price": 99,
            "no_price": 1,
            "taker_side": "no"
        },
        {
            "trade_id": "ff53d379-4c5f-497c-98de-3feb3bf98090",
            "ticker": "KXHIGHCHI-25MAR12-T51",
            "count": 590,
            "created_time": "2025-03-12T22:53:28.781308Z",
            "yes_price": 99,
            "no_price": 1,
            "taker_side": "no"
        },
        {
            "trade_id": "34608c08-d737-4f63-942b-62d0e227c636",
            "ticker": "KXHIGHCHI-25MAR12-T51",
            "count": 1410,
            "created_time": "2025-03-12T22:53:28.781308Z",
            "yes_price": 99,
            "no_price": 1,
            "taker_side": "no"
        },
        {
            "trade_id": "1c08f786-393a-4f07-9958-f31821a7a8ee",
            "ticker": "KXHIGHCHI-25MAR12-T51",
            "count": 40,
            "created_time": "2025-03-12T22:49:49.82498Z",
            "yes_price": 99,
            "no_price": 1,
            "taker_side": "no"
        },
        {
            "trade_id": "fabaa806-da94-4b18-ad1e-35e7789f6c77",
            "ticker": "KXHIGHCHI-25MAR12-T51",
            "count": 6,
            "created_time": "2025-03-12T22:48:01.0451Z",
            "yes_price": 99,
            "no_price": 1,
            "taker_side": "no"
        },
        {
            "trade_id": "a6b463be-cf28-4ac8-b89f-33a2a9f644b2",
            "ticker": "KXHIGHCHI-25MAR12-T51",
            "count": 2,
            "created_time": "2025-03-12T22:16:05.865993Z",
            "yes_price": 99,
            "no_price": 1,
            "taker_side": "no"
        },
        {
            "trade_id": "f1717468-77ac-4ae5-b810-31e9591315b5",
            "ticker": "KXHIGHCHI-25MAR12-T51",
            "count": 75,
            "created_time": "2025-03-12T21:58:46.517375Z",
            "yes_price": 99,
            "no_price": 1,
            "taker_side": "no"
        },
        {
            "trade_id": "9a57d12f-307d-42ea-a7fa-fb5fb5af9f98",
            "ticker": "KXHIGHCHI-25MAR12-T51",
            "count": 100,
            "created_time": "2025-03-12T21:57:27.053006Z",
            "yes_price": 99,
            "no_price": 1,
            "taker_side": "no"
        },
        {
            "trade_id": "c7d714d2-ca73-449c-94c3-4bef64dd5d23",
            "ticker": "KXHIGHCHI-25MAR12-T51",
            "count": 1,
            "created_time": "2025-03-12T21:51:56.146089Z",
            "yes_price": 99,
            "no_price": 1,
            "taker_side": "no"
        },
        {
            "trade_id": "c84f0b66-2b14-43eb-a483-08fda05ed23b",
            "ticker": "KXHIGHCHI-25MAR12-T51",
            "count": 100,
            "created_time": "2025-03-12T21:39:37.199828Z",
            "yes_price": 99,
            "no_price": 1,
            "taker_side": "no"
        },
        {
            "trade_id": "379da1dc-fbe7-4b0b-be65-d36c89937814",
            "ticker": "KXHIGHCHI-25MAR12-T51",
            "count": 119,
            "created_time": "2025-03-12T21:17:52.27089Z",
            "yes_price": 99,
            "no_price": 1,
            "taker_side": "no"
        },
        {
            "trade_id": "fb0f6f90-d86c-47df-a413-b6bf3a88d026",
            "ticker": "KXHIGHCHI-25MAR12-T51",
            "count": 74,
            "created_time": "2025-03-12T21:17:20.586446Z",
            "yes_price": 99,
            "no_price": 1,
            "taker_side": "no"
        },
        {
            "trade_id": "a4fd3640-8141-4b11-9e64-80773757940f",
            "ticker": "KXHIGHCHI-25MAR12-T51",
            "count": 14,
            "created_time": "2025-03-12T21:17:09.012074Z",
            "yes_price": 99,
            "no_price": 1,
            "taker_side": "yes"
        },
        {
            "trade_id": "84ccd368-0162-4193-9677-18fe7bd818b5",
            "ticker": "KXHIGHCHI-25MAR12-T51",
            "count": 125,
            "created_time": "2025-03-12T21:17:09.012074Z",
            "yes_price": 98,
            "no_price": 2,
            "taker_side": "yes"
        },
        {
            "trade_id": "45cce024-ecb6-40cc-a288-04a9c735bb46",
            "ticker": "KXHIGHCHI-25MAR12-T51",
            "count": 850,
            "created_time": "2025-03-12T21:17:09.012074Z",
            "yes_price": 99,
            "no_price": 1,
            "taker_side": "yes"
        },
        {
            "trade_id": "3b09bb79-828c-4628-bd61-34bf0e1d7101",
            "ticker": "KXHIGHCHI-25MAR12-T51",
            "count": 74,
            "created_time": "2025-03-12T21:11:08.223505Z",
            "yes_price": 95,
            "no_price": 5,
            "taker_side": "yes"
        },
        {
            "trade_id": "290f7f9e-ce85-47cd-9031-c871d4707bd3",
            "ticker": "KXHIGHCHI-25MAR12-T51",
            "count": 1000,
            "created_time": "2025-03-12T21:07:46.484961Z",
            "yes_price": 93,
            "no_price": 7,
            "taker_side": "yes"
        },
        {
            "trade_id": "1d38c030-42d0-4720-be2b-a17db733f726",
            "ticker": "KXHIGHCHI-25MAR12-T51",
            "count": 500,
            "created_time": "2025-03-12T21:07:46.484961Z",
            "yes_price": 95,
            "no_price": 5,
            "taker_side": "yes"
        },
        {
            "trade_id": "3097f6a3-bb2f-4d4a-89da-205dbf9720f5",
            "ticker": "KXHIGHCHI-25MAR12-T51",
            "count": 6,
            "created_time": "2025-03-12T21:03:59.866247Z",
            "yes_price": 86,
            "no_price": 14,
            "taker_side": "no"
        },
        {
            "trade_id": "ed5bc1b1-8240-4bb0-9893-2791dfa97b44",
            "ticker": "KXHIGHCHI-25MAR12-T51",
            "count": 5,
            "created_time": "2025-03-12T20:54:53.70658Z",
            "yes_price": 89,
            "no_price": 11,
            "taker_side": "no"
        },
        {
            "trade_id": "47857008-bd0e-48c7-ac41-7ad2a86bbcf0",
            "ticker": "KXHIGHCHI-25MAR12-T51",
            "count": 500,
            "created_time": "2025-03-12T20:44:20.569958Z",
            "yes_price": 94,
            "no_price": 6,
            "taker_side": "yes"
        },
        {
            "trade_id": "1e9db48b-4bf5-4925-99f6-3f6bdf4f6b3d",
            "ticker": "KXHIGHCHI-25MAR12-T51",
            "count": 95,
            "created_time": "2025-03-12T20:44:12.835668Z",
            "yes_price": 93,
            "no_price": 7,
            "taker_side": "yes"
        },
        {
            "trade_id": "e5849aa1-4bcc-4bda-909b-67c629f45495",
            "ticker": "KXHIGHCHI-25MAR12-T51",
            "count": 5,
            "created_time": "2025-03-12T20:37:40.773523Z",
            "yes_price": 93,
            "no_price": 7,
            "taker_side": "yes"
        },
        {
            "trade_id": "c3391316-8012-4452-b1a4-a4e9f9ec8e23",
            "ticker": "KXHIGHCHI-25MAR12-T51",
            "count": 500,
            "created_time": "2025-03-12T20:22:23.39537Z",
            "yes_price": 95,
            "no_price": 5,
            "taker_side": "yes"
        },
        {
            "trade_id": "0e221f35-feb9-4a8a-a28c-d612a9d0915e",
            "ticker": "KXHIGHCHI-25MAR12-T51",
            "count": 123,
            "created_time": "2025-03-12T20:22:23.39537Z",
            "yes_price": 94,
            "no_price": 6,
            "taker_side": "yes"
        },
        {
            "trade_id": "dbd1e82e-3d09-4802-acef-62dba6ebbef7",
            "ticker": "KXHIGHCHI-25MAR12-T51",
            "count": 2,
            "created_time": "2025-03-12T20:22:15.171962Z",
            "yes_price": 94,
            "no_price": 6,
            "taker_side": "yes"
        },
        {
            "trade_id": "289f3065-69c9-4c92-b515-e6d98e9440b0",
            "ticker": "KXHIGHCHI-25MAR12-T51",
            "count": 79,
            "created_time": "2025-03-12T20:10:50.885811Z",
            "yes_price": 98,
            "no_price": 2,
            "taker_side": "yes"
        },
        {
            "trade_id": "7891d1a8-1ba0-436c-9ded-bb9d5d5bea87",
            "ticker": "KXHIGHCHI-25MAR12-T51",
            "count": 3,
            "created_time": "2025-03-12T20:08:42.859852Z",
            "yes_price": 97,
            "no_price": 3,
            "taker_side": "yes"
        },
        {
            "trade_id": "447f0d98-d3e4-4150-89a5-2269c9302eab",
            "ticker": "KXHIGHCHI-25MAR12-T51",
            "count": 421,
            "created_time": "2025-03-12T20:00:00.486963Z",
            "yes_price": 98,
            "no_price": 2,
            "taker_side": "yes"
        },
        {
            "trade_id": "7996db13-4093-4f44-af3a-3455ad665f43",
            "ticker": "KXHIGHCHI-25MAR12-T51",
            "count": 75,
            "created_time": "2025-03-12T19:49:02.568401Z",
            "yes_price": 99,
            "no_price": 1,
            "taker_side": "yes"
        },
        {
            "trade_id": "d2274c30-296b-41fd-8720-1774f9b5a78a",
            "ticker": "KXHIGHCHI-25MAR12-T51",
            "count": 100,
            "created_time": "2025-03-12T19:29:37.02522Z",
            "yes_price": 99,
            "no_price": 1,
            "taker_side": "yes"
        },
        {
            "trade_id": "500aab76-4520-497b-8527-53a874d20374",
            "ticker": "KXHIGHCHI-25MAR12-T51",
            "count": 375,
            "created_time": "2025-03-12T19:29:37.02522Z",
            "yes_price": 99,
            "no_price": 1,
            "taker_side": "yes"
        },
        {
            "trade_id": "b0caf853-2f6b-47d7-9ad4-0ffb22ac679e",
            "ticker": "KXHIGHCHI-25MAR12-T51",
            "count": 25,
            "created_time": "2025-03-12T19:27:26.980664Z",
            "yes_price": 96,
            "no_price": 4,
            "taker_side": "yes"
        },
        {
            "trade_id": "9e46300f-b6e2-4f11-a98b-518d5f2d0d30",
            "ticker": "KXHIGHCHI-25MAR12-T51",
            "count": 126,
            "created_time": "2025-03-12T19:26:14.54846Z",
            "yes_price": 99,
            "no_price": 1,
            "taker_side": "yes"
        },
        {
            "trade_id": "df536579-383e-446b-bbb6-9bcccb1acf13",
            "ticker": "KXHIGHCHI-25MAR12-T51",
            "count": 2,
            "created_time": "2025-03-12T19:18:19.635325Z",
            "yes_price": 99,
            "no_price": 1,
            "taker_side": "yes"
        },
        {
            "trade_id": "25c63a97-fcb4-424b-927f-af14226c87be",
            "ticker": "KXHIGHCHI-25MAR12-T51",
            "count": 100,
            "created_time": "2025-03-12T19:10:17.621338Z",
            "yes_price": 99,
            "no_price": 1,
            "taker_side": "yes"
        },
        {
            "trade_id": "a52ed929-90d1-4b79-9ff0-5ea89dc5f54f",
            "ticker": "KXHIGHCHI-25MAR12-T51",
            "count": 50,
            "created_time": "2025-03-12T19:07:18.591408Z",
            "yes_price": 99,
            "no_price": 1,
            "taker_side": "yes"
        },
        {
            "trade_id": "af7556d2-3bb2-45e6-8ec6-b00f2f3952ea",
            "ticker": "KXHIGHCHI-25MAR12-T51",
            "count": 200,
            "created_time": "2025-03-12T18:55:59.547752Z",
            "yes_price": 99,
            "no_price": 1,
            "taker_side": "no"
        },
        {
            "trade_id": "a6241c02-3779-4ccd-8fa2-008816486dea",
            "ticker": "KXHIGHCHI-25MAR12-T51",
            "count": 100,
            "created_time": "2025-03-12T18:52:49.906707Z",
            "yes_price": 98,
            "no_price": 2,
            "taker_side": "no"
        },
        {
            "trade_id": "48ba5f58-4041-4efb-b91b-903a2d04d785",
            "ticker": "KXHIGHCHI-25MAR12-T51",
            "count": 250,
            "created_time": "2025-03-12T18:52:49.906707Z",
            "yes_price": 98,
            "no_price": 2,
            "taker_side": "no"
        },
        {
            "trade_id": "8d9247ea-5cbe-409d-aa0f-8f25c0c5744e",
            "ticker": "KXHIGHCHI-25MAR12-T51",
            "count": 50,
            "created_time": "2025-03-12T18:34:21.011925Z",
            "yes_price": 99,
            "no_price": 1,
            "taker_side": "yes"
        },
        {
            "trade_id": "86c20175-962b-4d6c-aa88-7e794cc3b339",
            "ticker": "KXHIGHCHI-25MAR12-T51",
            "count": 40,
            "created_time": "2025-03-12T18:34:21.011925Z",
            "yes_price": 99,
            "no_price": 1,
            "taker_side": "yes"
        },
        {
            "trade_id": "b7f4fae8-5bc2-400b-8344-d7dc0de08c6b",
            "ticker": "KXHIGHCHI-25MAR12-T51",
            "count": 50,
            "created_time": "2025-03-12T18:34:12.083835Z",
            "yes_price": 98,
            "no_price": 2,
            "taker_side": "yes"
        },
        {
            "trade_id": "5022a952-1144-4660-8c6e-acd2cd4f94d6",
            "ticker": "KXHIGHCHI-25MAR12-T51",
            "count": 25,
            "created_time": "2025-03-12T18:34:12.083835Z",
            "yes_price": 98,
            "no_price": 2,
            "taker_side": "yes"
        },
        {
            "trade_id": "df1aa0bd-8415-4342-a2c9-2d32d2b19eb3",
            "ticker": "KXHIGHCHI-25MAR12-T51",
            "count": 50,
            "created_time": "2025-03-12T18:30:23.838318Z",
            "yes_price": 99,
            "no_price": 1,
            "taker_side": "yes"
        },
        {
            "trade_id": "9a160baa-d013-47f2-9862-784817b92a1c",
            "ticker": "KXHIGHCHI-25MAR12-T51",
            "count": 350,
            "created_time": "2025-03-12T18:30:23.838318Z",
            "yes_price": 99,
            "no_price": 1,
            "taker_side": "yes"
        },
        {
            "trade_id": "4c39c991-8feb-4914-a0bb-0d09c9dbed57",
            "ticker": "KXHIGHCHI-25MAR12-T51",
            "count": 500,
            "created_time": "2025-03-12T18:30:23.838318Z",
            "yes_price": 99,
            "no_price": 1,
            "taker_side": "yes"
        },
        {
            "trade_id": "3105134a-00b0-4775-8a9c-53b7f209ebe2",
            "ticker": "KXHIGHCHI-25MAR12-T51",
            "count": 44,
            "created_time": "2025-03-12T18:30:23.838318Z",
            "yes_price": 99,
            "no_price": 1,
            "taker_side": "yes"
        },
        {
            "trade_id": "a4495976-9ae4-4c42-b37a-2433dee295fa",
            "ticker": "KXHIGHCHI-25MAR12-T51",
            "count": 24,
            "created_time": "2025-03-12T18:29:03.477923Z",
            "yes_price": 97,
            "no_price": 3,
            "taker_side": "yes"
        },
        {
            "trade_id": "5c1def3f-0b79-4a03-a2ad-c009f15bf7a3",
            "ticker": "KXHIGHCHI-25MAR12-T51",
            "count": 392,
            "created_time": "2025-03-12T18:29:03.477923Z",
            "yes_price": 98,
            "no_price": 2,
            "taker_side": "yes"
        },
        {
            "trade_id": "0279b579-55d1-4d8f-8a8d-55a1e157f21c",
            "ticker": "KXHIGHCHI-25MAR12-T51",
            "count": 50,
            "created_time": "2025-03-12T18:29:03.477923Z",
            "yes_price": 98,
            "no_price": 2,
            "taker_side": "yes"
        },
        {
            "trade_id": "0110ee4e-19bf-43f0-8297-37b19ab72042",
            "ticker": "KXHIGHCHI-25MAR12-T51",
            "count": 50,
            "created_time": "2025-03-12T18:29:03.477923Z",
            "yes_price": 98,
            "no_price": 2,
            "taker_side": "yes"
        },
        {
            "trade_id": "79122a4c-e314-4d4d-9c4a-41cbbd056b55",
            "ticker": "KXHIGHCHI-25MAR12-T51",
            "count": 25,
            "created_time": "2025-03-12T18:22:36.975447Z",
            "yes_price": 97,
            "no_price": 3,
            "taker_side": "yes"
        },
        {
            "trade_id": "ec48fea7-f0a2-4d85-b8f4-be667cf75c03",
            "ticker": "KXHIGHCHI-25MAR12-T51",
            "count": 30,
            "created_time": "2025-03-12T18:14:04.240612Z",
            "yes_price": 97,
            "no_price": 3,
            "taker_side": "yes"
        },
        {
            "trade_id": "ad214286-ff0f-45e4-8868-4e3e980f2505",
            "ticker": "KXHIGHCHI-25MAR12-T51",
            "count": 50,
            "created_time": "2025-03-12T18:14:04.240612Z",
            "yes_price": 97,
            "no_price": 3,
            "taker_side": "yes"
        },
        {
            "trade_id": "a156bae8-96f2-477e-949a-45fa91d9fff9",
            "ticker": "KXHIGHCHI-25MAR12-T51",
            "count": 11,
            "created_time": "2025-03-12T18:12:46.863478Z",
            "yes_price": 96,
            "no_price": 4,
            "taker_side": "no"
        },
        {
            "trade_id": "2cb2de87-3083-41e1-920c-27abb5c449b3",
            "ticker": "KXHIGHCHI-25MAR12-T51",
            "count": 20,
            "created_time": "2025-03-12T18:11:29.521718Z",
            "yes_price": 97,
            "no_price": 3,
            "taker_side": "yes"
        },
        {
            "trade_id": "da85f10e-d2d0-4bde-a552-39a038a37633",
            "ticker": "KXHIGHCHI-25MAR12-T51",
            "count": 8,
            "created_time": "2025-03-12T18:10:30.69815Z",
            "yes_price": 96,
            "no_price": 4,
            "taker_side": "no"
        },
        {
            "trade_id": "991cf05c-0a16-4833-89f6-56771a6e9a38",
            "ticker": "KXHIGHCHI-25MAR12-T51",
            "count": 3,
            "created_time": "2025-03-12T18:10:05.030428Z",
            "yes_price": 95,
            "no_price": 5,
            "taker_side": "no"
        },
        {
            "trade_id": "8fe178d9-c7f0-4b61-9120-1759a91d6c2b",
            "ticker": "KXHIGHCHI-25MAR12-T51",
            "count": 7,
            "created_time": "2025-03-12T18:10:05.030428Z",
            "yes_price": 95,
            "no_price": 5,
            "taker_side": "no"
        },
        {
            "trade_id": "1007795d-cd14-46eb-b194-a629dca9e98f",
            "ticker": "KXHIGHCHI-25MAR12-T51",
            "count": 73,
            "created_time": "2025-03-12T18:09:31.312889Z",
            "yes_price": 96,
            "no_price": 4,
            "taker_side": "yes"
        },
        {
            "trade_id": "b2e17d6a-0b29-4d41-aa8a-a0b69cadfe60",
            "ticker": "KXHIGHCHI-25MAR12-T51",
            "count": 122,
            "created_time": "2025-03-12T18:09:18.144598Z",
            "yes_price": 96,
            "no_price": 4,
            "taker_side": "yes"
        },
        {
            "trade_id": "5d75efc9-40b5-4187-a772-281311a95086",
            "ticker": "KXHIGHCHI-25MAR12-T51",
            "count": 22,
            "created_time": "2025-03-12T18:08:19.681919Z",
            "yes_price": 95,
            "no_price": 5,
            "taker_side": "yes"
        },
        {
            "trade_id": "19ce2fd4-422b-4b6a-b257-5cb156af8d5b",
            "ticker": "KXHIGHCHI-25MAR12-T51",
            "count": 21,
            "created_time": "2025-03-12T18:08:19.681919Z",
            "yes_price": 95,
            "no_price": 5,
            "taker_side": "yes"
        },
        {
            "trade_id": "9c012cd9-e7ab-438f-bc82-4e7db45939fc",
            "ticker": "KXHIGHCHI-25MAR12-T51",
            "count": 100,
            "created_time": "2025-03-12T18:07:38.08663Z",
            "yes_price": 95,
            "no_price": 5,
            "taker_side": "yes"
        },
        {
            "trade_id": "82c19056-9652-4511-8ec7-07e2fcaaf37b",
            "ticker": "KXHIGHCHI-25MAR12-T51",
            "count": 40,
            "created_time": "2025-03-12T18:07:38.084291Z",
            "yes_price": 95,
            "no_price": 5,
            "taker_side": "yes"
        },
        {
            "trade_id": "68c385d1-69c9-4a40-94eb-6f42b0f8988e",
            "ticker": "KXHIGHCHI-25MAR12-T51",
            "count": 50,
            "created_time": "2025-03-12T18:01:33.523563Z",
            "yes_price": 95,
            "no_price": 5,
            "taker_side": "yes"
        },
        {
            "trade_id": "b1bb8507-2ccf-4cca-a0a1-cfe0dc1b8f44",
            "ticker": "KXHIGHCHI-25MAR12-T51",
            "count": 100,
            "created_time": "2025-03-12T18:00:26.669817Z",
            "yes_price": 94,
            "no_price": 6,
            "taker_side": "yes"
        },
        {
            "trade_id": "cd075ce6-1d20-417f-8951-dfb9d5cd8d92",
            "ticker": "KXHIGHCHI-25MAR12-T51",
            "count": 150,
            "created_time": "2025-03-12T17:55:35.856079Z",
            "yes_price": 93,
            "no_price": 7,
            "taker_side": "no"
        },
        {
            "trade_id": "5d4cb14c-c1f2-4feb-87e9-1eeddb46d197",
            "ticker": "KXHIGHCHI-25MAR12-T51",
            "count": 200,
            "created_time": "2025-03-12T17:55:31.765687Z",
            "yes_price": 93,
            "no_price": 7,
            "taker_side": "no"
        },
        {
            "trade_id": "8aac459e-f8b5-4c36-bf5f-c25c1a9f0d77",
            "ticker": "KXHIGHCHI-25MAR12-T51",
            "count": 200,
            "created_time": "2025-03-12T17:55:31.751674Z",
            "yes_price": 93,
            "no_price": 7,
            "taker_side": "no"
        },
        {
            "trade_id": "9923f3b9-10b4-4631-80f8-a3c21eb12f05",
            "ticker": "KXHIGHCHI-25MAR12-T51",
            "count": 200,
            "created_time": "2025-03-12T17:55:31.618253Z",
            "yes_price": 93,
            "no_price": 7,
            "taker_side": "no"
        },
        {
            "trade_id": "4323b37a-e5d3-4196-8f2d-b9e22c5b2cce",
            "ticker": "KXHIGHCHI-25MAR12-T51",
            "count": 200,
            "created_time": "2025-03-12T17:55:31.486113Z",
            "yes_price": 93,
            "no_price": 7,
            "taker_side": "no"
        },
        {
            "trade_id": "eb08f4b7-3e13-45f0-bef8-7d0e67306396",
            "ticker": "KXHIGHCHI-25MAR12-T51",
            "count": 200,
            "created_time": "2025-03-12T17:55:31.341528Z",
            "yes_price": 93,
            "no_price": 7,
            "taker_side": "no"
        },
        {
            "trade_id": "e58e50d9-4bd9-433d-b252-7a7da07dde2d",
            "ticker": "KXHIGHCHI-25MAR12-T51",
            "count": 200,
            "created_time": "2025-03-12T17:55:31.205523Z",
            "yes_price": 93,
            "no_price": 7,
            "taker_side": "no"
        },
        {
            "trade_id": "af2f5228-1586-447f-b876-3b72c579fcbb",
            "ticker": "KXHIGHCHI-25MAR12-T51",
            "count": 186,
            "created_time": "2025-03-12T17:55:30.916477Z",
            "yes_price": 93,
            "no_price": 7,
            "taker_side": "no"
        },
        {
            "trade_id": "d9e3d8fc-362a-4111-ab02-95f0cd81e74f",
            "ticker": "KXHIGHCHI-25MAR12-T51",
            "count": 150,
            "created_time": "2025-03-12T17:55:30.843341Z",
            "yes_price": 91,
            "no_price": 9,
            "taker_side": "yes"
        },
        {
            "trade_id": "d0ec4f9c-78b8-4adb-8947-06cd2ab2314b",
            "ticker": "KXHIGHCHI-25MAR12-T51",
            "count": 19,
            "created_time": "2025-03-12T17:55:30.843341Z",
            "yes_price": 93,
            "no_price": 7,
            "taker_side": "yes"
        },
        {
            "trade_id": "807e3d7f-2877-4df2-9b5e-3258c0c9a472",
            "ticker": "KXHIGHCHI-25MAR12-T51",
            "count": 100,
            "created_time": "2025-03-12T17:55:30.843341Z",
            "yes_price": 89,
            "no_price": 11,
            "taker_side": "yes"
        },
        {
            "trade_id": "786b4fac-2581-48b4-a9d7-7d90ee32d074",
            "ticker": "KXHIGHCHI-25MAR12-T51",
            "count": 100,
            "created_time": "2025-03-12T17:55:30.843341Z",
            "yes_price": 91,
            "no_price": 9,
            "taker_side": "yes"
        },
        {
            "trade_id": "63cc286e-7c94-4652-a9ac-73db2fbf5382",
            "ticker": "KXHIGHCHI-25MAR12-T51",
            "count": 100,
            "created_time": "2025-03-12T17:55:30.843341Z",
            "yes_price": 90,
            "no_price": 10,
            "taker_side": "yes"
        },
        {
            "trade_id": "455fbb69-b5a8-4ccd-ada4-73a20d9eaa5a",
            "ticker": "KXHIGHCHI-25MAR12-T51",
            "count": 273,
            "created_time": "2025-03-12T17:55:30.843341Z",
            "yes_price": 88,
            "no_price": 12,
            "taker_side": "yes"
        },
        {
            "trade_id": "407257b7-2760-428f-ad7a-3839dced856c",
            "ticker": "KXHIGHCHI-25MAR12-T51",
            "count": 58,
            "created_time": "2025-03-12T17:55:30.843341Z",
            "yes_price": 92,
            "no_price": 8,
            "taker_side": "yes"
        },
        {
            "trade_id": "34e19f0c-119c-4740-be78-17713671b1ee",
            "ticker": "KXHIGHCHI-25MAR12-T51",
            "count": 100,
            "created_time": "2025-03-12T17:55:30.843341Z",
            "yes_price": 88,
            "no_price": 12,
            "taker_side": "yes"
        },
        {
            "trade_id": "3455883f-c882-441d-8108-4fb7830bc0df",
            "ticker": "KXHIGHCHI-25MAR12-T51",
            "count": 50,
            "created_time": "2025-03-12T17:55:30.843341Z",
            "yes_price": 92,
            "no_price": 8,
            "taker_side": "yes"
        },
        {
            "trade_id": "9f2eb520-f700-462b-8d5b-9eed40c04fb6",
            "ticker": "KXHIGHCHI-25MAR12-T51",
            "count": 34,
            "created_time": "2025-03-12T17:55:30.7984Z",
            "yes_price": 87,
            "no_price": 13,
            "taker_side": "no"
        },
        {
            "trade_id": "caf5a3e6-9b25-4668-96d0-778e69e3aa1a",
            "ticker": "KXHIGHCHI-25MAR12-T51",
            "count": 33,
            "created_time": "2025-03-12T17:54:46.138918Z",
            "yes_price": 87,
            "no_price": 13,
            "taker_side": "yes"
        },
        {
            "trade_id": "2c50d36f-52c1-4bd6-9e9d-dd39d17d411f",
            "ticker": "KXHIGHCHI-25MAR12-T51",
            "count": 58,
            "created_time": "2025-03-12T17:50:38.80814Z",
            "yes_price": 87,
            "no_price": 13,
            "taker_side": "yes"
        },
        {
            "trade_id": "1fa34cc2-fcc5-4f5f-9966-35cec12722c1",
            "ticker": "KXHIGHCHI-25MAR12-T51",
            "count": 3,
            "created_time": "2025-03-12T17:50:38.80814Z",
            "yes_price": 87,
            "no_price": 13,
            "taker_side": "yes"
        },
        {
            "trade_id": "10b9f620-e3d2-4cc1-b1d3-e25179703007",
            "ticker": "KXHIGHCHI-25MAR12-T51",
            "count": 1000,
            "created_time": "2025-03-12T17:50:07.586951Z",
            "yes_price": 85,
            "no_price": 15,
            "taker_side": "no"
        },
        {
            "trade_id": "553109d0-cbd9-4318-9028-736f71f4c919",
            "ticker": "KXHIGHCHI-25MAR12-T51",
            "count": 216,
            "created_time": "2025-03-12T17:42:35.509075Z",
            "yes_price": 84,
            "no_price": 16,
            "taker_side": "yes"
        },
        {
            "trade_id": "310417e0-d9ca-4b25-9401-a45dc2df8867",
            "ticker": "KXHIGHCHI-25MAR12-T51",
            "count": 26,
            "created_time": "2025-03-12T17:42:35.509075Z",
            "yes_price": 84,
            "no_price": 16,
            "taker_side": "yes"
        },
        {
            "trade_id": "13f17f0d-0d14-4e1f-be2e-81a8e3f972f2",
            "ticker": "KXHIGHCHI-25MAR12-T51",
            "count": 502,
            "created_time": "2025-03-12T17:42:35.509075Z",
            "yes_price": 85,
            "no_price": 15,
            "taker_side": "yes"
        },
        {
            "trade_id": "76be77e3-bae7-417b-905b-8f38b89e16f8",
            "ticker": "KXHIGHCHI-25MAR12-T51",
            "count": 28,
            "created_time": "2025-03-12T17:20:43.75976Z",
            "yes_price": 84,
            "no_price": 16,
            "taker_side": "yes"
        },
        {
            "trade_id": "7333a423-8c63-4fdc-8064-29b40120a41f",
            "ticker": "KXHIGHCHI-25MAR12-T51",
            "count": 41,
            "created_time": "2025-03-12T17:20:43.75976Z",
            "yes_price": 85,
            "no_price": 15,
            "taker_side": "yes"
        },
        {
            "trade_id": "a4f46a65-0faf-4577-84ee-ddf499ced0ff",
            "ticker": "KXHIGHCHI-25MAR12-T51",
            "count": 25,
            "created_time": "2025-03-12T17:19:12.085647Z",
            "yes_price": 83,
            "no_price": 17,
            "taker_side": "yes"
        },
        {
            "trade_id": "dcc701f1-7c61-4035-9f8e-c4a9f40badc9",
            "ticker": "KXHIGHCHI-25MAR12-T51",
            "count": 25,
            "created_time": "2025-03-12T17:10:09.116393Z",
            "yes_price": 81,
            "no_price": 19,
            "taker_side": "yes"
        },
        {
            "trade_id": "96ea4ba8-3dc7-4d40-ba80-81afa0b8bd74",
            "ticker": "KXHIGHCHI-25MAR12-T51",
            "count": 3,
            "created_time": "2025-03-12T17:10:09.116393Z",
            "yes_price": 81,
            "no_price": 19,
            "taker_side": "yes"
        },
        {
            "trade_id": "49ef71c6-1c16-468e-a5d0-93418f8b54a2",
            "ticker": "KXHIGHCHI-25MAR12-T51",
            "count": 17,
            "created_time": "2025-03-12T17:10:09.116393Z",
            "yes_price": 81,
            "no_price": 19,
            "taker_side": "yes"
        },
        {
            "trade_id": "b384e8bc-19b5-4668-9e9f-0d68120db67f",
            "ticker": "KXHIGHCHI-25MAR12-T51",
            "count": 3,
            "created_time": "2025-03-12T17:07:16.458138Z",
            "yes_price": 79,
            "no_price": 21,
            "taker_side": "no"
        },
        {
            "trade_id": "91d7cb17-d673-4860-99e5-4fc9c6d5c2b1",
            "ticker": "KXHIGHCHI-25MAR12-T51",
            "count": 60,
            "created_time": "2025-03-12T17:07:16.458138Z",
            "yes_price": 78,
            "no_price": 22,
            "taker_side": "no"
        },
        {
            "trade_id": "522daa6f-87bb-4fae-af12-9db5d1a22090",
            "ticker": "KXHIGHCHI-25MAR12-T51",
            "count": 12,
            "created_time": "2025-03-12T17:07:16.458138Z",
            "yes_price": 79,
            "no_price": 21,
            "taker_side": "no"
        },
        {
            "trade_id": "ade05308-adb1-4e70-bbab-e9a8698ff403",
            "ticker": "KXHIGHCHI-25MAR12-T51",
            "count": 12,
            "created_time": "2025-03-12T16:59:50.823181Z",
            "yes_price": 82,
            "no_price": 18,
            "taker_side": "yes"
        },
        {
            "trade_id": "5d737f54-a6b9-47a0-80cb-852d9e9c09f6",
            "ticker": "KXHIGHCHI-25MAR12-T51",
            "count": 14,
            "created_time": "2025-03-12T16:59:50.823181Z",
            "yes_price": 80,
            "no_price": 20,
            "taker_side": "yes"
        },
        {
            "trade_id": "06d421ae-5749-4414-a69a-db5035c04400",
            "ticker": "KXHIGHCHI-25MAR12-T51",
            "count": 3,
            "created_time": "2025-03-12T16:59:50.823181Z",
            "yes_price": 81,
            "no_price": 19,
            "taker_side": "yes"
        },
        {
            "trade_id": "ad4a1494-76de-4c39-92cc-420fcf629198",
            "ticker": "KXHIGHCHI-25MAR12-T51",
            "count": 49,
            "created_time": "2025-03-12T16:59:19.696418Z",
            "yes_price": 79,
            "no_price": 21,
            "taker_side": "yes"
        },
        {
            "trade_id": "f212ae0c-83e1-439b-a759-611cb9100247",
            "ticker": "KXHIGHCHI-25MAR12-T51",
            "count": 11,
            "created_time": "2025-03-12T16:58:30.643698Z",
            "yes_price": 70,
            "no_price": 30,
            "taker_side": "no"
        },
        {
            "trade_id": "1ff81f30-1102-4499-9691-2e1ac24aabe9",
            "ticker": "KXHIGHCHI-25MAR12-T51",
            "count": 20,
            "created_time": "2025-03-12T16:58:30.643698Z",
            "yes_price": 71,
            "no_price": 29,
            "taker_side": "no"
        },
        {
            "trade_id": "6030c9ce-999f-4f08-adb6-7c44cacf2e77",
            "ticker": "KXHIGHCHI-25MAR12-T51",
            "count": 49,
            "created_time": "2025-03-12T16:53:05.893918Z",
            "yes_price": 79,
            "no_price": 21,
            "taker_side": "yes"
        },
        {
            "trade_id": "3c8de818-8607-4fb2-9849-7979862df993",
            "ticker": "KXHIGHCHI-25MAR12-T51",
            "count": 60,
            "created_time": "2025-03-12T16:52:56.844387Z",
            "yes_price": 78,
            "no_price": 22,
            "taker_side": "yes"
        },
        {
            "trade_id": "71111cc5-c55a-4938-a66c-e8c972aa6ef2",
            "ticker": "KXHIGHCHI-25MAR12-T51",
            "count": 1,
            "created_time": "2025-03-12T16:50:03.061913Z",
            "yes_price": 79,
            "no_price": 21,
            "taker_side": "yes"
        },
        {
            "trade_id": "4f495e7f-c0b4-45ca-b699-687d45e9530c",
            "ticker": "KXHIGHCHI-25MAR12-T51",
            "count": 5,
            "created_time": "2025-03-12T16:50:03.061913Z",
            "yes_price": 78,
            "no_price": 22,
            "taker_side": "yes"
        },
        {
            "trade_id": "09666c0e-8eb0-4281-a477-96bed200de63",
            "ticker": "KXHIGHCHI-25MAR12-T51",
            "count": 5,
            "created_time": "2025-03-12T16:36:49.285887Z",
            "yes_price": 79,
            "no_price": 21,
            "taker_side": "yes"
        },
        {
            "trade_id": "05ac4e90-fa8b-4f11-8aac-cb7ab7a8ce89",
            "ticker": "KXHIGHCHI-25MAR12-T51",
            "count": 1,
            "created_time": "2025-03-12T16:29:46.222833Z",
            "yes_price": 80,
            "no_price": 20,
            "taker_side": "yes"
        },
        {
            "trade_id": "e528ff05-b744-4ed1-ae14-5d2c07437bef",
            "ticker": "KXHIGHCHI-25MAR12-T51",
            "count": 11,
            "created_time": "2025-03-12T16:21:07.212447Z",
            "yes_price": 70,
            "no_price": 30,
            "taker_side": "no"
        },
        {
            "trade_id": "e168dee7-3ac6-43df-9389-72911d4f3103",
            "ticker": "KXHIGHCHI-25MAR12-T51",
            "count": 125,
            "created_time": "2025-03-12T16:21:07.212447Z",
            "yes_price": 71,
            "no_price": 29,
            "taker_side": "no"
        },
        {
            "trade_id": "d4d08ab1-33b0-4d3a-96fa-4850fce9bd83",
            "ticker": "KXHIGHCHI-25MAR12-T51",
            "count": 159,
            "created_time": "2025-03-12T16:21:07.212447Z",
            "yes_price": 73,
            "no_price": 27,
            "taker_side": "no"
        },
        {
            "trade_id": "53c92b78-78a3-4fda-bed3-4cdb29699b04",
            "ticker": "KXHIGHCHI-25MAR12-T51",
            "count": 25,
            "created_time": "2025-03-12T16:21:07.212447Z",
            "yes_price": 73,
            "no_price": 27,
            "taker_side": "no"
        },
        {
            "trade_id": "2d42c23c-c16d-4f67-ad45-5c2c3387e64c",
            "ticker": "KXHIGHCHI-25MAR12-T51",
            "count": 80,
            "created_time": "2025-03-12T16:21:07.212447Z",
            "yes_price": 72,
            "no_price": 28,
            "taker_side": "no"
        },
        {
            "trade_id": "9f43cb5d-c0c9-4155-8c08-19bfca5100e5",
            "ticker": "KXHIGHCHI-25MAR12-T51",
            "count": 25,
            "created_time": "2025-03-12T16:18:07.972282Z",
            "yes_price": 76,
            "no_price": 24,
            "taker_side": "no"
        },
        {
            "trade_id": "3e540b3d-40e0-45bc-84e8-6622707c28af",
            "ticker": "KXHIGHCHI-25MAR12-T51",
            "count": 75,
            "created_time": "2025-03-12T16:18:07.972282Z",
            "yes_price": 74,
            "no_price": 26,
            "taker_side": "no"
        },
        {
            "trade_id": "02676d6a-fc3c-4bbc-8fe5-46251752ad1b",
            "ticker": "KXHIGHCHI-25MAR12-T51",
            "count": 1,
            "created_time": "2025-03-12T16:18:07.067162Z",
            "yes_price": 79,
            "no_price": 21,
            "taker_side": "yes"
        },
        {
            "trade_id": "786d4bfc-4899-49ec-a009-41c90702f872",
            "ticker": "KXHIGHCHI-25MAR12-T51",
            "count": 20,
            "created_time": "2025-03-12T16:17:01.476708Z",
            "yes_price": 72,
            "no_price": 28,
            "taker_side": "no"
        },
        {
            "trade_id": "74cd0192-395d-438b-a3a9-0d63aef9fcfc",
            "ticker": "KXHIGHCHI-25MAR12-T51",
            "count": 16,
            "created_time": "2025-03-12T16:15:10.515092Z",
            "yes_price": 69,
            "no_price": 31,
            "taker_side": "no"
        },
        {
            "trade_id": "4e809910-4888-4c0b-81e9-0c1cc7dfad31",
            "ticker": "KXHIGHCHI-25MAR12-T51",
            "count": 39,
            "created_time": "2025-03-12T16:08:27.186872Z",
            "yes_price": 74,
            "no_price": 26,
            "taker_side": "no"
        },
        {
            "trade_id": "2ff33aa3-cb89-499e-8119-2fdd1c90f85c",
            "ticker": "KXHIGHCHI-25MAR12-T51",
            "count": 11,
            "created_time": "2025-03-12T16:08:27.186872Z",
            "yes_price": 68,
            "no_price": 32,
            "taker_side": "no"
        },
        {
            "trade_id": "7f90bc05-120f-413e-a339-42e0bfdcc967",
            "ticker": "KXHIGHCHI-25MAR12-T51",
            "count": 59,
            "created_time": "2025-03-12T16:06:42.769613Z",
            "yes_price": 82,
            "no_price": 18,
            "taker_side": "yes"
        },
        {
            "trade_id": "e2d3129a-e8aa-4b12-a9df-2641c14b8610",
            "ticker": "KXHIGHCHI-25MAR12-T51",
            "count": 172,
            "created_time": "2025-03-12T16:01:27.250299Z",
            "yes_price": 76,
            "no_price": 24,
            "taker_side": "no"
        },
        {
            "trade_id": "da6ed462-d3cd-4f83-bb05-83879cb1793d",
            "ticker": "KXHIGHCHI-25MAR12-T51",
            "count": 102,
            "created_time": "2025-03-12T16:01:27.250299Z",
            "yes_price": 75,
            "no_price": 25,
            "taker_side": "no"
        },
        {
            "trade_id": "c4fae783-4fca-4ecd-a3d4-ba194011d40b",
            "ticker": "KXHIGHCHI-25MAR12-T51",
            "count": 25,
            "created_time": "2025-03-12T16:01:27.250299Z",
            "yes_price": 76,
            "no_price": 24,
            "taker_side": "no"
        },
        {
            "trade_id": "678f7c62-4485-48be-82d8-17cb60b4d6e3",
            "ticker": "KXHIGHCHI-25MAR12-T51",
            "count": 1,
            "created_time": "2025-03-12T16:01:27.250299Z",
            "yes_price": 75,
            "no_price": 25,
            "taker_side": "no"
        },
        {
            "trade_id": "aedfc1b0-5e43-4438-8189-52d80dac3000",
            "ticker": "KXHIGHCHI-25MAR12-T51",
            "count": 7,
            "created_time": "2025-03-12T15:59:45.058038Z",
            "yes_price": 82,
            "no_price": 18,
            "taker_side": "yes"
        },
        {
            "trade_id": "47148194-7f8a-4de2-a43f-74529f831241",
            "ticker": "KXHIGHCHI-25MAR12-T51",
            "count": 192,
            "created_time": "2025-03-12T15:59:32.389636Z",
            "yes_price": 78,
            "no_price": 22,
            "taker_side": "yes"
        },
        {
            "trade_id": "141dcf27-4cdd-4e36-bc11-d1e17c3e190a",
            "ticker": "KXHIGHCHI-25MAR12-T51",
            "count": 200,
            "created_time": "2025-03-12T15:59:32.389636Z",
            "yes_price": 78,
            "no_price": 22,
            "taker_side": "yes"
