{
    "KXHIGHCHI-25APR04-T47": [
        {
            "trade_id": "8d8f281f-5b16-486f-97c0-8f45154cd775",
            "ticker": "KXHIGHCHI-25APR04-T47",
            "count": 2,
            "created_time": "2025-04-04T21:43:54.175027Z",
            "yes_price": 1,
            "no_price": 99,
            "taker_side": "yes"
        },
        {
            "trade_id": "6a617c7c-610c-4a2a-967a-a1cac59f8241",
            "ticker": "KXHIGHCHI-25APR04-T47",
            "count": 1,
            "created_time": "2025-04-04T20:51:26.073954Z",
            "yes_price": 1,
            "no_price": 99,
            "taker_side": "yes"
        },
        {
            "trade_id": "662d73c5-e192-4220-825e-b36426361821",
            "ticker": "KXHIGHCHI-25APR04-T47",
            "count": 93,
            "created_time": "2025-04-04T19:06:31.768395Z",
            "yes_price": 1,
            "no_price": 99,
            "taker_side": "yes"
        },
        {
            "trade_id": "e226358f-a824-4184-8504-686e0fce016d",
            "ticker": "KXHIGHCHI-25APR04-T47",
            "count": 152,
            "created_time": "2025-04-04T15:15:55.058689Z",
            "yes_price": 1,
            "no_price": 99,
            "taker_side": "yes"
        },
        {
            "trade_id": "3f79f6f2-504e-4343-ac82-48532c98b786",
            "ticker": "KXHIGHCHI-25APR04-T47",
            "count": 315,
            "created_time": "2025-04-04T15:15:55.058689Z",
            "yes_price": 1,
            "no_price": 99,
            "taker_side": "yes"
        },
        {
            "trade_id": "1515907e-fd10-45d3-91e0-61e3c523ab11",
            "ticker": "KXHIGHCHI-25APR04-T47",
            "count": 500,
            "created_time": "2025-04-04T14:39:23.502794Z",
            "yes_price": 1,
            "no_price": 99,
            "taker_side": "yes"
        },
        {
            "trade_id": "4c5ccfb2-686f-4f02-b53d-c454e0fa8edb",
            "ticker": "KXHIGHCHI-25APR04-T47",
            "count": 348,
            "created_time": "2025-04-04T14:05:41.324384Z",
            "yes_price": 1,
            "no_price": 99,
            "taker_side": "yes"
        },
        {
            "trade_id": "8b9f2f9a-7a46-40d2-86d5-dea65e1de768",
            "ticker": "KXHIGHCHI-25APR04-T47",
            "count": 348,
            "created_time": "2025-04-04T13:55:24.232945Z",
            "yes_price": 2,
            "no_price": 98,
            "taker_side": "no"
        },
        {
            "trade_id": "a6672486-d54c-4676-b4ff-3b4a2cf04fc7",
            "ticker": "KXHIGHCHI-25APR04-T47",
            "count": 2,
            "created_time": "2025-04-04T13:55:24.087403Z",
            "yes_price": 2,
            "no_price": 98,
            "taker_side": "no"
        },
        {
            "trade_id": "bbd62cb9-de35-4749-a479-6b22d7caba76",
            "ticker": "KXHIGHCHI-25APR04-T47",
            "count": 50,
            "created_time": "2025-04-04T13:49:09.132298Z",
            "yes_price": 2,
            "no_price": 98,
            "taker_side": "yes"
        },
        {
            "trade_id": "884a640f-13b2-45c8-b1c1-2a25103bb355",
            "ticker": "KXHIGHCHI-25APR04-T47",
            "count": 5,
            "created_time": "2025-04-04T13:31:55.495754Z",
            "yes_price": 1,
            "no_price": 99,
            "taker_side": "no"
        },
        {
            "trade_id": "02322fdb-af51-49b6-b4a2-e16463f3ba12",
            "ticker": "KXHIGHCHI-25APR04-T47",
            "count": 2,
            "created_time": "2025-04-04T13:01:33.704394Z",
            "yes_price": 1,
            "no_price": 99,
            "taker_side": "no"
        },
        {
            "trade_id": "5b093a5f-159b-49cc-9432-68a20635bc4a",
            "ticker": "KXHIGHCHI-25APR04-T47",
            "count": 50,
            "created_time": "2025-04-04T12:23:11.858472Z",
            "yes_price": 2,
            "no_price": 98,
            "taker_side": "no"
        },
        {
            "trade_id": "cfe2c61c-378f-4477-baae-072936df9d49",
            "ticker": "KXHIGHCHI-25APR04-T47",
            "count": 8,
            "created_time": "2025-04-04T12:12:00.303298Z",
            "yes_price": 4,
            "no_price": 96,
            "taker_side": "no"
        },
        {
            "trade_id": "bfbe5969-9db1-4d41-bcaf-f09f69af34d7",
            "ticker": "KXHIGHCHI-25APR04-T47",
            "count": 12,
            "created_time": "2025-04-04T12:12:00.303298Z",
            "yes_price": 3,
            "no_price": 97,
            "taker_side": "no"
        },
        {
            "trade_id": "86f8e478-db9f-4f08-ab9b-8d98757a3596",
            "ticker": "KXHIGHCHI-25APR04-T47",
            "count": 93,
            "created_time": "2025-04-04T12:12:00.303298Z",
            "yes_price": 1,
            "no_price": 99,
            "taker_side": "no"
        },
        {
            "trade_id": "76f8e240-91ed-4974-8206-9e8a7ea1a27d",
            "ticker": "KXHIGHCHI-25APR04-T47",
            "count": 4,
            "created_time": "2025-04-04T12:00:36.41609Z",
            "yes_price": 5,
            "no_price": 95,
            "taker_side": "yes"
        },
        {
            "trade_id": "557a8c58-4ab1-4192-8b3a-fc7e7d66c789",
            "ticker": "KXHIGHCHI-25APR04-T47",
            "count": 6,
            "created_time": "2025-04-04T12:00:36.214971Z",
            "yes_price": 5,
            "no_price": 95,
            "taker_side": "yes"
        },
        {
            "trade_id": "6529bc59-4a16-498f-b1c8-0306b23bf160",
            "ticker": "KXHIGHCHI-25APR04-T47",
            "count": 7,
            "created_time": "2025-04-04T12:00:36.016322Z",
            "yes_price": 5,
            "no_price": 95,
            "taker_side": "yes"
        },
        {
            "trade_id": "f048a78d-68eb-4371-a30c-2931cf74a136",
            "ticker": "KXHIGHCHI-25APR04-T47",
            "count": 36,
            "created_time": "2025-04-04T06:39:16.646422Z",
            "yes_price": 5,
            "no_price": 95,
            "taker_side": "no"
        },
        {
            "trade_id": "3cbc2180-be7a-4683-9e7c-8a0d63d2c41c",
            "ticker": "KXHIGHCHI-25APR04-T47",
            "count": 1,
            "created_time": "2025-04-04T06:37:47.954394Z",
            "yes_price": 5,
            "no_price": 95,
            "taker_side": "yes"
        },
        {
            "trade_id": "29a99929-c1c4-45d7-8b2a-663e73f0ef60",
            "ticker": "KXHIGHCHI-25APR04-T47",
            "count": 113,
            "created_time": "2025-04-04T06:37:47.954394Z",
            "yes_price": 5,
            "no_price": 95,
            "taker_side": "yes"
        },
        {
            "trade_id": "8f2a6c26-0cea-420d-8bb4-ed4a3f0d26fe",
            "ticker": "KXHIGHCHI-25APR04-T47",
            "count": 4,
            "created_time": "2025-04-04T04:27:09.956065Z",
            "yes_price": 6,
            "no_price": 94,
            "taker_side": "yes"
        },
        {
            "trade_id": "888d6e46-2ef9-4aaf-8626-6d8944c8730f",
            "ticker": "KXHIGHCHI-25APR04-T47",
            "count": 1,
            "created_time": "2025-04-04T04:27:01.410059Z",
            "yes_price": 4,
            "no_price": 96,
            "taker_side": "no"
        },
        {
            "trade_id": "bb4ca440-8d47-4920-b8b3-0d8a19b042ed",
            "ticker": "KXHIGHCHI-25APR04-T47",
            "count": 5,
            "created_time": "2025-04-04T04:26:55.35863Z",
            "yes_price": 4,
            "no_price": 96,
            "taker_side": "yes"
        },
        {
            "trade_id": "7fac28aa-5af4-4869-89f9-bb35cddcc6d6",
            "ticker": "KXHIGHCHI-25APR04-T47",
            "count": 2,
            "created_time": "2025-04-04T03:28:42.304944Z",
            "yes_price": 3,
            "no_price": 97,
            "taker_side": "no"
        },
        {
            "trade_id": "c8c923c0-d781-4838-bd8e-7d39792357de",
            "ticker": "KXHIGHCHI-25APR04-T47",
            "count": 1,
            "created_time": "2025-04-04T01:14:11.792764Z",
            "yes_price": 5,
            "no_price": 95,
            "taker_side": "yes"
        },
        {
            "trade_id": "067f360d-e232-47df-9c27-01688baf74f9",
            "ticker": "KXHIGHCHI-25APR04-T47",
            "count": 19,
            "created_time": "2025-04-04T01:14:11.792764Z",
            "yes_price": 5,
            "no_price": 95,
            "taker_side": "yes"
        }
    ],
    "KXHIGHCHI-25APR04-B47.5": [
        {
            "trade_id": "34a3f61f-5a71-4968-ab8c-2c199b237d55",
            "ticker": "KXHIGHCHI-25APR04-B47.5",
            "count": 50,
            "created_time": "2025-04-04T21:44:01.540008Z",
            "yes_price": 1,
            "no_price": 99,
            "taker_side": "yes"
        },
        {
            "trade_id": "b7c3550e-9fcd-4faa-9507-39d728d8dd1d",
            "ticker": "KXHIGHCHI-25APR04-B47.5",
            "count": 10,
            "created_time": "2025-04-04T21:20:47.839876Z",
            "yes_price": 1,
            "no_price": 99,
            "taker_side": "yes"
        },
        {
            "trade_id": "5a1a0537-ad32-4a4e-a532-d54f26e4b039",
            "ticker": "KXHIGHCHI-25APR04-B47.5",
            "count": 280,
            "created_time": "2025-04-04T20:39:42.198648Z",
            "yes_price": 1,
            "no_price": 99,
            "taker_side": "yes"
        },
        {
            "trade_id": "c81308d5-b2ee-4356-9f60-8179f2cf6a3d",
            "ticker": "KXHIGHCHI-25APR04-B47.5",
            "count": 1,
            "created_time": "2025-04-04T20:23:34.159039Z",
            "yes_price": 1,
            "no_price": 99,
            "taker_side": "yes"
        },
        {
            "trade_id": "7f44e237-4406-4adb-94cf-2e6abd3d0582",
            "ticker": "KXHIGHCHI-25APR04-B47.5",
            "count": 20,
            "created_time": "2025-04-04T19:54:49.533513Z",
            "yes_price": 1,
            "no_price": 99,
            "taker_side": "yes"
        },
        {
            "trade_id": "23d9567b-c844-4308-84fa-60fb93bc4c1c",
            "ticker": "KXHIGHCHI-25APR04-B47.5",
            "count": 126,
            "created_time": "2025-04-04T19:15:27.524204Z",
            "yes_price": 1,
            "no_price": 99,
            "taker_side": "yes"
        },
        {
            "trade_id": "4fa56659-d02b-4405-8c99-f409a8f94e49",
            "ticker": "KXHIGHCHI-25APR04-B47.5",
            "count": 93,
            "created_time": "2025-04-04T19:08:10.752175Z",
            "yes_price": 1,
            "no_price": 99,
            "taker_side": "yes"
        },
        {
            "trade_id": "5a305dac-5fb5-4b9f-9235-90d4e1726372",
            "ticker": "KXHIGHCHI-25APR04-B47.5",
            "count": 93,
            "created_time": "2025-04-04T18:53:55.240073Z",
            "yes_price": 1,
            "no_price": 99,
            "taker_side": "yes"
        },
        {
            "trade_id": "1e6f1922-d360-477d-8879-0ec47138196e",
            "ticker": "KXHIGHCHI-25APR04-B47.5",
            "count": 20,
            "created_time": "2025-04-04T18:29:55.060554Z",
            "yes_price": 1,
            "no_price": 99,
            "taker_side": "yes"
        },
        {
            "trade_id": "6d79dd09-4eb2-4b9d-98e7-414c8d07803d",
            "ticker": "KXHIGHCHI-25APR04-B47.5",
            "count": 300,
            "created_time": "2025-04-04T18:27:42.197485Z",
            "yes_price": 1,
            "no_price": 99,
            "taker_side": "yes"
        },
        {
            "trade_id": "101d5f99-abdd-43b3-a3ad-36234e38d6f1",
            "ticker": "KXHIGHCHI-25APR04-B47.5",
            "count": 280,
            "created_time": "2025-04-04T18:03:02.787096Z",
            "yes_price": 1,
            "no_price": 99,
            "taker_side": "yes"
        },
        {
            "trade_id": "277d4c39-833c-4c15-9075-9c2833bda25e",
            "ticker": "KXHIGHCHI-25APR04-B47.5",
            "count": 50,
            "created_time": "2025-04-04T18:00:30.652904Z",
            "yes_price": 1,
            "no_price": 99,
            "taker_side": "yes"
        },
        {
            "trade_id": "8a7dc7af-c995-4004-811c-8db8bd168b3f",
            "ticker": "KXHIGHCHI-25APR04-B47.5",
            "count": 467,
            "created_time": "2025-04-04T18:00:09.191381Z",
            "yes_price": 1,
            "no_price": 99,
            "taker_side": "yes"
        },
        {
            "trade_id": "86ee4c84-885f-4790-970d-a4b9d5168c4c",
            "ticker": "KXHIGHCHI-25APR04-B47.5",
            "count": 112,
            "created_time": "2025-04-04T17:55:58.515765Z",
            "yes_price": 1,
            "no_price": 99,
            "taker_side": "yes"
        },
        {
            "trade_id": "9d605186-b2be-4e43-ab1c-65aca944528a",
            "ticker": "KXHIGHCHI-25APR04-B47.5",
            "count": 50,
            "created_time": "2025-04-04T17:55:43.492958Z",
            "yes_price": 1,
            "no_price": 99,
            "taker_side": "yes"
        },
        {
            "trade_id": "e52dbda1-6120-452a-acff-e76d174718e8",
            "ticker": "KXHIGHCHI-25APR04-B47.5",
            "count": 50,
            "created_time": "2025-04-04T17:55:39.187935Z",
            "yes_price": 1,
            "no_price": 99,
            "taker_side": "no"
        },
        {
            "trade_id": "60d65fcc-2a27-42ad-87fd-2cd9015315d9",
            "ticker": "KXHIGHCHI-25APR04-B47.5",
            "count": 416,
            "created_time": "2025-04-04T17:55:39.187935Z",
            "yes_price": 1,
            "no_price": 99,
            "taker_side": "no"
        },
        {
            "trade_id": "31d2bc5e-2a40-4968-9414-e75528814fa2",
            "ticker": "KXHIGHCHI-25APR04-B47.5",
            "count": 50,
            "created_time": "2025-04-04T17:55:39.187935Z",
            "yes_price": 2,
            "no_price": 98,
            "taker_side": "no"
        },
        {
            "trade_id": "35297d3d-bbb5-4b79-991b-85eb58add083",
            "ticker": "KXHIGHCHI-25APR04-B47.5",
            "count": 50,
            "created_time": "2025-04-04T17:55:04.255447Z",
            "yes_price": 3,
            "no_price": 97,
            "taker_side": "no"
        },
        {
            "trade_id": "dee95323-79b7-4dd6-8bc8-e35a2dd7454e",
            "ticker": "KXHIGHCHI-25APR04-B47.5",
            "count": 100,
            "created_time": "2025-04-04T17:55:02.56139Z",
            "yes_price": 4,
            "no_price": 96,
            "taker_side": "yes"
        },
        {
            "trade_id": "b3fcdda5-c590-4167-8efc-c2d251b764ef",
            "ticker": "KXHIGHCHI-25APR04-B47.5",
            "count": 50,
            "created_time": "2025-04-04T17:54:00.425051Z",
            "yes_price": 13,
            "no_price": 87,
            "taker_side": "no"
        },
        {
            "trade_id": "33ba5f08-3ec1-4d03-bedc-d2b7ec007cdf",
            "ticker": "KXHIGHCHI-25APR04-B47.5",
            "count": 5,
            "created_time": "2025-04-04T17:54:00.425051Z",
            "yes_price": 6,
            "no_price": 94,
            "taker_side": "no"
        },
        {
            "trade_id": "2bc0c2cd-c004-45dd-909b-65165bba96ea",
            "ticker": "KXHIGHCHI-25APR04-B47.5",
            "count": 57,
            "created_time": "2025-04-04T17:54:00.425051Z",
            "yes_price": 12,
            "no_price": 88,
            "taker_side": "no"
        },
        {
            "trade_id": "e364878b-6519-4872-8281-83ea9fbab8b4",
            "ticker": "KXHIGHCHI-25APR04-B47.5",
            "count": 5,
            "created_time": "2025-04-04T17:52:10.114002Z",
            "yes_price": 20,
            "no_price": 80,
            "taker_side": "yes"
        },
        {
            "trade_id": "2aa4c5d6-4255-437c-9888-ff613ad38c84",
            "ticker": "KXHIGHCHI-25APR04-B47.5",
            "count": 20,
            "created_time": "2025-04-04T17:52:10.114002Z",
            "yes_price": 20,
            "no_price": 80,
            "taker_side": "yes"
        },
        {
            "trade_id": "bcec2b4c-d79d-44f7-85c6-5eab6560acce",
            "ticker": "KXHIGHCHI-25APR04-B47.5",
            "count": 14,
            "created_time": "2025-04-04T17:51:13.198383Z",
            "yes_price": 19,
            "no_price": 81,
            "taker_side": "yes"
        },
        {
            "trade_id": "dfacd301-5fdf-464a-85d7-cb96772466cc",
            "ticker": "KXHIGHCHI-25APR04-B47.5",
            "count": 10,
            "created_time": "2025-04-04T17:46:55.352473Z",
            "yes_price": 20,
            "no_price": 80,
            "taker_side": "yes"
        },
        {
            "trade_id": "60bd436e-39de-4db9-aeaa-cdc0ba4a93c4",
            "ticker": "KXHIGHCHI-25APR04-B47.5",
            "count": 10,
            "created_time": "2025-04-04T17:42:18.187465Z",
            "yes_price": 19,
            "no_price": 81,
            "taker_side": "yes"
        },
        {
            "trade_id": "1b04d48a-eba4-45d4-916a-9758de76a93e",
            "ticker": "KXHIGHCHI-25APR04-B47.5",
            "count": 40,
            "created_time": "2025-04-04T17:42:18.187465Z",
            "yes_price": 22,
            "no_price": 78,
            "taker_side": "yes"
        },
        {
            "trade_id": "14ffdd7d-d464-4c5d-98ad-ed39a0a28019",
            "ticker": "KXHIGHCHI-25APR04-B47.5",
            "count": 50,
            "created_time": "2025-04-04T17:42:18.187465Z",
            "yes_price": 18,
            "no_price": 82,
            "taker_side": "yes"
        },
        {
            "trade_id": "a91d8381-eb7d-4aaf-bac0-fc01e01344f9",
            "ticker": "KXHIGHCHI-25APR04-B47.5",
            "count": 6,
            "created_time": "2025-04-04T17:37:37.600561Z",
            "yes_price": 16,
            "no_price": 84,
            "taker_side": "no"
        },
        {
            "trade_id": "fd667cc0-8c83-4c3f-a410-1f8af8cfab31",
            "ticker": "KXHIGHCHI-25APR04-B47.5",
            "count": 50,
            "created_time": "2025-04-04T17:20:22.315236Z",
            "yes_price": 10,
            "no_price": 90,
            "taker_side": "no"
        },
        {
            "trade_id": "437056f5-b545-4995-a1f0-faa68eedf100",
            "ticker": "KXHIGHCHI-25APR04-B47.5",
            "count": 50,
            "created_time": "2025-04-04T17:19:00.461943Z",
            "yes_price": 13,
            "no_price": 87,
            "taker_side": "no"
        },
        {
            "trade_id": "c92fbd67-7557-4605-b987-0f6fa418b1cc",
            "ticker": "KXHIGHCHI-25APR04-B47.5",
            "count": 50,
            "created_time": "2025-04-04T17:16:39.14834Z",
            "yes_price": 20,
            "no_price": 80,
            "taker_side": "no"
        },
        {
            "trade_id": "b51d7508-ab82-4f57-b4bc-ab4a389c27bb",
            "ticker": "KXHIGHCHI-25APR04-B47.5",
            "count": 14,
            "created_time": "2025-04-04T17:16:39.14834Z",
            "yes_price": 21,
            "no_price": 79,
            "taker_side": "no"
        },
        {
            "trade_id": "7f3b4429-1c5b-4a9e-897d-84cf70393247",
            "ticker": "KXHIGHCHI-25APR04-B47.5",
            "count": 12,
            "created_time": "2025-04-04T17:15:37.027699Z",
            "yes_price": 21,
            "no_price": 79,
            "taker_side": "no"
        },
        {
            "trade_id": "8eaeaec2-e87f-4c6a-b0ce-bbcfa8a1b64d",
            "ticker": "KXHIGHCHI-25APR04-B47.5",
            "count": 200,
            "created_time": "2025-04-04T17:13:01.705014Z",
            "yes_price": 24,
            "no_price": 76,
            "taker_side": "yes"
        },
        {
            "trade_id": "75e22ac4-8823-4fb0-b5fb-1c3d9c9c1a7d",
            "ticker": "KXHIGHCHI-25APR04-B47.5",
            "count": 10,
            "created_time": "2025-04-04T17:13:01.705014Z",
            "yes_price": 19,
            "no_price": 81,
            "taker_side": "yes"
        },
        {
            "trade_id": "1f9ca41a-71bd-4a02-a27d-be019c75ce46",
            "ticker": "KXHIGHCHI-25APR04-B47.5",
            "count": 11,
            "created_time": "2025-04-04T17:13:01.705014Z",
            "yes_price": 23,
            "no_price": 77,
            "taker_side": "yes"
        },
        {
            "trade_id": "92ceae99-5065-4398-84fb-5953505e4f8a",
            "ticker": "KXHIGHCHI-25APR04-B47.5",
            "count": 5,
            "created_time": "2025-04-04T17:07:49.552362Z",
            "yes_price": 18,
            "no_price": 82,
            "taker_side": "yes"
        },
        {
            "trade_id": "f72e2cbe-dad5-4e9d-92d7-10eab6ca1079",
            "ticker": "KXHIGHCHI-25APR04-B47.5",
            "count": 14,
            "created_time": "2025-04-04T17:04:57.141706Z",
            "yes_price": 24,
            "no_price": 76,
            "taker_side": "yes"
        },
        {
            "trade_id": "ebea44b9-ea70-4b58-b6f1-58d75e8e19f0",
            "ticker": "KXHIGHCHI-25APR04-B47.5",
            "count": 10,
            "created_time": "2025-04-04T17:04:57.141706Z",
            "yes_price": 17,
            "no_price": 83,
            "taker_side": "yes"
        },
        {
            "trade_id": "599a7161-eccb-4da8-b771-a689ff9b9c41",
            "ticker": "KXHIGHCHI-25APR04-B47.5",
            "count": 50,
            "created_time": "2025-04-04T17:04:57.141706Z",
            "yes_price": 18,
            "no_price": 82,
            "taker_side": "yes"
        },
        {
            "trade_id": "34d191b4-467f-4c22-959e-1f1314457782",
            "ticker": "KXHIGHCHI-25APR04-B47.5",
            "count": 10,
            "created_time": "2025-04-04T17:04:13.009154Z",
            "yes_price": 12,
            "no_price": 88,
            "taker_side": "no"
        },
        {
            "trade_id": "998753ef-0ad5-45f1-b3c2-df69eb0866f5",
            "ticker": "KXHIGHCHI-25APR04-B47.5",
            "count": 10,
            "created_time": "2025-04-04T16:44:19.102805Z",
            "yes_price": 11,
            "no_price": 89,
            "taker_side": "yes"
        },
        {
            "trade_id": "756c4702-5096-4de9-8c06-53c2d5b62042",
            "ticker": "KXHIGHCHI-25APR04-B47.5",
            "count": 5,
            "created_time": "2025-04-04T16:44:19.102805Z",
            "yes_price": 15,
            "no_price": 85,
            "taker_side": "yes"
        },
        {
            "trade_id": "f8e14be4-a8cc-4ae9-aed0-d4b956f534c3",
            "ticker": "KXHIGHCHI-25APR04-B47.5",
            "count": 25,
            "created_time": "2025-04-04T16:41:49.95682Z",
            "yes_price": 10,
            "no_price": 90,
            "taker_side": "no"
        },
        {
            "trade_id": "f10d8260-d769-4113-8071-9239714802bd",
            "ticker": "KXHIGHCHI-25APR04-B47.5",
            "count": 25,
            "created_time": "2025-04-04T16:41:49.95682Z",
            "yes_price": 10,
            "no_price": 90,
            "taker_side": "no"
        },
        {
            "trade_id": "fee90c37-d6bc-411a-8c3f-2b6bc7cb694c",
            "ticker": "KXHIGHCHI-25APR04-B47.5",
            "count": 10,
            "created_time": "2025-04-04T16:36:51.579541Z",
            "yes_price": 16,
            "no_price": 84,
            "taker_side": "yes"
        },
        {
            "trade_id": "d767d842-8502-43a6-bc60-0f1f2cf65a31",
            "ticker": "KXHIGHCHI-25APR04-B47.5",
            "count": 2,
            "created_time": "2025-04-04T16:36:51.579541Z",
            "yes_price": 23,
            "no_price": 77,
            "taker_side": "yes"
        },
        {
            "trade_id": "d3e645ae-aec8-45f4-a77c-0e0000b32666",
            "ticker": "KXHIGHCHI-25APR04-B47.5",
            "count": 50,
            "created_time": "2025-04-04T16:36:51.579541Z",
            "yes_price": 16,
            "no_price": 84,
            "taker_side": "yes"
        },
        {
            "trade_id": "c2567ecb-f8e7-4a4e-b997-6365a59eb2fd",
            "ticker": "KXHIGHCHI-25APR04-B47.5",
            "count": 17,
            "created_time": "2025-04-04T16:36:51.579541Z",
            "yes_price": 23,
            "no_price": 77,
            "taker_side": "yes"
        },
        {
            "trade_id": "d298e00b-902f-49f0-bfec-c74811c7e028",
            "ticker": "KXHIGHCHI-25APR04-B47.5",
            "count": 10,
            "created_time": "2025-04-04T16:29:31.244671Z",
            "yes_price": 11,
            "no_price": 89,
            "taker_side": "no"
        },
        {
            "trade_id": "6dee13c8-ddb0-4477-832e-c2996c6c5503",
            "ticker": "KXHIGHCHI-25APR04-B47.5",
            "count": 12,
            "created_time": "2025-04-04T16:20:13.792043Z",
            "yes_price": 14,
            "no_price": 86,
            "taker_side": "yes"
        },
        {
            "trade_id": "1db0f3df-04c2-4b98-8ade-a04eb00a4a48",
            "ticker": "KXHIGHCHI-25APR04-B47.5",
            "count": 50,
            "created_time": "2025-04-04T16:20:13.792043Z",
            "yes_price": 14,
            "no_price": 86,
            "taker_side": "yes"
        },
        {
            "trade_id": "f20762b8-7294-4932-8940-ff1b20d36772",
            "ticker": "KXHIGHCHI-25APR04-B47.5",
            "count": 10,
            "created_time": "2025-04-04T16:11:14.385428Z",
            "yes_price": 15,
            "no_price": 85,
            "taker_side": "yes"
        },
        {
            "trade_id": "d9522d5d-15d2-4b6a-bcb6-5a1efedcf889",
            "ticker": "KXHIGHCHI-25APR04-B47.5",
            "count": 17,
            "created_time": "2025-04-04T16:11:14.385428Z",
            "yes_price": 25,
            "no_price": 75,
            "taker_side": "yes"
        },
        {
            "trade_id": "d24df892-d1b7-4157-902c-4c9d5e110c23",
            "ticker": "KXHIGHCHI-25APR04-B47.5",
            "count": 10,
            "created_time": "2025-04-04T16:11:14.385428Z",
            "yes_price": 15,
            "no_price": 85,
            "taker_side": "yes"
        },
        {
            "trade_id": "529555af-8b7e-44a4-bf85-9a0acf87a730",
            "ticker": "KXHIGHCHI-25APR04-B47.5",
            "count": 19,
            "created_time": "2025-04-04T16:11:14.385428Z",
            "yes_price": 24,
            "no_price": 76,
            "taker_side": "yes"
        },
        {
            "trade_id": "42f0d757-4bfc-44a6-ba90-745f364a57e3",
            "ticker": "KXHIGHCHI-25APR04-B47.5",
            "count": 50,
            "created_time": "2025-04-04T16:11:14.385428Z",
            "yes_price": 14,
            "no_price": 86,
            "taker_side": "yes"
        },
        {
            "trade_id": "d1708ffc-bcc4-43d2-a648-3d9dd7437ad0",
            "ticker": "KXHIGHCHI-25APR04-B47.5",
            "count": 50,
            "created_time": "2025-04-04T16:09:50.539395Z",
            "yes_price": 7,
            "no_price": 93,
            "taker_side": "yes"
        },
        {
            "trade_id": "a0453139-877f-431c-9fc2-13f474656891",
            "ticker": "KXHIGHCHI-25APR04-B47.5",
            "count": 25,
            "created_time": "2025-04-04T16:09:50.539395Z",
            "yes_price": 8,
            "no_price": 92,
            "taker_side": "yes"
        },
        {
            "trade_id": "26ca339f-f55d-4781-972c-82ccd394f485",
            "ticker": "KXHIGHCHI-25APR04-B47.5",
            "count": 30,
            "created_time": "2025-04-04T15:56:38.143773Z",
            "yes_price": 2,
            "no_price": 98,
            "taker_side": "no"
        },
        {
            "trade_id": "5c9b3eef-9e55-44c0-bb9b-95b88be28d6c",
            "ticker": "KXHIGHCHI-25APR04-B47.5",
            "count": 7,
            "created_time": "2025-04-04T15:40:48.726743Z",
            "yes_price": 9,
            "no_price": 91,
            "taker_side": "yes"
        },
        {
            "trade_id": "0201dd65-fa60-45e1-ad16-a33f4a9a27cd",
            "ticker": "KXHIGHCHI-25APR04-B47.5",
            "count": 50,
            "created_time": "2025-04-04T15:40:48.726743Z",
            "yes_price": 8,
            "no_price": 92,
            "taker_side": "yes"
        },
        {
            "trade_id": "f262200c-a0ad-4ded-b838-01e7f4b05e62",
            "ticker": "KXHIGHCHI-25APR04-B47.5",
            "count": 50,
            "created_time": "2025-04-04T15:35:34.720041Z",
            "yes_price": 7,
            "no_price": 93,
            "taker_side": "yes"
        },
        {
            "trade_id": "942d4320-13e7-4917-a57a-55d361341b42",
            "ticker": "KXHIGHCHI-25APR04-B47.5",
            "count": 50,
            "created_time": "2025-04-04T15:30:18.173108Z",
            "yes_price": 5,
            "no_price": 95,
            "taker_side": "yes"
        },
        {
            "trade_id": "58b99955-0cc2-4734-a4d5-b6526e630cfb",
            "ticker": "KXHIGHCHI-25APR04-B47.5",
            "count": 6,
            "created_time": "2025-04-04T15:30:18.173108Z",
            "yes_price": 5,
            "no_price": 95,
            "taker_side": "yes"
        },
        {
            "trade_id": "dc3fe859-cf51-4dfd-9503-7fa808c768c0",
            "ticker": "KXHIGHCHI-25APR04-B47.5",
            "count": 50,
            "created_time": "2025-04-04T15:26:23.569621Z",
            "yes_price": 7,
            "no_price": 93,
            "taker_side": "yes"
        },
        {
            "trade_id": "1d48ea5d-b936-4b35-bc8d-86e9c602c2a2",
            "ticker": "KXHIGHCHI-25APR04-B47.5",
            "count": 25,
            "created_time": "2025-04-04T15:21:32.430731Z",
            "yes_price": 6,
            "no_price": 94,
            "taker_side": "yes"
        },
        {
            "trade_id": "77871015-c221-4cb9-96ad-599adbed6745",
            "ticker": "KXHIGHCHI-25APR04-B47.5",
            "count": 50,
            "created_time": "2025-04-04T15:20:51.752356Z",
            "yes_price": 4,
            "no_price": 96,
            "taker_side": "yes"
        },
        {
            "trade_id": "0583c936-a6e1-4f38-a8b2-ca0b09c57a3a",
            "ticker": "KXHIGHCHI-25APR04-B47.5",
            "count": 50,
            "created_time": "2025-04-04T15:20:51.752356Z",
            "yes_price": 5,
            "no_price": 95,
            "taker_side": "yes"
        },
        {
            "trade_id": "4fbe8df9-f480-4231-8401-8115cd08ed28",
            "ticker": "KXHIGHCHI-25APR04-B47.5",
            "count": 216,
            "created_time": "2025-04-04T14:56:19.274235Z",
            "yes_price": 1,
            "no_price": 99,
            "taker_side": "yes"
        },
        {
            "trade_id": "a5356550-c840-4359-9bbf-25653589b669",
            "ticker": "KXHIGHCHI-25APR04-B47.5",
            "count": 150,
            "created_time": "2025-04-04T14:36:33.229594Z",
            "yes_price": 3,
            "no_price": 97,
            "taker_side": "yes"
        },
        {
            "trade_id": "679a94b5-b621-4cc7-9004-1f982db193b5",
            "ticker": "KXHIGHCHI-25APR04-B47.5",
            "count": 50,
            "created_time": "2025-04-04T14:36:33.229594Z",
            "yes_price": 2,
            "no_price": 98,
            "taker_side": "yes"
        },
        {
            "trade_id": "fdac979c-0235-48f7-800c-36bc27623f87",
            "ticker": "KXHIGHCHI-25APR04-B47.5",
            "count": 50,
            "created_time": "2025-04-04T14:34:05.891377Z",
            "yes_price": 1,
            "no_price": 99,
            "taker_side": "no"
        },
        {
            "trade_id": "c952894d-1317-47c8-b32f-d5f31541cfa6",
            "ticker": "KXHIGHCHI-25APR04-B47.5",
            "count": 1,
            "created_time": "2025-04-04T14:33:45.500338Z",
            "yes_price": 4,
            "no_price": 96,
            "taker_side": "yes"
        },
        {
            "trade_id": "69ce2b16-828a-456c-b7f9-bcd760b09b6d",
            "ticker": "KXHIGHCHI-25APR04-B47.5",
            "count": 7,
            "created_time": "2025-04-04T14:27:06.253927Z",
            "yes_price": 1,
            "no_price": 99,
            "taker_side": "no"
        },
        {
            "trade_id": "b1b703ae-b96d-4203-8d3f-4c1cdb5b7ecc",
            "ticker": "KXHIGHCHI-25APR04-B47.5",
            "count": 3,
            "created_time": "2025-04-04T14:24:45.202859Z",
            "yes_price": 1,
            "no_price": 99,
            "taker_side": "no"
        },
        {
            "trade_id": "abede9df-c11a-4bbc-a143-9245db1bce84",
            "ticker": "KXHIGHCHI-25APR04-B47.5",
            "count": 3,
            "created_time": "2025-04-04T14:24:45.176502Z",
            "yes_price": 1,
            "no_price": 99,
            "taker_side": "no"
        },
        {
            "trade_id": "311489c2-6cce-4e1d-9767-6a2e3cdfa4ed",
            "ticker": "KXHIGHCHI-25APR04-B47.5",
            "count": 9,
            "created_time": "2025-04-04T14:13:33.665892Z",
            "yes_price": 1,
            "no_price": 99,
            "taker_side": "no"
        },
        {
            "trade_id": "d9e1fd2a-5934-4540-905c-b99728d8d163",
            "ticker": "KXHIGHCHI-25APR04-B47.5",
            "count": 2,
            "created_time": "2025-04-04T14:13:01.522819Z",
            "yes_price": 1,
            "no_price": 99,
            "taker_side": "no"
        },
        {
            "trade_id": "78201ed3-b21d-4d9b-8004-3720faa6b697",
            "ticker": "KXHIGHCHI-25APR04-B47.5",
            "count": 15,
            "created_time": "2025-04-04T14:11:59.871852Z",
            "yes_price": 2,
            "no_price": 98,
            "taker_side": "yes"
        },
        {
            "trade_id": "dbcc6961-f8d5-487a-a439-4c39dcb46c0f",
            "ticker": "KXHIGHCHI-25APR04-B47.5",
            "count": 17,
            "created_time": "2025-04-04T14:08:41.425232Z",
            "yes_price": 1,
            "no_price": 99,
            "taker_side": "no"
        },
        {
            "trade_id": "e14a3a76-b811-4103-8f7a-cc574becb2f7",
            "ticker": "KXHIGHCHI-25APR04-B47.5",
            "count": 9,
            "created_time": "2025-04-04T14:08:16.052467Z",
            "yes_price": 1,
            "no_price": 99,
            "taker_side": "no"
        },
        {
            "trade_id": "7cde59e0-d64d-4689-b95e-36f56e9558f3",
            "ticker": "KXHIGHCHI-25APR04-B47.5",
            "count": 150,
            "created_time": "2025-04-04T13:58:36.680242Z",
            "yes_price": 1,
            "no_price": 99,
            "taker_side": "no"
        },
        {
            "trade_id": "4b1e1adf-abb9-4ce4-b33b-7a1ae441ecfb",
            "ticker": "KXHIGHCHI-25APR04-B47.5",
            "count": 100,
            "created_time": "2025-04-04T13:58:36.680242Z",
            "yes_price": 4,
            "no_price": 96,
            "taker_side": "no"
        },
        {
            "trade_id": "20a699c2-da7c-49d0-89f9-97a84faded26",
            "ticker": "KXHIGHCHI-25APR04-B47.5",
            "count": 50,
            "created_time": "2025-04-04T13:58:36.680242Z",
            "yes_price": 1,
            "no_price": 99,
            "taker_side": "no"
        },
        {
            "trade_id": "eab6ce1c-4fba-4ef3-b69e-455ed958ff75",
            "ticker": "KXHIGHCHI-25APR04-B47.5",
            "count": 2,
            "created_time": "2025-04-04T13:55:24.087872Z",
            "yes_price": 5,
            "no_price": 95,
            "taker_side": "no"
        },
        {
            "trade_id": "8c21f627-05d9-49e2-abf6-c3d34dac42ed",
            "ticker": "KXHIGHCHI-25APR04-B47.5",
            "count": 3,
            "created_time": "2025-04-04T13:20:05.249433Z",
            "yes_price": 10,
            "no_price": 90,
            "taker_side": "no"
        },
        {
            "trade_id": "6ed9795d-e9a7-4c6e-90a5-66e3d15830d9",
            "ticker": "KXHIGHCHI-25APR04-B47.5",
            "count": 2,
            "created_time": "2025-04-04T13:01:33.689348Z",
            "yes_price": 7,
            "no_price": 93,
            "taker_side": "no"
        },
        {
            "trade_id": "32846c01-1f54-468b-9f3c-9aedcadc2c25",
            "ticker": "KXHIGHCHI-25APR04-B47.5",
            "count": 1,
            "created_time": "2025-04-04T12:43:35.2655Z",
            "yes_price": 8,
            "no_price": 92,
            "taker_side": "yes"
        },
        {
            "trade_id": "39ae110a-0af5-4e4b-a744-d52b38eafb42",
            "ticker": "KXHIGHCHI-25APR04-B47.5",
            "count": 7,
            "created_time": "2025-04-04T12:22:52.500307Z",
            "yes_price": 8,
            "no_price": 92,
            "taker_side": "yes"
        },
        {
            "trade_id": "af7a62f0-1c09-4813-a684-53baa6458e09",
            "ticker": "KXHIGHCHI-25APR04-B47.5",
            "count": 50,
            "created_time": "2025-04-04T12:09:24.704369Z",
            "yes_price": 8,
            "no_price": 92,
            "taker_side": "no"
        },
        {
            "trade_id": "a991ef04-6b92-47c8-885b-8da7041b6065",
            "ticker": "KXHIGHCHI-25APR04-B47.5",
            "count": 3,
            "created_time": "2025-04-04T12:09:24.704369Z",
            "yes_price": 11,
            "no_price": 89,
            "taker_side": "no"
        },
        {
            "trade_id": "650112d1-63c4-4676-b7d4-ed61837791cc",
            "ticker": "KXHIGHCHI-25APR04-B47.5",
            "count": 4,
            "created_time": "2025-04-04T12:09:24.704369Z",
            "yes_price": 9,
            "no_price": 91,
            "taker_side": "no"
        },
        {
            "trade_id": "60900d16-9cf5-4347-bf6a-7695e2c5dd59",
            "ticker": "KXHIGHCHI-25APR04-B47.5",
            "count": 3,
            "created_time": "2025-04-04T12:09:24.704369Z",
            "yes_price": 10,
            "no_price": 90,
            "taker_side": "no"
        },
        {
            "trade_id": "33a77443-adf0-4ef9-9e9d-396f95128802",
            "ticker": "KXHIGHCHI-25APR04-B47.5",
            "count": 50,
            "created_time": "2025-04-04T12:09:24.704369Z",
            "yes_price": 9,
            "no_price": 91,
            "taker_side": "no"
        },
        {
            "trade_id": "32d50b33-f439-4033-af3f-1a9b912d2852",
            "ticker": "KXHIGHCHI-25APR04-B47.5",
            "count": 4,
            "created_time": "2025-04-04T12:09:24.704369Z",
            "yes_price": 8,
            "no_price": 92,
            "taker_side": "no"
        },
        {
            "trade_id": "2dd91413-a2a0-419a-852a-1e87ad043b98",
            "ticker": "KXHIGHCHI-25APR04-B47.5",
            "count": 36,
            "created_time": "2025-04-04T12:09:24.704369Z",
            "yes_price": 7,
            "no_price": 93,
            "taker_side": "no"
        },
        {
            "trade_id": "f873dfc3-8884-4bd4-b41a-4d39ed3bb91f",
            "ticker": "KXHIGHCHI-25APR04-B47.5",
            "count": 5,
            "created_time": "2025-04-04T12:01:59.269842Z",
            "yes_price": 12,
            "no_price": 88,
            "taker_side": "yes"
        },
        {
            "trade_id": "eb202c1f-8b10-46a8-aa88-1461abf3531b",
            "ticker": "KXHIGHCHI-25APR04-B47.5",
            "count": 1,
            "created_time": "2025-04-04T12:00:30.958042Z",
            "yes_price": 14,
            "no_price": 86,
            "taker_side": "yes"
        },
        {
            "trade_id": "64207209-5e1b-45be-8021-cfd953c04027",
            "ticker": "KXHIGHCHI-25APR04-B47.5",
            "count": 3,
            "created_time": "2025-04-04T12:00:30.75725Z",
            "yes_price": 14,
            "no_price": 86,
            "taker_side": "yes"
        },
        {
            "trade_id": "8e6c10ec-7758-4be1-b20b-0cd405a3e597",
            "ticker": "KXHIGHCHI-25APR04-B47.5",
            "count": 19,
            "created_time": "2025-04-04T06:57:26.761454Z",
            "yes_price": 14,
            "no_price": 86,
            "taker_side": "yes"
        },
        {
            "trade_id": "78aad140-88d4-44f2-9897-ec63ef9d4309",
            "ticker": "KXHIGHCHI-25APR04-B47.5",
            "count": 12,
            "created_time": "2025-04-04T06:57:26.761454Z",
            "yes_price": 13,
            "no_price": 87,
            "taker_side": "yes"
        },
        {
            "trade_id": "f4427da4-9fd8-4438-afb2-6aa0914ed019",
            "ticker": "KXHIGHCHI-25APR04-B47.5",
            "count": 1,
            "created_time": "2025-04-04T06:37:34.739559Z",
            "yes_price": 13,
            "no_price": 87,
            "taker_side": "yes"
        },
        {
            "trade_id": "ba84d410-80e4-4d44-9eee-bc670817d48d",
            "ticker": "KXHIGHCHI-25APR04-B47.5",
            "count": 3,
            "created_time": "2025-04-04T06:37:34.739559Z",
            "yes_price": 13,
            "no_price": 87,
            "taker_side": "yes"
        },
        {
            "trade_id": "b7d1123a-63d2-458d-b506-0ceaf9b13df4",
            "ticker": "KXHIGHCHI-25APR04-B47.5",
            "count": 299,
            "created_time": "2025-04-04T06:37:34.739559Z",
            "yes_price": 14,
            "no_price": 86,
            "taker_side": "yes"
        },
        {
            "trade_id": "8532cf3e-b3d3-4035-84b1-3b977ad229b5",
            "ticker": "KXHIGHCHI-25APR04-B47.5",
            "count": 24,
            "created_time": "2025-04-04T06:37:34.739559Z",
            "yes_price": 13,
            "no_price": 87,
            "taker_side": "yes"
        },
        {
            "trade_id": "5680be6b-35c5-42a6-8944-9955a2c78518",
            "ticker": "KXHIGHCHI-25APR04-B47.5",
            "count": 2,
            "created_time": "2025-04-04T06:37:34.739559Z",
            "yes_price": 12,
            "no_price": 88,
            "taker_side": "yes"
        },
        {
            "trade_id": "2d9662ec-fc64-43af-a86d-7cbcc8a13c3f",
            "ticker": "KXHIGHCHI-25APR04-B47.5",
            "count": 1,
            "created_time": "2025-04-04T06:37:34.739559Z",
            "yes_price": 11,
            "no_price": 89,
            "taker_side": "yes"
        },
        {
            "trade_id": "c5ea0164-795c-40d2-af55-9cb9b917fd36",
            "ticker": "KXHIGHCHI-25APR04-B47.5",
            "count": 150,
            "created_time": "2025-04-04T06:09:08.613181Z",
            "yes_price": 13,
            "no_price": 87,
            "taker_side": "no"
        },
        {
            "trade_id": "f4704763-0c67-4bde-8796-1fa5438fc281",
            "ticker": "KXHIGHCHI-25APR04-B47.5",
            "count": 1,
            "created_time": "2025-04-04T05:42:16.068706Z",
            "yes_price": 13,
            "no_price": 87,
            "taker_side": "no"
        },
        {
            "trade_id": "9ad834de-3f60-465e-b6a1-06b301dbd81a",
            "ticker": "KXHIGHCHI-25APR04-B47.5",
            "count": 5,
            "created_time": "2025-04-04T05:33:20.36674Z",
            "yes_price": 14,
            "no_price": 86,
            "taker_side": "no"
        },
        {
            "trade_id": "1ac0d786-a04d-4bf7-ad44-3e8300f6b4b4",
            "ticker": "KXHIGHCHI-25APR04-B47.5",
            "count": 2,
            "created_time": "2025-04-04T05:30:03.28664Z",
            "yes_price": 14,
            "no_price": 86,
            "taker_side": "yes"
        },
        {
            "trade_id": "f5cdb419-389a-46a5-8719-2ab063574e10",
            "ticker": "KXHIGHCHI-25APR04-B47.5",
            "count": 2,
            "created_time": "2025-04-04T05:28:53.228113Z",
            "yes_price": 14,
            "no_price": 86,
            "taker_side": "no"
        },
        {
            "trade_id": "7dcb7cdf-bfb8-4625-8b75-3efc000b9094",
            "ticker": "KXHIGHCHI-25APR04-B47.5",
            "count": 11,
            "created_time": "2025-04-04T05:28:49.357525Z",
            "yes_price": 14,
            "no_price": 86,
            "taker_side": "yes"
        },
        {
            "trade_id": "4c4cb015-8218-40cd-abfa-83d02f8c4cae",
            "ticker": "KXHIGHCHI-25APR04-B47.5",
            "count": 1,
            "created_time": "2025-04-04T05:27:18.650654Z",
            "yes_price": 13,
            "no_price": 87,
            "taker_side": "no"
        },
        {
            "trade_id": "3c404704-ad46-4cc8-9a92-ef32df9640da",
            "ticker": "KXHIGHCHI-25APR04-B47.5",
            "count": 11,
            "created_time": "2025-04-04T05:24:16.837358Z",
            "yes_price": 13,
            "no_price": 87,
            "taker_side": "no"
        },
        {
            "trade_id": "5ad1a77c-caf5-4392-ba58-c7fcf74fe3fc",
            "ticker": "KXHIGHCHI-25APR04-B47.5",
            "count": 37,
            "created_time": "2025-04-04T05:21:20.535683Z",
            "yes_price": 13,
            "no_price": 87,
            "taker_side": "no"
        },
        {
            "trade_id": "df7a067f-6396-4a53-a3c4-c7319a4a6201",
            "ticker": "KXHIGHCHI-25APR04-B47.5",
            "count": 14,
            "created_time": "2025-04-04T05:18:25.908595Z",
            "yes_price": 13,
            "no_price": 87,
            "taker_side": "no"
        },
        {
            "trade_id": "3ce215d1-41e5-4dde-a2ae-97844b5c3945",
            "ticker": "KXHIGHCHI-25APR04-B47.5",
            "count": 101,
            "created_time": "2025-04-04T05:18:17.008337Z",
            "yes_price": 13,
            "no_price": 87,
            "taker_side": "no"
        },
        {
            "trade_id": "be7fe28c-20be-4acb-8857-c19c28c406f6",
            "ticker": "KXHIGHCHI-25APR04-B47.5",
            "count": 15,
            "created_time": "2025-04-04T05:15:34.497202Z",
            "yes_price": 13,
            "no_price": 87,
            "taker_side": "no"
        },
        {
            "trade_id": "18956c27-6a4e-49e5-9b7b-3ed205fe56ed",
            "ticker": "KXHIGHCHI-25APR04-B47.5",
            "count": 65,
            "created_time": "2025-04-04T05:15:24.687865Z",
            "yes_price": 13,
            "no_price": 87,
            "taker_side": "no"
        },
        {
            "trade_id": "2b40374c-e66f-42aa-b1b3-80bace4b5821",
            "ticker": "KXHIGHCHI-25APR04-B47.5",
            "count": 26,
            "created_time": "2025-04-04T05:12:17.147058Z",
            "yes_price": 13,
            "no_price": 87,
            "taker_side": "no"
        },
        {
            "trade_id": "1b22bda6-bd23-431d-82c9-bfdb86b567e1",
            "ticker": "KXHIGHCHI-25APR04-B47.5",
            "count": 9,
            "created_time": "2025-04-04T05:08:01.386822Z",
            "yes_price": 13,
            "no_price": 87,
            "taker_side": "no"
        },
        {
            "trade_id": "704ed162-81e6-4f2b-9d05-60eaf5659731",
            "ticker": "KXHIGHCHI-25APR04-B47.5",
            "count": 2,
            "created_time": "2025-04-04T04:49:23.622086Z",
            "yes_price": 14,
            "no_price": 86,
            "taker_side": "yes"
        },
        {
            "trade_id": "99296177-4143-4dc1-91e0-13164360db24",
            "ticker": "KXHIGHCHI-25APR04-B47.5",
            "count": 7,
            "created_time": "2025-04-04T04:40:40.367719Z",
            "yes_price": 14,
            "no_price": 86,
            "taker_side": "yes"
        },
        {
            "trade_id": "01f20097-c8fe-4275-a985-4dd0224ab6d2",
            "ticker": "KXHIGHCHI-25APR04-B47.5",
            "count": 1,
            "created_time": "2025-04-04T04:07:11.202346Z",
            "yes_price": 14,
            "no_price": 86,
            "taker_side": "yes"
        },
        {
            "trade_id": "877db87d-ce57-4747-bfb8-b86c902c96e7",
            "ticker": "KXHIGHCHI-25APR04-B47.5",
            "count": 1,
            "created_time": "2025-04-04T03:54:22.286513Z",
            "yes_price": 14,
            "no_price": 86,
            "taker_side": "no"
        },
        {
            "trade_id": "3561b397-09a6-41de-86a5-03404b29e0dd",
            "ticker": "KXHIGHCHI-25APR04-B47.5",
            "count": 1,
            "created_time": "2025-04-04T03:51:27.7168Z",
            "yes_price": 14,
            "no_price": 86,
            "taker_side": "no"
        },
        {
            "trade_id": "123b3989-79b3-4c75-bbb2-bf8f04de2684",
            "ticker": "KXHIGHCHI-25APR04-B47.5",
            "count": 1,
            "created_time": "2025-04-04T03:48:21.15724Z",
            "yes_price": 14,
            "no_price": 86,
            "taker_side": "no"
        },
        {
            "trade_id": "88895234-ff9d-4065-b6e3-50b55e68ca4f",
            "ticker": "KXHIGHCHI-25APR04-B47.5",
            "count": 13,
            "created_time": "2025-04-04T03:45:22.062373Z",
            "yes_price": 15,
            "no_price": 85,
            "taker_side": "yes"
        },
        {
            "trade_id": "e65bdfcd-aec8-47e2-b610-288deecc5861",
            "ticker": "KXHIGHCHI-25APR04-B47.5",
            "count": 24,
            "created_time": "2025-04-04T03:28:33.377131Z",
            "yes_price": 14,
            "no_price": 86,
            "taker_side": "no"
        },
        {
            "trade_id": "dafa48a4-8d25-49fb-b62e-1e51da613c0a",
            "ticker": "KXHIGHCHI-25APR04-B47.5",
            "count": 26,
            "created_time": "2025-04-04T03:28:33.377131Z",
            "yes_price": 14,
            "no_price": 86,
            "taker_side": "no"
        },
        {
            "trade_id": "ae801cf5-7107-434e-af3d-79059545fd74",
            "ticker": "KXHIGHCHI-25APR04-B47.5",
            "count": 100,
            "created_time": "2025-04-04T02:41:44.040282Z",
            "yes_price": 19,
            "no_price": 81,
            "taker_side": "yes"
        },
        {
            "trade_id": "58d14ba3-650f-4ec0-96bd-e4f6fd161875",
            "ticker": "KXHIGHCHI-25APR04-B47.5",
            "count": 2,
            "created_time": "2025-04-04T02:41:26.348824Z",
            "yes_price": 18,
            "no_price": 82,
            "taker_side": "yes"
        },
        {
            "trade_id": "47d0a492-b9c3-4c38-bf58-d04e59227fce",
            "ticker": "KXHIGHCHI-25APR04-B47.5",
            "count": 74,
            "created_time": "2025-04-04T02:41:26.348824Z",
            "yes_price": 18,
            "no_price": 82,
            "taker_side": "yes"
        },
        {
            "trade_id": "29dd4856-4046-43d8-9068-a2576988ad36",
            "ticker": "KXHIGHCHI-25APR04-B47.5",
            "count": 9,
            "created_time": "2025-04-04T02:23:13.52996Z",
            "yes_price": 14,
            "no_price": 86,
            "taker_side": "no"
        },
        {
            "trade_id": "a6ccef26-7fb3-400c-b93b-e0b42ce32939",
            "ticker": "KXHIGHCHI-25APR04-B47.5",
            "count": 6,
            "created_time": "2025-04-04T02:22:04.389759Z",
            "yes_price": 18,
            "no_price": 82,
            "taker_side": "yes"
        },
        {
            "trade_id": "a0d16f32-6f7b-4417-b115-8a34a769fbe4",
            "ticker": "KXHIGHCHI-25APR04-B47.5",
            "count": 3,
            "created_time": "2025-04-03T23:06:39.890669Z",
            "yes_price": 18,
            "no_price": 82,
            "taker_side": "yes"
        },
        {
            "trade_id": "55f33a5c-63ef-4c69-ba28-589a40595ee0",
            "ticker": "KXHIGHCHI-25APR04-B47.5",
            "count": 19,
            "created_time": "2025-04-03T23:06:39.890669Z",
            "yes_price": 18,
            "no_price": 82,
            "taker_side": "yes"
        },
        {
            "trade_id": "33aabec2-151e-4f95-9cd7-8afd89a868ff",
            "ticker": "KXHIGHCHI-25APR04-B47.5",
            "count": 9,
            "created_time": "2025-04-03T23:06:39.890669Z",
            "yes_price": 18,
            "no_price": 82,
            "taker_side": "yes"
        },
        {
            "trade_id": "473c846c-6978-4028-a5b6-022667669c30",
            "ticker": "KXHIGHCHI-25APR04-B47.5",
            "count": 45,
            "created_time": "2025-04-03T20:59:08.090985Z",
            "yes_price": 18,
            "no_price": 82,
            "taker_side": "yes"
        },
        {
            "trade_id": "407f61c6-27e2-4f9f-9252-1a4b133b5942",
            "ticker": "KXHIGHCHI-25APR04-B47.5",
            "count": 11,
            "created_time": "2025-04-03T20:59:08.090985Z",
            "yes_price": 16,
            "no_price": 84,
            "taker_side": "yes"
        },
        {
            "trade_id": "0951e65f-4bdc-456b-855e-f932c5b5bf43",
            "ticker": "KXHIGHCHI-25APR04-B47.5",
            "count": 1,
            "created_time": "2025-04-03T20:59:08.090985Z",
            "yes_price": 16,
            "no_price": 84,
            "taker_side": "yes"
        },
        {
            "trade_id": "04d3d3cb-7684-40d9-ad50-182e4dce5f24",
            "ticker": "KXHIGHCHI-25APR04-B47.5",
            "count": 240,
            "created_time": "2025-04-03T20:59:08.090985Z",
            "yes_price": 18,
            "no_price": 82,
            "taker_side": "yes"
        },
        {
            "trade_id": "72e74b7a-7dcb-47f1-b46f-cf22145c3485",
            "ticker": "KXHIGHCHI-25APR04-B47.5",
            "count": 2,
            "created_time": "2025-04-03T20:15:34.787206Z",
            "yes_price": 16,
            "no_price": 84,
            "taker_side": "yes"
        },
        {
            "trade_id": "095010d1-a96e-4227-8cf9-b7e582b6f70c",
            "ticker": "KXHIGHCHI-25APR04-B47.5",
            "count": 99,
            "created_time": "2025-04-03T20:15:34.787206Z",
            "yes_price": 16,
            "no_price": 84,
            "taker_side": "yes"
        },
        {
            "trade_id": "140bb4c9-f034-4822-8770-16854b5d86de",
            "ticker": "KXHIGHCHI-25APR04-B47.5",
            "count": 10,
            "created_time": "2025-04-03T19:47:16.859012Z",
            "yes_price": 18,
            "no_price": 82,
            "taker_side": "yes"
        },
        {
            "trade_id": "ea36d22e-28ed-4714-867a-d936166707c0",
            "ticker": "KXHIGHCHI-25APR04-B47.5",
            "count": 1,
            "created_time": "2025-04-03T19:06:20.28534Z",
            "yes_price": 10,
            "no_price": 90,
            "taker_side": "no"
        }
    ],
    "KXHIGHCHI-25APR04-B49.5": [
        {
            "trade_id": "d882e043-7e53-4433-9461-d44bbd6b4b0b",
            "ticker": "KXHIGHCHI-25APR04-B49.5",
            "count": 59,
            "created_time": "2025-04-05T04:56:40.295943Z",
            "yes_price": 99,
            "no_price": 1,
            "taker_side": "no"
        },
        {
            "trade_id": "c83848d5-93d3-4ba1-ad91-e4f60050d77c",
            "ticker": "KXHIGHCHI-25APR04-B49.5",
            "count": 68,
            "created_time": "2025-04-05T04:56:40.295943Z",
            "yes_price": 99,
            "no_price": 1,
            "taker_side": "no"
        },
        {
            "trade_id": "84568837-5dfb-4f4b-a318-80c1d2ee9c44",
            "ticker": "KXHIGHCHI-25APR04-B49.5",
            "count": 103,
            "created_time": "2025-04-05T03:02:02.95512Z",
            "yes_price": 99,
            "no_price": 1,
            "taker_side": "no"
        },
        {
            "trade_id": "563015f5-72bd-45e5-a721-fa9a22bc686b",
            "ticker": "KXHIGHCHI-25APR04-B49.5",
            "count": 10,
            "created_time": "2025-04-05T02:22:26.081469Z",
            "yes_price": 99,
            "no_price": 1,
            "taker_side": "no"
        },
        {
            "trade_id": "699cf1bc-7148-430e-9319-5ff9fa73a8cd",
            "ticker": "KXHIGHCHI-25APR04-B49.5",
            "count": 47,
            "created_time": "2025-04-05T01:00:22.680976Z",
            "yes_price": 99,
            "no_price": 1,
            "taker_side": "no"
        },
        {
            "trade_id": "d987e558-6f04-4829-8c4d-6e4301b3560e",
            "ticker": "KXHIGHCHI-25APR04-B49.5",
            "count": 6,
            "created_time": "2025-04-05T01:00:01.850283Z",
            "yes_price": 99,
            "no_price": 1,
            "taker_side": "yes"
        },
        {
            "trade_id": "c089ad23-3dd3-4b6f-9b40-324bcc6c1a0d",
            "ticker": "KXHIGHCHI-25APR04-B49.5",
            "count": 315,
            "created_time": "2025-04-05T01:00:01.850283Z",
            "yes_price": 99,
            "no_price": 1,
            "taker_side": "yes"
        },
        {
            "trade_id": "9cb253bc-d00f-47d7-887f-75b8d03ead66",
            "ticker": "KXHIGHCHI-25APR04-B49.5",
            "count": 337,
            "created_time": "2025-04-05T01:00:01.850283Z",
            "yes_price": 99,
            "no_price": 1,
            "taker_side": "yes"
        },
        {
            "trade_id": "757f63a3-d145-4569-a758-23ba55298f33",
            "ticker": "KXHIGHCHI-25APR04-B49.5",
            "count": 145,
            "created_time": "2025-04-05T01:00:01.850283Z",
            "yes_price": 99,
            "no_price": 1,
            "taker_side": "yes"
        },
        {
            "trade_id": "6bd6bc37-5b96-49a3-bec3-621f33f685ee",
            "ticker": "KXHIGHCHI-25APR04-B49.5",
            "count": 35,
            "created_time": "2025-04-05T01:00:01.850283Z",
            "yes_price": 99,
            "no_price": 1,
            "taker_side": "yes"
        },
        {
            "trade_id": "3563b5cf-6aa5-4ad9-a473-28bad57a7e32",
            "ticker": "KXHIGHCHI-25APR04-B49.5",
            "count": 1,
            "created_time": "2025-04-05T01:00:01.850283Z",
            "yes_price": 99,
            "no_price": 1,
            "taker_side": "yes"
        },
        {
            "trade_id": "03a1c916-25e6-4983-9671-cb58de6c83a1",
            "ticker": "KXHIGHCHI-25APR04-B49.5",
            "count": 69,
            "created_time": "2025-04-05T01:00:01.850283Z",
            "yes_price": 99,
            "no_price": 1,
            "taker_side": "yes"
        },
        {
            "trade_id": "b9c0d20e-a481-423d-9fad-edd9837e2bcf",
            "ticker": "KXHIGHCHI-25APR04-B49.5",
            "count": 176,
            "created_time": "2025-04-05T00:55:38.862147Z",
            "yes_price": 99,
            "no_price": 1,
            "taker_side": "yes"
        },
        {
            "trade_id": "9b30824b-35e5-4595-8e47-8a0779d68cfa",
            "ticker": "KXHIGHCHI-25APR04-B49.5",
            "count": 25,
            "created_time": "2025-04-05T00:19:25.407656Z",
            "yes_price": 99,
            "no_price": 1,
            "taker_side": "yes"
        },
        {
            "trade_id": "fbb49dc7-d38e-4486-a09e-fa87d1f94fd4",
            "ticker": "KXHIGHCHI-25APR04-B49.5",
            "count": 30,
            "created_time": "2025-04-04T23:58:37.187613Z",
            "yes_price": 98,
            "no_price": 2,
            "taker_side": "yes"
        },
        {
            "trade_id": "b4a6f83a-2444-4db9-b677-1215976dd025",
            "ticker": "KXHIGHCHI-25APR04-B49.5",
            "count": 100,
            "created_time": "2025-04-04T22:55:37.851695Z",
            "yes_price": 99,
            "no_price": 1,
            "taker_side": "yes"
        },
        {
            "trade_id": "28731290-c03a-4c7b-b345-40e0935088b5",
            "ticker": "KXHIGHCHI-25APR04-B49.5",
            "count": 50,
            "created_time": "2025-04-04T22:55:37.851695Z",
            "yes_price": 98,
            "no_price": 2,
            "taker_side": "yes"
        },
        {
            "trade_id": "568aead9-8113-40e0-87ce-f2f676107c74",
            "ticker": "KXHIGHCHI-25APR04-B49.5",
            "count": 15,
            "created_time": "2025-04-04T22:42:19.931171Z",
            "yes_price": 98,
            "no_price": 2,
            "taker_side": "yes"
        },
        {
            "trade_id": "93f19575-b0dc-4ff0-b2ab-d926ec7be01c",
            "ticker": "KXHIGHCHI-25APR04-B49.5",
            "count": 10,
            "created_time": "2025-04-04T22:42:15.605118Z",
            "yes_price": 97,
            "no_price": 3,
            "taker_side": "yes"
        },
        {
            "trade_id": "27482462-a54b-43a0-990d-cc046afae9ca",
            "ticker": "KXHIGHCHI-25APR04-B49.5",
            "count": 25,
            "created_time": "2025-04-04T22:42:10.177595Z",
            "yes_price": 97,
            "no_price": 3,
            "taker_side": "yes"
        },
        {
            "trade_id": "df6d19df-c9a8-4ef1-acb5-69d86ab6f06f",
            "ticker": "KXHIGHCHI-25APR04-B49.5",
            "count": 9,
            "created_time": "2025-04-04T22:42:05.738798Z",
            "yes_price": 92,
            "no_price": 8,
            "taker_side": "no"
        },
        {
            "trade_id": "acef6192-f952-4c9b-9e85-94e2c88a9a24",
            "ticker": "KXHIGHCHI-25APR04-B49.5",
            "count": 10,
            "created_time": "2025-04-04T22:42:05.738798Z",
            "yes_price": 91,
            "no_price": 9,
            "taker_side": "no"
        },
        {
            "trade_id": "1473eb07-c692-4ad3-b446-da7a7e451667",
            "ticker": "KXHIGHCHI-25APR04-B49.5",
            "count": 14,
            "created_time": "2025-04-04T22:42:05.738798Z",
            "yes_price": 90,
            "no_price": 10,
            "taker_side": "no"
        },
        {
            "trade_id": "140a3085-1e87-4a03-8424-a21396a77d55",
            "ticker": "KXHIGHCHI-25APR04-B49.5",
            "count": 100,
            "created_time": "2025-04-04T22:42:05.738798Z",
            "yes_price": 95,
            "no_price": 5,
            "taker_side": "no"
        },
        {
            "trade_id": "ac071161-c3e7-46d9-82d6-388daf99a9ef",
            "ticker": "KXHIGHCHI-25APR04-B49.5",
            "count": 1,
            "created_time": "2025-04-04T22:18:23.929947Z",
            "yes_price": 98,
            "no_price": 2,
            "taker_side": "no"
        },
        {
            "trade_id": "48804de2-0965-4553-a0a7-1b4bb55de733",
            "ticker": "KXHIGHCHI-25APR04-B49.5",
            "count": 347,
            "created_time": "2025-04-04T22:18:03.983845Z",
            "yes_price": 98,
            "no_price": 2,
            "taker_side": "no"
        },
        {
            "trade_id": "d7c9a3ce-9da9-4c94-bc66-2a9b873e3318",
            "ticker": "KXHIGHCHI-25APR04-B49.5",
            "count": 9,
            "created_time": "2025-04-04T22:16:35.241818Z",
            "yes_price": 95,
            "no_price": 5,
            "taker_side": "yes"
        },
        {
            "trade_id": "4119f401-fce6-4b23-a2ac-2d96cdaa74a9",
            "ticker": "KXHIGHCHI-25APR04-B49.5",
            "count": 50,
            "created_time": "2025-04-04T22:16:35.241818Z",
            "yes_price": 95,
            "no_price": 5,
            "taker_side": "yes"
        },
        {
            "trade_id": "0eb1ff1a-00b0-4239-b81c-48d0114d66fc",
            "ticker": "KXHIGHCHI-25APR04-B49.5",
            "count": 50,
            "created_time": "2025-04-04T21:35:13.54024Z",
            "yes_price": 92,
            "no_price": 8,
            "taker_side": "yes"
        },
        {
            "trade_id": "d9285bf4-81d7-446f-a4ad-3853dc22446a",
            "ticker": "KXHIGHCHI-25APR04-B49.5",
            "count": 30,
            "created_time": "2025-04-04T21:32:20.968223Z",
            "yes_price": 85,
            "no_price": 15,
            "taker_side": "no"
        },
        {
            "trade_id": "aab9c529-1797-4871-b7c6-6196662f87cb",
            "ticker": "KXHIGHCHI-25APR04-B49.5",
            "count": 8,
            "created_time": "2025-04-04T21:32:20.968223Z",
            "yes_price": 98,
            "no_price": 2,
            "taker_side": "no"
        },
        {
            "trade_id": "49320e99-a655-4eff-8dbe-7a267d020d22",
            "ticker": "KXHIGHCHI-25APR04-B49.5",
            "count": 15,
            "created_time": "2025-04-04T21:32:20.968223Z",
            "yes_price": 86,
            "no_price": 14,
            "taker_side": "no"
        },
        {
            "trade_id": "392f47aa-bb6b-4130-a94b-8a05dd876d50",
            "ticker": "KXHIGHCHI-25APR04-B49.5",
            "count": 40,
            "created_time": "2025-04-04T21:32:20.968223Z",
            "yes_price": 97,
            "no_price": 3,
            "taker_side": "no"
        },
        {
            "trade_id": "1f921257-bef4-4f98-a8f9-4c7a9db7c65a",
            "ticker": "KXHIGHCHI-25APR04-B49.5",
            "count": 9,
            "created_time": "2025-04-04T21:32:20.968223Z",
            "yes_price": 86,
            "no_price": 14,
            "taker_side": "no"
        },
        {
            "trade_id": "0d34e6ab-a7a0-4c8f-baca-1c43ea0d2ee4",
            "ticker": "KXHIGHCHI-25APR04-B49.5",
            "count": 20,
            "created_time": "2025-04-04T21:26:28.686017Z",
            "yes_price": 96,
            "no_price": 4,
            "taker_side": "no"
        },
        {
            "trade_id": "95cda169-1dc1-45b9-a09a-9824c555bcab",
            "ticker": "KXHIGHCHI-25APR04-B49.5",
            "count": 130,
            "created_time": "2025-04-04T21:22:13.686266Z",
            "yes_price": 99,
            "no_price": 1,
            "taker_side": "yes"
        },
        {
            "trade_id": "824ddf1d-826a-472d-8501-be6cb0b84912",
            "ticker": "KXHIGHCHI-25APR04-B49.5",
            "count": 50,
            "created_time": "2025-04-04T21:21:57.808018Z",
            "yes_price": 98,
            "no_price": 2,
            "taker_side": "yes"
        },
        {
            "trade_id": "d9573083-affb-4250-9755-9f64d882c107",
            "ticker": "KXHIGHCHI-25APR04-B49.5",
            "count": 10,
            "created_time": "2025-04-04T21:14:34.683373Z",
            "yes_price": 97,
            "no_price": 3,
            "taker_side": "no"
        },
        {
            "trade_id": "8b8531c5-52e8-4ce2-8b0e-fe80008bc5bd",
            "ticker": "KXHIGHCHI-25APR04-B49.5",
            "count": 30,
            "created_time": "2025-04-04T21:12:30.392239Z",
            "yes_price": 95,
            "no_price": 5,
            "taker_side": "yes"
        },
        {
            "trade_id": "c9d62568-421d-4249-8bb6-53799ea354a0",
            "ticker": "KXHIGHCHI-25APR04-B49.5",
            "count": 15,
            "created_time": "2025-04-04T21:06:25.402471Z",
            "yes_price": 94,
            "no_price": 6,
            "taker_side": "no"
        },
        {
            "trade_id": "ae39eeb9-528c-4d41-a5f8-5493d0240854",
            "ticker": "KXHIGHCHI-25APR04-B49.5",
            "count": 11,
            "created_time": "2025-04-04T20:35:58.82315Z",
            "yes_price": 94,
            "no_price": 6,
            "taker_side": "yes"
        },
        {
            "trade_id": "5260923c-6d27-482b-a13f-6465f543ba2a",
            "ticker": "KXHIGHCHI-25APR04-B49.5",
            "count": 1,
            "created_time": "2025-04-04T20:29:11.695356Z",
            "yes_price": 81,
            "no_price": 19,
            "taker_side": "no"
        },
        {
            "trade_id": "0fd876e1-b337-4cbd-85c8-87401dbbe56b",
            "ticker": "KXHIGHCHI-25APR04-B49.5",
            "count": 1,
            "created_time": "2025-04-04T20:29:11.483863Z",
            "yes_price": 94,
            "no_price": 6,
            "taker_side": "yes"
        },
        {
            "trade_id": "03d622fe-5a5e-4cbb-b7ea-283a1050f0e9",
            "ticker": "KXHIGHCHI-25APR04-B49.5",
            "count": 1,
            "created_time": "2025-04-04T20:27:41.16216Z",
            "yes_price": 94,
            "no_price": 6,
            "taker_side": "yes"
        },
        {
            "trade_id": "2351f949-aaf3-40cb-86ce-bccd8ed24a63",
            "ticker": "KXHIGHCHI-25APR04-B49.5",
            "count": 1,
            "created_time": "2025-04-04T20:23:35.060561Z",
            "yes_price": 23,
            "no_price": 77,
            "taker_side": "no"
        },
        {
            "trade_id": "ce96c380-cf4c-4b16-b495-83d35be115fc",
            "ticker": "KXHIGHCHI-25APR04-B49.5",
            "count": 1,
            "created_time": "2025-04-04T20:14:34.778094Z",
            "yes_price": 94,
            "no_price": 6,
            "taker_side": "yes"
        },
        {
            "trade_id": "8f0982f7-d934-4c1b-9844-4dea1d2bf575",
            "ticker": "KXHIGHCHI-25APR04-B49.5",
            "count": 50,
            "created_time": "2025-04-04T20:10:47.56223Z",
            "yes_price": 94,
            "no_price": 6,
            "taker_side": "no"
        },
        {
            "trade_id": "d285e483-9dd8-4333-9d76-7485b6e99164",
            "ticker": "KXHIGHCHI-25APR04-B49.5",
            "count": 3,
            "created_time": "2025-04-04T20:00:26.108291Z",
            "yes_price": 89,
            "no_price": 11,
            "taker_side": "yes"
        },
        {
            "trade_id": "b19c1b72-5eeb-46f2-ad9c-cbf503636860",
            "ticker": "KXHIGHCHI-25APR04-B49.5",
            "count": 5,
            "created_time": "2025-04-04T20:00:26.108291Z",
            "yes_price": 86,
            "no_price": 14,
            "taker_side": "yes"
        },
        {
            "trade_id": "3959eca3-de0c-48f1-85c3-28c04c2affc9",
            "ticker": "KXHIGHCHI-25APR04-B49.5",
            "count": 50,
            "created_time": "2025-04-04T20:00:26.108291Z",
            "yes_price": 85,
            "no_price": 15,
            "taker_side": "yes"
        },
        {
            "trade_id": "d9ed3e0c-ce20-42b7-85e2-69349e56c148",
            "ticker": "KXHIGHCHI-25APR04-B49.5",
            "count": 15,
            "created_time": "2025-04-04T19:25:10.89224Z",
            "yes_price": 89,
            "no_price": 11,
            "taker_side": "yes"
        },
        {
            "trade_id": "2f7a191f-8346-483e-a456-1824b794cc80",
            "ticker": "KXHIGHCHI-25APR04-B49.5",
            "count": 1,
            "created_time": "2025-04-04T19:18:19.332949Z",
            "yes_price": 89,
            "no_price": 11,
            "taker_side": "yes"
        },
        {
            "trade_id": "79193a0d-97ae-41a6-9f88-2cf30626adda",
            "ticker": "KXHIGHCHI-25APR04-B49.5",
            "count": 25,
            "created_time": "2025-04-04T19:12:56.406048Z",
            "yes_price": 84,
            "no_price": 16,
            "taker_side": "yes"
        },
        {
            "trade_id": "41d01fc4-42fc-41eb-810b-454f62d3c932",
            "ticker": "KXHIGHCHI-25APR04-B49.5",
            "count": 50,
            "created_time": "2025-04-04T19:12:56.406048Z",
            "yes_price": 89,
            "no_price": 11,
            "taker_side": "yes"
        },
        {
            "trade_id": "373b2bfb-ae0b-4d64-a8e9-ce5b3c634f8d",
            "ticker": "KXHIGHCHI-25APR04-B49.5",
            "count": 18,
            "created_time": "2025-04-04T19:12:56.406048Z",
            "yes_price": 90,
            "no_price": 10,
            "taker_side": "yes"
        },
        {
            "trade_id": "2c616ee4-28ee-4cab-b838-147180c61efa",
            "ticker": "KXHIGHCHI-25APR04-B49.5",
            "count": 3,
            "created_time": "2025-04-04T19:10:57.051816Z",
            "yes_price": 84,
            "no_price": 16,
            "taker_side": "yes"
        },
        {
            "trade_id": "7e7abe39-30c6-47c9-94b5-26ab5159ed52",
            "ticker": "KXHIGHCHI-25APR04-B49.5",
            "count": 25,
            "created_time": "2025-04-04T19:08:34.479403Z",
            "yes_price": 82,
            "no_price": 18,
            "taker_side": "yes"
        },
        {
            "trade_id": "6116712e-2f04-4ab5-99c2-a5c9e79d3ee3",
            "ticker": "KXHIGHCHI-25APR04-B49.5",
            "count": 5,
            "created_time": "2025-04-04T19:08:34.479403Z",
            "yes_price": 82,
            "no_price": 18,
            "taker_side": "yes"
        },
        {
            "trade_id": "e603c6e9-5999-444f-a771-75c459fef2b8",
            "ticker": "KXHIGHCHI-25APR04-B49.5",
            "count": 15,
            "created_time": "2025-04-04T19:08:25.798532Z",
            "yes_price": 82,
            "no_price": 18,
            "taker_side": "yes"
        },
        {
            "trade_id": "e42d3b32-3432-4b1b-96d6-6cfee500c940",
            "ticker": "KXHIGHCHI-25APR04-B49.5",
            "count": 3,
            "created_time": "2025-04-04T19:07:34.805434Z",
            "yes_price": 71,
            "no_price": 29,
            "taker_side": "no"
        },
        {
            "trade_id": "b56c8eb6-250b-43bf-bf93-fe3fb407e8ce",
            "ticker": "KXHIGHCHI-25APR04-B49.5",
            "count": 23,
            "created_time": "2025-04-04T18:55:29.426538Z",
            "yes_price": 83,
            "no_price": 17,
            "taker_side": "yes"
        },
        {
            "trade_id": "167d7092-99de-4879-aa03-1fcdda61e7a8",
            "ticker": "KXHIGHCHI-25APR04-B49.5",
            "count": 1,
            "created_time": "2025-04-04T18:50:45.393435Z",
            "yes_price": 81,
            "no_price": 19,
            "taker_side": "no"
        },
        {
            "trade_id": "ccf17250-1b90-481c-a812-fbcb37ae42c3",
            "ticker": "KXHIGHCHI-25APR04-B49.5",
            "count": 10,
            "created_time": "2025-04-04T18:49:09.668543Z",
            "yes_price": 82,
            "no_price": 18,
            "taker_side": "no"
        },
        {
            "trade_id": "46e5afb0-c472-4415-acbe-e63ba4d7cc94",
            "ticker": "KXHIGHCHI-25APR04-B49.5",
            "count": 7,
            "created_time": "2025-04-04T18:48:16.486996Z",
            "yes_price": 81,
            "no_price": 19,
            "taker_side": "no"
        },
        {
            "trade_id": "9895791e-1277-4502-902c-b3b10f540aaa",
            "ticker": "KXHIGHCHI-25APR04-B49.5",
            "count": 29,
            "created_time": "2025-04-04T18:47:05.030104Z",
            "yes_price": 82,
            "no_price": 18,
            "taker_side": "yes"
        },
        {
            "trade_id": "13f489fb-3c7d-4187-bd79-967a605a9b84",
            "ticker": "KXHIGHCHI-25APR04-B49.5",
            "count": 30,
            "created_time": "2025-04-04T18:30:53.049755Z",
            "yes_price": 81,
            "no_price": 19,
            "taker_side": "yes"
        },
        {
            "trade_id": "2bc7a282-9b92-4beb-b2b4-b45e06595f4a",
            "ticker": "KXHIGHCHI-25APR04-B49.5",
            "count": 24,
            "created_time": "2025-04-04T18:26:43.038561Z",
            "yes_price": 81,
            "no_price": 19,
            "taker_side": "yes"
        },
        {
            "trade_id": "aa01e963-5b65-44bc-bbc7-2e29a2de7d29",
            "ticker": "KXHIGHCHI-25APR04-B49.5",
            "count": 50,
            "created_time": "2025-04-04T18:13:38.173367Z",
            "yes_price": 79,
            "no_price": 21,
            "taker_side": "yes"
        },
        {
            "trade_id": "e8922a2b-3d9c-4706-aa60-2f5b37b295a2",
            "ticker": "KXHIGHCHI-25APR04-B49.5",
            "count": 50,
            "created_time": "2025-04-04T18:12:26.260579Z",
            "yes_price": 79,
            "no_price": 21,
            "taker_side": "yes"
        },
        {
            "trade_id": "4ebb1ca6-20d0-4ee1-874a-9c4a3dfbe2a0",
            "ticker": "KXHIGHCHI-25APR04-B49.5",
            "count": 14,
            "created_time": "2025-04-04T18:12:26.260579Z",
            "yes_price": 80,
            "no_price": 20,
            "taker_side": "yes"
        },
        {
            "trade_id": "6667215f-dbb5-48d2-aed7-a77587d4f7b6",
            "ticker": "KXHIGHCHI-25APR04-B49.5",
            "count": 1,
            "created_time": "2025-04-04T18:09:31.930888Z",
            "yes_price": 70,
            "no_price": 30,
            "taker_side": "no"
        },
        {
            "trade_id": "5593d284-9402-4738-8e25-a48bfc1c0745",
            "ticker": "KXHIGHCHI-25APR04-B49.5",
            "count": 19,
            "created_time": "2025-04-04T18:09:31.930888Z",
            "yes_price": 66,
            "no_price": 34,
            "taker_side": "no"
        },
        {
            "trade_id": "59d26991-ba6b-4468-b3ff-35ee41d5aee7",
            "ticker": "KXHIGHCHI-25APR04-B49.5",
            "count": 22,
            "created_time": "2025-04-04T18:09:01.661246Z",
            "yes_price": 79,
            "no_price": 21,
            "taker_side": "yes"
        },
        {
            "trade_id": "861dff98-268b-4a79-a727-96266ad96716",
            "ticker": "KXHIGHCHI-25APR04-B49.5",
            "count": 18,
            "created_time": "2025-04-04T18:08:19.695482Z",
            "yes_price": 79,
            "no_price": 21,
            "taker_side": "yes"
        },
        {
            "trade_id": "990c4834-c558-4c5a-b3ec-3c89eeb78732",
            "ticker": "KXHIGHCHI-25APR04-B49.5",
            "count": 8,
            "created_time": "2025-04-04T18:07:01.205244Z",
            "yes_price": 80,
            "no_price": 20,
            "taker_side": "yes"
        },
        {
            "trade_id": "5102a0bd-fae9-49f2-a68e-3b7171b31174",
            "ticker": "KXHIGHCHI-25APR04-B49.5",
            "count": 50,
            "created_time": "2025-04-04T18:06:19.866992Z",
            "yes_price": 74,
            "no_price": 26,
            "taker_side": "yes"
        },
        {
            "trade_id": "45c9e71a-f2dc-4ab2-a22c-d69ba7e5cfaf",
            "ticker": "KXHIGHCHI-25APR04-B49.5",
            "count": 10,
            "created_time": "2025-04-04T18:06:19.866992Z",
            "yes_price": 75,
            "no_price": 25,
            "taker_side": "yes"
        },
        {
            "trade_id": "e9a99bd9-abee-4548-9296-bc4a3d6960ec",
            "ticker": "KXHIGHCHI-25APR04-B49.5",
            "count": 50,
            "created_time": "2025-04-04T17:55:45.132015Z",
            "yes_price": 74,
            "no_price": 26,
            "taker_side": "yes"
        },
        {
            "trade_id": "ab92f4bb-484b-4508-b19f-272a8c8c9d51",
            "ticker": "KXHIGHCHI-25APR04-B49.5",
            "count": 50,
            "created_time": "2025-04-04T17:52:26.131819Z",
            "yes_price": 74,
            "no_price": 26,
            "taker_side": "yes"
        },
        {
            "trade_id": "c14feb29-6052-436a-b8a8-bba8fa75c1bc",
            "ticker": "KXHIGHCHI-25APR04-B49.5",
            "count": 6,
            "created_time": "2025-04-04T17:37:37.593459Z",
            "yes_price": 71,
            "no_price": 29,
            "taker_side": "no"
        },
        {
            "trade_id": "7edd4eb4-c633-49d4-b836-54763ec04c78",
            "ticker": "KXHIGHCHI-25APR04-B49.5",
            "count": 5,
            "created_time": "2025-04-04T17:35:35.848443Z",
            "yes_price": 74,
            "no_price": 26,
            "taker_side": "yes"
        },
        {
            "trade_id": "ef9fcad2-f0e8-4863-8568-94dd1dca7219",
            "ticker": "KXHIGHCHI-25APR04-B49.5",
            "count": 15,
            "created_time": "2025-04-04T16:44:30.072964Z",
            "yes_price": 72,
            "no_price": 28,
            "taker_side": "yes"
        },
        {
            "trade_id": "da24cb00-3a51-4b4c-b16a-26e4ad9e58f8",
            "ticker": "KXHIGHCHI-25APR04-B49.5",
            "count": 20,
            "created_time": "2025-04-04T16:42:12.841751Z",
            "yes_price": 72,
            "no_price": 28,
            "taker_side": "yes"
        },
        {
            "trade_id": "ae9c9efb-3e7a-4f31-b132-b2cd0bad1c87",
            "ticker": "KXHIGHCHI-25APR04-B49.5",
            "count": 10,
            "created_time": "2025-04-04T16:36:40.550036Z",
            "yes_price": 70,
            "no_price": 30,
            "taker_side": "yes"
        },
        {
            "trade_id": "c92ae0d0-5943-4bef-a986-4a78d347aa61",
            "ticker": "KXHIGHCHI-25APR04-B49.5",
            "count": 34,
            "created_time": "2025-04-04T16:10:33.288258Z",
            "yes_price": 63,
            "no_price": 37,
            "taker_side": "yes"
        },
        {
            "trade_id": "7273a621-bb4f-4af2-beed-d62a86be3cac",
            "ticker": "KXHIGHCHI-25APR04-B49.5",
            "count": 11,
            "created_time": "2025-04-04T16:10:33.288258Z",
            "yes_price": 63,
            "no_price": 37,
            "taker_side": "yes"
        },
        {
            "trade_id": "60694069-78c9-4d03-b5d2-3f5fa6ec9a5b",
            "ticker": "KXHIGHCHI-25APR04-B49.5",
            "count": 50,
            "created_time": "2025-04-04T16:10:33.288258Z",
            "yes_price": 62,
            "no_price": 38,
            "taker_side": "yes"
        },
        {
            "trade_id": "1e1ec6b1-60ff-4ee2-ad3d-2cebcadce74f",
            "ticker": "KXHIGHCHI-25APR04-B49.5",
            "count": 9,
            "created_time": "2025-04-04T16:06:25.654475Z",
            "yes_price": 54,
            "no_price": 46,
            "taker_side": "yes"
        },
        {
            "trade_id": "966addd0-a312-4fd6-8aa4-e49c73414989",
            "ticker": "KXHIGHCHI-25APR04-B49.5",
            "count": 30,
            "created_time": "2025-04-04T16:04:38.32099Z",
            "yes_price": 54,
            "no_price": 46,
            "taker_side": "yes"
        },
        {
            "trade_id": "27e7454f-2baa-4c73-9543-03450b56f616",
            "ticker": "KXHIGHCHI-25APR04-B49.5",
            "count": 10,
            "created_time": "2025-04-04T16:04:38.32099Z",
            "yes_price": 55,
            "no_price": 45,
            "taker_side": "yes"
        },
        {
            "trade_id": "231f38a9-3d1f-48cb-bdc0-f96af5c9bf5c",
            "ticker": "KXHIGHCHI-25APR04-B49.5",
            "count": 15,
            "created_time": "2025-04-04T16:04:38.32099Z",
            "yes_price": 55,
            "no_price": 45,
            "taker_side": "yes"
        },
        {
            "trade_id": "73182ed7-77ef-4a1b-bf75-c7d5d4f31ed5",
            "ticker": "KXHIGHCHI-25APR04-B49.5",
            "count": 26,
            "created_time": "2025-04-04T16:02:56.400145Z",
            "yes_price": 52,
            "no_price": 48,
            "taker_side": "yes"
        },
        {
            "trade_id": "4ccebc1a-be32-4948-884c-1c7b0ea9f161",
            "ticker": "KXHIGHCHI-25APR04-B49.5",
            "count": 50,
            "created_time": "2025-04-04T16:02:56.400145Z",
            "yes_price": 53,
            "no_price": 47,
            "taker_side": "yes"
        },
        {
            "trade_id": "74bf5e34-930a-48b3-a22d-f575b30e29d9",
            "ticker": "KXHIGHCHI-25APR04-B49.5",
            "count": 30,
            "created_time": "2025-04-04T16:00:09.183928Z",
            "yes_price": 53,
            "no_price": 47,
            "taker_side": "yes"
        },
        {
            "trade_id": "935861fd-6eaa-4c61-9cf7-181debefd7ab",
            "ticker": "KXHIGHCHI-25APR04-B49.5",
            "count": 18,
            "created_time": "2025-04-04T15:54:03.001104Z",
            "yes_price": 53,
            "no_price": 47,
            "taker_side": "yes"
        },
        {
            "trade_id": "e97dfd69-166d-493f-8d4a-29ed77f3fd44",
            "ticker": "KXHIGHCHI-25APR04-B49.5",
            "count": 1,
            "created_time": "2025-04-04T15:51:04.737019Z",
            "yes_price": 38,
            "no_price": 62,
            "taker_side": "no"
        },
        {
            "trade_id": "ca3594ca-631b-4782-9626-8aea511407d7",
            "ticker": "KXHIGHCHI-25APR04-B49.5",
            "count": 3,
            "created_time": "2025-04-04T15:32:07.625467Z",
            "yes_price": 52,
            "no_price": 48,
            "taker_side": "yes"
        },
        {
            "trade_id": "886262c7-7217-4315-aec4-4ea5a2a00465",
            "ticker": "KXHIGHCHI-25APR04-B49.5",
            "count": 21,
            "created_time": "2025-04-04T15:32:07.625467Z",
            "yes_price": 54,
            "no_price": 46,
            "taker_side": "yes"
        },
        {
            "trade_id": "8983fa5a-f64d-423b-b875-64c9d922cc23",
            "ticker": "KXHIGHCHI-25APR04-B49.5",
            "count": 15,
            "created_time": "2025-04-04T15:29:29.5136Z",
            "yes_price": 50,
            "no_price": 50,
            "taker_side": "no"
        },
        {
            "trade_id": "f0fef6ec-1765-4f6e-9f18-3d5a34221c66",
            "ticker": "KXHIGHCHI-25APR04-B49.5",
            "count": 10,
            "created_time": "2025-04-04T15:29:29.3272Z",
            "yes_price": 50,
            "no_price": 50,
            "taker_side": "yes"
        },
        {
            "trade_id": "a87ac782-d5db-463e-b004-a38de4a9426f",
            "ticker": "KXHIGHCHI-25APR04-B49.5",
            "count": 1,
            "created_time": "2025-04-04T15:29:29.3272Z",
            "yes_price": 47,
            "no_price": 53,
            "taker_side": "yes"
        },
        {
            "trade_id": "7e01a97b-c278-40c2-908c-4c9b00dae2b9",
            "ticker": "KXHIGHCHI-25APR04-B49.5",
            "count": 1,
            "created_time": "2025-04-04T15:29:29.3272Z",
            "yes_price": 45,
            "no_price": 55,
            "taker_side": "yes"
        },
        {
            "trade_id": "4fe90aff-f663-40fd-adb7-7d8aa0eb851e",
            "ticker": "KXHIGHCHI-25APR04-B49.5",
            "count": 6,
            "created_time": "2025-04-04T15:29:29.3272Z",
            "yes_price": 47,
            "no_price": 53,
            "taker_side": "yes"
        },
        {
            "trade_id": "f7d890dd-4e65-42d4-8adb-59021c3f0909",
            "ticker": "KXHIGHCHI-25APR04-B49.5",
            "count": 36,
            "created_time": "2025-04-04T15:24:14.801708Z",
            "yes_price": 20,
            "no_price": 80,
            "taker_side": "no"
        },
        {
            "trade_id": "dc544be9-29e3-4884-a452-e07b9c74c6a2",
            "ticker": "KXHIGHCHI-25APR04-B49.5",
            "count": 42,
            "created_time": "2025-04-04T15:24:14.801708Z",
            "yes_price": 20,
            "no_price": 80,
            "taker_side": "no"
        },
        {
            "trade_id": "c9863daf-50bb-461b-8f35-e1e651cc0455",
            "ticker": "KXHIGHCHI-25APR04-B49.5",
            "count": 6,
            "created_time": "2025-04-04T15:24:14.801708Z",
            "yes_price": 21,
            "no_price": 79,
            "taker_side": "no"
        },
        {
            "trade_id": "5b410664-0a76-4577-ba7b-2f130bf11dea",
            "ticker": "KXHIGHCHI-25APR04-B49.5",
            "count": 15,
            "created_time": "2025-04-04T15:24:14.801708Z",
            "yes_price": 23,
            "no_price": 77,
            "taker_side": "no"
        },
        {
            "trade_id": "545c76ad-368c-4e26-b513-0972f57a1778",
            "ticker": "KXHIGHCHI-25APR04-B49.5",
            "count": 26,
            "created_time": "2025-04-04T15:24:14.801708Z",
            "yes_price": 24,
            "no_price": 76,
            "taker_side": "no"
        },
        {
            "trade_id": "b985a5a9-77af-4627-b156-2ee836f2fe01",
            "ticker": "KXHIGHCHI-25APR04-B49.5",
            "count": 50,
            "created_time": "2025-04-04T15:06:41.730092Z",
            "yes_price": 37,
            "no_price": 63,
            "taker_side": "yes"
        },
        {
            "trade_id": "fd03ad21-51fc-4960-9a39-e7b12e2a2886",
            "ticker": "KXHIGHCHI-25APR04-B49.5",
            "count": 17,
            "created_time": "2025-04-04T15:06:19.11833Z",
            "yes_price": 34,
            "no_price": 66,
            "taker_side": "yes"
        },
        {
            "trade_id": "dd8ec83e-d78d-4d71-b73e-4c4227bf7627",
            "ticker": "KXHIGHCHI-25APR04-B49.5",
            "count": 20,
            "created_time": "2025-04-04T15:06:19.11833Z",
            "yes_price": 32,
            "no_price": 68,
            "taker_side": "yes"
        },
        {
            "trade_id": "d9102903-cd7e-44ab-9a82-ccfed721936b",
            "ticker": "KXHIGHCHI-25APR04-B49.5",
            "count": 20,
            "created_time": "2025-04-04T15:06:19.11833Z",
            "yes_price": 34,
            "no_price": 66,
            "taker_side": "yes"
        },
        {
            "trade_id": "c1e83e5c-319d-49f7-8335-2c661413f463",
            "ticker": "KXHIGHCHI-25APR04-B49.5",
            "count": 11,
            "created_time": "2025-04-04T15:06:19.11833Z",
            "yes_price": 33,
            "no_price": 67,
            "taker_side": "yes"
        },
        {
            "trade_id": "5f30e696-8875-4378-9233-79dd106c459f",
            "ticker": "KXHIGHCHI-25APR04-B49.5",
            "count": 14,
            "created_time": "2025-04-04T14:57:12.049293Z",
            "yes_price": 32,
            "no_price": 68,
            "taker_side": "yes"
        },
        {
            "trade_id": "b4d0e2b5-3518-4253-a01e-b5cb5f617296",
            "ticker": "KXHIGHCHI-25APR04-B49.5",
            "count": 11,
            "created_time": "2025-04-04T14:53:30.680618Z",
            "yes_price": 21,
            "no_price": 79,
            "taker_side": "no"
        },
        {
            "trade_id": "57d11439-186b-4637-a5fa-cf8109ef140e",
            "ticker": "KXHIGHCHI-25APR04-B49.5",
            "count": 4,
            "created_time": "2025-04-04T14:53:30.680618Z",
            "yes_price": 33,
            "no_price": 67,
            "taker_side": "no"
        },
        {
            "trade_id": "3ccf6a0e-5728-4c93-808c-be6781bd557b",
            "ticker": "KXHIGHCHI-25APR04-B49.5",
            "count": 14,
            "created_time": "2025-04-04T14:53:30.680618Z",
            "yes_price": 20,
            "no_price": 80,
            "taker_side": "no"
        },
        {
            "trade_id": "05c17f31-4c5b-4436-aa33-790fffc75d89",
            "ticker": "KXHIGHCHI-25APR04-B49.5",
            "count": 35,
            "created_time": "2025-04-04T14:53:30.680618Z",
            "yes_price": 25,
            "no_price": 75,
            "taker_side": "no"
        },
        {
            "trade_id": "21dcdfdc-d2f3-4b45-91bd-da927cb4a740",
            "ticker": "KXHIGHCHI-25APR04-B49.5",
            "count": 16,
            "created_time": "2025-04-04T14:33:57.287678Z",
            "yes_price": 36,
            "no_price": 64,
            "taker_side": "no"
        },
        {
            "trade_id": "4466229d-4a32-4d45-ad20-69a03f6d84ca",
            "ticker": "KXHIGHCHI-25APR04-B49.5",
            "count": 17,
            "created_time": "2025-04-04T14:28:34.070547Z",
            "yes_price": 49,
            "no_price": 51,
            "taker_side": "yes"
        },
        {
            "trade_id": "9a0d9654-572f-4dee-9be9-fbf24f564ac9",
            "ticker": "KXHIGHCHI-25APR04-B49.5",
            "count": 108,
            "created_time": "2025-04-04T14:27:52.173782Z",
            "yes_price": 53,
            "no_price": 47,
            "taker_side": "yes"
        },
        {
            "trade_id": "44d1a8f2-08d8-4572-bf0f-11f778df1f36",
            "ticker": "KXHIGHCHI-25APR04-B49.5",
            "count": 20,
            "created_time": "2025-04-04T14:27:48.863671Z",
            "yes_price": 52,
            "no_price": 48,
            "taker_side": "yes"
        },
        {
            "trade_id": "314c86f2-9603-4b6d-a46a-256ada093861",
            "ticker": "KXHIGHCHI-25APR04-B49.5",
            "count": 30,
            "created_time": "2025-04-04T14:27:48.863671Z",
            "yes_price": 52,
            "no_price": 48,
            "taker_side": "yes"
        },
        {
            "trade_id": "9ca86aae-0c78-4b42-8408-f1573c26dd23",
            "ticker": "KXHIGHCHI-25APR04-B49.5",
            "count": 37,
            "created_time": "2025-04-04T14:27:39.351155Z",
            "yes_price": 51,
            "no_price": 49,
            "taker_side": "no"
        },
        {
            "trade_id": "f0a46e01-4f64-45db-9e25-c9fdba5e2b01",
            "ticker": "KXHIGHCHI-25APR04-B49.5",
            "count": 20,
            "created_time": "2025-04-04T14:27:39.2495Z",
            "yes_price": 51,
            "no_price": 49,
            "taker_side": "yes"
        },
        {
            "trade_id": "1cc175c3-3cd7-4aae-a91a-a3cc92661543",
            "ticker": "KXHIGHCHI-25APR04-B49.5",
            "count": 110,
            "created_time": "2025-04-04T14:27:33.928339Z",
            "yes_price": 50,
            "no_price": 50,
            "taker_side": "yes"
        },
        {
            "trade_id": "14c830d9-7a4c-4088-a843-7f5226092269",
            "ticker": "KXHIGHCHI-25APR04-B49.5",
            "count": 20,
            "created_time": "2025-04-04T14:27:33.928339Z",
            "yes_price": 50,
            "no_price": 50,
            "taker_side": "yes"
        },
        {
            "trade_id": "038d1f3e-d63a-4808-bf30-193393005009",
            "ticker": "KXHIGHCHI-25APR04-B49.5",
            "count": 20,
            "created_time": "2025-04-04T14:27:33.928339Z",
            "yes_price": 50,
            "no_price": 50,
            "taker_side": "yes"
        },
        {
            "trade_id": "29fa9111-aadf-47b2-9e27-46101bdc49a1",
            "ticker": "KXHIGHCHI-25APR04-B49.5",
            "count": 20,
            "created_time": "2025-04-04T14:27:27.975703Z",
            "yes_price": 49,
            "no_price": 51,
            "taker_side": "yes"
        },
        {
            "trade_id": "5f8fbac7-2da9-43c6-8ae9-504982981830",
            "ticker": "KXHIGHCHI-25APR04-B49.5",
            "count": 7,
            "created_time": "2025-04-04T14:27:26.243557Z",
            "yes_price": 48,
            "no_price": 52,
            "taker_side": "no"
        },
        {
            "trade_id": "729fb31d-2fdf-4042-b460-462f0528da72",
            "ticker": "KXHIGHCHI-25APR04-B49.5",
            "count": 4,
            "created_time": "2025-04-04T14:27:25.404121Z",
            "yes_price": 48,
            "no_price": 52,
            "taker_side": "no"
        },
        {
            "trade_id": "4f794d30-4e8a-4b12-a08b-918c2671d195",
            "ticker": "KXHIGHCHI-25APR04-B49.5",
            "count": 1,
            "created_time": "2025-04-04T14:27:24.549497Z",
            "yes_price": 48,
            "no_price": 52,
            "taker_side": "no"
        },
        {
            "trade_id": "55919b01-a9e9-452d-8700-d5694f4ba42b",
            "ticker": "KXHIGHCHI-25APR04-B49.5",
            "count": 1,
            "created_time": "2025-04-04T14:27:24.476055Z",
            "yes_price": 48,
            "no_price": 52,
            "taker_side": "yes"
        },
        {
            "trade_id": "ddb57cd2-2d87-4bc1-b88f-868c56ceb5dc",
            "ticker": "KXHIGHCHI-25APR04-B49.5",
            "count": 100,
            "created_time": "2025-04-04T14:27:19.389389Z",
            "yes_price": 47,
            "no_price": 53,
            "taker_side": "yes"
        },
        {
            "trade_id": "3d9dc5be-61b4-48cb-9889-7c9dfd6e20cf",
            "ticker": "KXHIGHCHI-25APR04-B49.5",
            "count": 333,
            "created_time": "2025-04-04T14:27:13.178805Z",
            "yes_price": 45,
            "no_price": 55,
            "taker_side": "yes"
        },
        {
            "trade_id": "a6e05b6d-8bc2-4c7e-b408-fa59455dea02",
            "ticker": "KXHIGHCHI-25APR04-B49.5",
            "count": 7,
            "created_time": "2025-04-04T14:27:06.254886Z",
            "yes_price": 44,
            "no_price": 56,
            "taker_side": "no"
        },
        {
            "trade_id": "82f93e5a-b45f-4040-9046-bd943d72453b",
            "ticker": "KXHIGHCHI-25APR04-B49.5",
            "count": 1,
            "created_time": "2025-04-04T14:27:06.206112Z",
            "yes_price": 44,
            "no_price": 56,
            "taker_side": "yes"
        },
        {
            "trade_id": "1b5737f9-4f09-4228-b503-398b491a522a",
            "ticker": "KXHIGHCHI-25APR04-B49.5",
            "count": 50,
            "created_time": "2025-04-04T14:27:06.206112Z",
            "yes_price": 44,
            "no_price": 56,
            "taker_side": "yes"
        },
        {
            "trade_id": "180994f1-3aed-4217-84d1-ae6a276a820c",
            "ticker": "KXHIGHCHI-25APR04-B49.5",
            "count": 9,
            "created_time": "2025-04-04T14:27:06.206112Z",
            "yes_price": 44,
            "no_price": 56,
            "taker_side": "yes"
        },
        {
            "trade_id": "838514b8-2705-42bc-8201-621c35c8f4ed",
            "ticker": "KXHIGHCHI-25APR04-B49.5",
            "count": 2,
            "created_time": "2025-04-04T14:26:11.748435Z",
            "yes_price": 42,
            "no_price": 58,
            "taker_side": "yes"
        },
        {
            "trade_id": "a7635748-26a3-4f1a-94ce-dfe22bfec91f",
            "ticker": "KXHIGHCHI-25APR04-B49.5",
            "count": 3,
            "created_time": "2025-04-04T14:24:45.177721Z",
            "yes_price": 40,
            "no_price": 60,
            "taker_side": "no"
        },
        {
            "trade_id": "40714c84-00c7-4b83-b63f-1e5dea1008dd",
            "ticker": "KXHIGHCHI-25APR04-B49.5",
            "count": 3,
            "created_time": "2025-04-04T14:24:45.107964Z",
            "yes_price": 40,
            "no_price": 60,
            "taker_side": "yes"
        },
        {
            "trade_id": "cd4713c1-9eaf-4430-bcc8-97a02cf49151",
            "ticker": "KXHIGHCHI-25APR04-B49.5",
            "count": 1,
            "created_time": "2025-04-04T14:23:40.087407Z",
            "yes_price": 39,
            "no_price": 61,
            "taker_side": "yes"
        },
        {
            "trade_id": "b424aa55-2220-4c28-87bb-bd2453516fac",
            "ticker": "KXHIGHCHI-25APR04-B49.5",
            "count": 19,
            "created_time": "2025-04-04T14:23:40.087407Z",
            "yes_price": 42,
            "no_price": 58,
            "taker_side": "yes"
        },
        {
            "trade_id": "76d2bc91-816e-4d18-85cc-72af4fb22981",
            "ticker": "KXHIGHCHI-25APR04-B49.5",
            "count": 1,
            "created_time": "2025-04-04T14:23:40.087407Z",
            "yes_price": 38,
            "no_price": 62,
            "taker_side": "yes"
        },
        {
            "trade_id": "62ac47b5-fe5a-4839-afc7-095ca9de19fd",
            "ticker": "KXHIGHCHI-25APR04-B49.5",
            "count": 1,
            "created_time": "2025-04-04T14:23:40.087407Z",
            "yes_price": 37,
            "no_price": 63,
            "taker_side": "yes"
        },
        {
            "trade_id": "451ef803-d060-4f47-ab00-3b8874163f1d",
            "ticker": "KXHIGHCHI-25APR04-B49.5",
            "count": 2,
            "created_time": "2025-04-04T14:13:01.522591Z",
            "yes_price": 37,
            "no_price": 63,
            "taker_side": "no"
        },
        {
            "trade_id": "0c1d07a8-dc9f-4ce2-bf99-d6afce17f45e",
            "ticker": "KXHIGHCHI-25APR04-B49.5",
            "count": 3,
            "created_time": "2025-04-04T14:09:06.051142Z",
