{
    "KXHIGHCHI-25APR18-T81": [
        {
            "trade_id": "d7a4f456-ed18-4b9a-af33-47f84e3a7298",
            "ticker": "KXHIGHCHI-25APR18-T81",
            "count": 14,
            "created_time": "2025-04-19T01:52:16.476033Z",
            "yes_price": 99,
            "no_price": 1,
            "taker_side": "no"
        },
        {
            "trade_id": "1d9e478a-3e9d-4592-bb4e-9a45d93cf6e5",
            "ticker": "KXHIGHCHI-25APR18-T81",
            "count": 231,
            "created_time": "2025-04-19T01:52:16.476033Z",
            "yes_price": 99,
            "no_price": 1,
            "taker_side": "no"
        },
        {
            "trade_id": "1722649a-004a-4855-a270-ac437b6c9d37",
            "ticker": "KXHIGHCHI-25APR18-T81",
            "count": 50,
            "created_time": "2025-04-18T23:22:01.705924Z",
            "yes_price": 99,
            "no_price": 1,
            "taker_side": "no"
        },
        {
            "trade_id": "091ba8b2-45f2-4833-a2df-be1892d78035",
            "ticker": "KXHIGHCHI-25APR18-T81",
            "count": 300,
            "created_time": "2025-04-18T22:09:17.899992Z",
            "yes_price": 99,
            "no_price": 1,
            "taker_side": "no"
        },
        {
            "trade_id": "033e739f-9f9f-403b-8afb-0a8cf6491468",
            "ticker": "KXHIGHCHI-25APR18-T81",
            "count": 13,
            "created_time": "2025-04-18T21:50:03.978507Z",
            "yes_price": 99,
            "no_price": 1,
            "taker_side": "no"
        },
        {
            "trade_id": "e9f17fa7-7b79-4e5e-a148-bc726fb94e2d",
            "ticker": "KXHIGHCHI-25APR18-T81",
            "count": 35,
            "created_time": "2025-04-18T21:09:50.848198Z",
            "yes_price": 99,
            "no_price": 1,
            "taker_side": "no"
        },
        {
            "trade_id": "488e21ff-6262-40aa-8450-a8f861349886",
            "ticker": "KXHIGHCHI-25APR18-T81",
            "count": 88,
            "created_time": "2025-04-18T21:02:03.247932Z",
            "yes_price": 99,
            "no_price": 1,
            "taker_side": "no"
        },
        {
            "trade_id": "61ef833f-5bdd-4e9c-9136-2fa77f4f9d2b",
            "ticker": "KXHIGHCHI-25APR18-T81",
            "count": 115,
            "created_time": "2025-04-18T20:36:44.449905Z",
            "yes_price": 98,
            "no_price": 2,
            "taker_side": "no"
        },
        {
            "trade_id": "9c93f1de-82d6-4054-8356-7eb1aa0a3481",
            "ticker": "KXHIGHCHI-25APR18-T81",
            "count": 9,
            "created_time": "2025-04-18T20:30:34.395592Z",
            "yes_price": 98,
            "no_price": 2,
            "taker_side": "no"
        },
        {
            "trade_id": "63ac359e-04cb-4415-ac17-0386c6d57dc3",
            "ticker": "KXHIGHCHI-25APR18-T81",
            "count": 9,
            "created_time": "2025-04-18T20:24:44.495235Z",
            "yes_price": 98,
            "no_price": 2,
            "taker_side": "no"
        },
        {
            "trade_id": "75f2a8e7-08ee-4ac3-b09f-ec6aa716d1ff",
            "ticker": "KXHIGHCHI-25APR18-T81",
            "count": 90,
            "created_time": "2025-04-18T20:19:12.031086Z",
            "yes_price": 98,
            "no_price": 2,
            "taker_side": "no"
        },
        {
            "trade_id": "1d42f31c-40d8-4031-b20b-4319002143ad",
            "ticker": "KXHIGHCHI-25APR18-T81",
            "count": 25,
            "created_time": "2025-04-18T20:12:37.405967Z",
            "yes_price": 98,
            "no_price": 2,
            "taker_side": "no"
        },
        {
            "trade_id": "dc17286f-434b-4350-b7f0-81b0e7b3e425",
            "ticker": "KXHIGHCHI-25APR18-T81",
            "count": 31,
            "created_time": "2025-04-18T20:09:02.135362Z",
            "yes_price": 99,
            "no_price": 1,
            "taker_side": "yes"
        },
        {
            "trade_id": "888e1f20-7f81-4c60-b863-bacf1c396023",
            "ticker": "KXHIGHCHI-25APR18-T81",
            "count": 8,
            "created_time": "2025-04-18T20:09:02.135362Z",
            "yes_price": 99,
            "no_price": 1,
            "taker_side": "yes"
        },
        {
            "trade_id": "888cdb20-7493-483c-9f4c-9216c5cf107c",
            "ticker": "KXHIGHCHI-25APR18-T81",
            "count": 200,
            "created_time": "2025-04-18T20:09:02.135362Z",
            "yes_price": 99,
            "no_price": 1,
            "taker_side": "yes"
        },
        {
            "trade_id": "3e04c789-281a-44ae-a835-38d98922162e",
            "ticker": "KXHIGHCHI-25APR18-T81",
            "count": 100,
            "created_time": "2025-04-18T20:09:02.135362Z",
            "yes_price": 99,
            "no_price": 1,
            "taker_side": "yes"
        },
        {
            "trade_id": "609d0a7c-a395-4449-941d-def255d45185",
            "ticker": "KXHIGHCHI-25APR18-T81",
            "count": 40,
            "created_time": "2025-04-18T20:07:28.80345Z",
            "yes_price": 98,
            "no_price": 2,
            "taker_side": "no"
        },
        {
            "trade_id": "db579095-993a-4725-96bf-37cf5a3c4fbe",
            "ticker": "KXHIGHCHI-25APR18-T81",
            "count": 30,
            "created_time": "2025-04-18T19:53:33.016296Z",
            "yes_price": 97,
            "no_price": 3,
            "taker_side": "yes"
        },
        {
            "trade_id": "5e072ad6-c0ac-44eb-9800-e45a1c5e4eb3",
            "ticker": "KXHIGHCHI-25APR18-T81",
            "count": 123,
            "created_time": "2025-04-18T19:53:33.016296Z",
            "yes_price": 99,
            "no_price": 1,
            "taker_side": "yes"
        },
        {
            "trade_id": "46d68190-70a3-41ab-85b8-99131543451e",
            "ticker": "KXHIGHCHI-25APR18-T81",
            "count": 100,
            "created_time": "2025-04-18T19:53:33.016296Z",
            "yes_price": 98,
            "no_price": 2,
            "taker_side": "yes"
        },
        {
            "trade_id": "8512b4a8-f482-4a37-9b10-c37b4d11bd16",
            "ticker": "KXHIGHCHI-25APR18-T81",
            "count": 70,
            "created_time": "2025-04-18T19:48:30.738225Z",
            "yes_price": 97,
            "no_price": 3,
            "taker_side": "yes"
        },
        {
            "trade_id": "f3d8b512-43ca-46b8-8d1d-da603b890a4c",
            "ticker": "KXHIGHCHI-25APR18-T81",
            "count": 2,
            "created_time": "2025-04-18T19:36:18.224795Z",
            "yes_price": 95,
            "no_price": 5,
            "taker_side": "yes"
        },
        {
            "trade_id": "26774575-9dc6-4e99-bb06-4caf86161a18",
            "ticker": "KXHIGHCHI-25APR18-T81",
            "count": 30,
            "created_time": "2025-04-18T19:35:48.188923Z",
            "yes_price": 95,
            "no_price": 5,
            "taker_side": "yes"
        },
        {
            "trade_id": "5b9848bd-a049-4c21-a0ab-4630f02f1468",
            "ticker": "KXHIGHCHI-25APR18-T81",
            "count": 461,
            "created_time": "2025-04-18T19:33:36.859274Z",
            "yes_price": 93,
            "no_price": 7,
            "taker_side": "no"
        },
        {
            "trade_id": "3e82a9d6-d7b1-4980-9176-05a4f20b1a19",
            "ticker": "KXHIGHCHI-25APR18-T81",
            "count": 39,
            "created_time": "2025-04-18T19:33:36.859274Z",
            "yes_price": 94,
            "no_price": 6,
            "taker_side": "no"
        },
        {
            "trade_id": "ed15878f-74f6-4d2b-9cbd-64a9f933ffa0",
            "ticker": "KXHIGHCHI-25APR18-T81",
            "count": 23,
            "created_time": "2025-04-18T19:28:11.458742Z",
            "yes_price": 94,
            "no_price": 6,
            "taker_side": "yes"
        },
        {
            "trade_id": "400e6ce7-f58d-45d5-94f0-d8f1c5dd6625",
            "ticker": "KXHIGHCHI-25APR18-T81",
            "count": 10,
            "created_time": "2025-04-18T19:25:18.0161Z",
            "yes_price": 93,
            "no_price": 7,
            "taker_side": "no"
        },
        {
            "trade_id": "9b801218-fe9c-441d-9ddd-9dd5bb670078",
            "ticker": "KXHIGHCHI-25APR18-T81",
            "count": 19,
            "created_time": "2025-04-18T19:23:39.257954Z",
            "yes_price": 93,
            "no_price": 7,
            "taker_side": "yes"
        },
        {
            "trade_id": "9acdf031-3fdb-4bca-bba7-9932068e27a7",
            "ticker": "KXHIGHCHI-25APR18-T81",
            "count": 20,
            "created_time": "2025-04-18T19:22:36.969933Z",
            "yes_price": 92,
            "no_price": 8,
            "taker_side": "no"
        },
        {
            "trade_id": "694a2f11-40cb-4719-9ee4-fc6008cd1b95",
            "ticker": "KXHIGHCHI-25APR18-T81",
            "count": 22,
            "created_time": "2025-04-18T19:19:13.391024Z",
            "yes_price": 93,
            "no_price": 7,
            "taker_side": "yes"
        },
        {
            "trade_id": "844eda51-4820-433c-903b-0b9905018b43",
            "ticker": "KXHIGHCHI-25APR18-T81",
            "count": 10,
            "created_time": "2025-04-18T19:10:29.941688Z",
            "yes_price": 91,
            "no_price": 9,
            "taker_side": "yes"
        },
        {
            "trade_id": "138ee8c1-8a46-4d0e-a7c6-da1afbb825f6",
            "ticker": "KXHIGHCHI-25APR18-T81",
            "count": 9,
            "created_time": "2025-04-18T19:10:29.941688Z",
            "yes_price": 93,
            "no_price": 7,
            "taker_side": "yes"
        },
        {
            "trade_id": "0ce87447-c633-4660-b15e-880e17de4079",
            "ticker": "KXHIGHCHI-25APR18-T81",
            "count": 8,
            "created_time": "2025-04-18T19:10:06.151311Z",
            "yes_price": 90,
            "no_price": 10,
            "taker_side": "yes"
        },
        {
            "trade_id": "1876aef5-3117-406a-8a7c-86a32b23c0f5",
            "ticker": "KXHIGHCHI-25APR18-T81",
            "count": 2,
            "created_time": "2025-04-18T19:07:11.638509Z",
            "yes_price": 90,
            "no_price": 10,
            "taker_side": "yes"
        },
        {
            "trade_id": "995febd6-3de2-4529-92fe-1f1fa2690b4b",
            "ticker": "KXHIGHCHI-25APR18-T81",
            "count": 23,
            "created_time": "2025-04-18T19:01:56.155656Z",
            "yes_price": 81,
            "no_price": 19,
            "taker_side": "no"
        },
        {
            "trade_id": "62cb2f37-8c68-441b-9667-3a9d0dae6328",
            "ticker": "KXHIGHCHI-25APR18-T81",
            "count": 14,
            "created_time": "2025-04-18T19:00:43.641928Z",
            "yes_price": 90,
            "no_price": 10,
            "taker_side": "yes"
        },
        {
            "trade_id": "d6216b4f-be9c-4e51-acab-2c3bc0f8727f",
            "ticker": "KXHIGHCHI-25APR18-T81",
            "count": 17,
            "created_time": "2025-04-18T19:00:23.975456Z",
            "yes_price": 90,
            "no_price": 10,
            "taker_side": "yes"
        },
        {
            "trade_id": "74b2290f-2288-42f1-8d8e-6e87e9afba30",
            "ticker": "KXHIGHCHI-25APR18-T81",
            "count": 18,
            "created_time": "2025-04-18T18:59:58.734701Z",
            "yes_price": 90,
            "no_price": 10,
            "taker_side": "yes"
        },
        {
            "trade_id": "bfb52771-c7be-4ed2-b8f8-16fce031388c",
            "ticker": "KXHIGHCHI-25APR18-T81",
            "count": 16,
            "created_time": "2025-04-18T18:56:12.512573Z",
            "yes_price": 84,
            "no_price": 16,
            "taker_side": "yes"
        },
        {
            "trade_id": "525971a4-2469-460b-bcd4-0c9e9110c344",
            "ticker": "KXHIGHCHI-25APR18-T81",
            "count": 16,
            "created_time": "2025-04-18T18:50:46.834181Z",
            "yes_price": 83,
            "no_price": 17,
            "taker_side": "yes"
        },
        {
            "trade_id": "d6b5fa94-37ab-4e7b-b22c-015fe3dcfc2d",
            "ticker": "KXHIGHCHI-25APR18-T81",
            "count": 19,
            "created_time": "2025-04-18T18:50:32.237176Z",
            "yes_price": 82,
            "no_price": 18,
            "taker_side": "yes"
        },
        {
            "trade_id": "da65c7c9-aca7-4a70-800a-f8553578502e",
            "ticker": "KXHIGHCHI-25APR18-T81",
            "count": 1,
            "created_time": "2025-04-18T18:49:05.892085Z",
            "yes_price": 82,
            "no_price": 18,
            "taker_side": "yes"
        },
        {
            "trade_id": "82004f95-516f-41cc-a693-5858f712b7e6",
            "ticker": "KXHIGHCHI-25APR18-T81",
            "count": 33,
            "created_time": "2025-04-18T18:43:11.720418Z",
            "yes_price": 74,
            "no_price": 26,
            "taker_side": "no"
        },
        {
            "trade_id": "517d8e7b-372b-4e99-9c7e-e514a552304f",
            "ticker": "KXHIGHCHI-25APR18-T81",
            "count": 4,
            "created_time": "2025-04-18T18:43:11.720418Z",
            "yes_price": 73,
            "no_price": 27,
            "taker_side": "no"
        },
        {
            "trade_id": "e39f71b1-9e66-4d7d-92fe-770d19ac3cc9",
            "ticker": "KXHIGHCHI-25APR18-T81",
            "count": 12,
            "created_time": "2025-04-18T18:37:25.01035Z",
            "yes_price": 81,
            "no_price": 19,
            "taker_side": "no"
        },
        {
            "trade_id": "870fe6aa-1036-43e7-8053-24a30c8d2e9c",
            "ticker": "KXHIGHCHI-25APR18-T81",
            "count": 40,
            "created_time": "2025-04-18T18:37:25.01035Z",
            "yes_price": 81,
            "no_price": 19,
            "taker_side": "no"
        },
        {
            "trade_id": "ccd24d00-2a09-4fb3-a68f-620847642b27",
            "ticker": "KXHIGHCHI-25APR18-T81",
            "count": 15,
            "created_time": "2025-04-18T18:36:19.757721Z",
            "yes_price": 82,
            "no_price": 18,
            "taker_side": "yes"
        },
        {
            "trade_id": "73209268-bb05-457f-b196-3378efb864fc",
            "ticker": "KXHIGHCHI-25APR18-T81",
            "count": 11,
            "created_time": "2025-04-18T18:35:02.394846Z",
            "yes_price": 79,
            "no_price": 21,
            "taker_side": "yes"
        },
        {
            "trade_id": "a88dfc8b-8128-45a1-ba1b-864ea7a610ec",
            "ticker": "KXHIGHCHI-25APR18-T81",
            "count": 25,
            "created_time": "2025-04-18T18:34:50.737468Z",
            "yes_price": 79,
            "no_price": 21,
            "taker_side": "yes"
        },
        {
            "trade_id": "d522fab7-e764-423d-802c-fb0c3089352a",
            "ticker": "KXHIGHCHI-25APR18-T81",
            "count": 1,
            "created_time": "2025-04-18T18:29:49.003992Z",
            "yes_price": 72,
            "no_price": 28,
            "taker_side": "no"
        },
        {
            "trade_id": "5da17b54-e952-4e52-ab02-d5558458d577",
            "ticker": "KXHIGHCHI-25APR18-T81",
            "count": 16,
            "created_time": "2025-04-18T18:25:32.15499Z",
            "yes_price": 81,
            "no_price": 19,
            "taker_side": "yes"
        },
        {
            "trade_id": "382a7b5a-6e37-4ded-aec8-cb9ee59261b9",
            "ticker": "KXHIGHCHI-25APR18-T81",
            "count": 9,
            "created_time": "2025-04-18T18:25:32.15499Z",
            "yes_price": 81,
            "no_price": 19,
            "taker_side": "yes"
        },
        {
            "trade_id": "d44acdd3-45f3-44ad-a530-610060de6708",
            "ticker": "KXHIGHCHI-25APR18-T81",
            "count": 8,
            "created_time": "2025-04-18T18:25:09.493096Z",
            "yes_price": 81,
            "no_price": 19,
            "taker_side": "yes"
        },
        {
            "trade_id": "bcd73f4d-6a6d-49ae-97f4-289d5cc39487",
            "ticker": "KXHIGHCHI-25APR18-T81",
            "count": 50,
            "created_time": "2025-04-18T18:25:09.493096Z",
            "yes_price": 75,
            "no_price": 25,
            "taker_side": "yes"
        },
        {
            "trade_id": "5809bfbd-babe-412c-9a37-c1f8e161e6cc",
            "ticker": "KXHIGHCHI-25APR18-T81",
            "count": 13,
            "created_time": "2025-04-18T18:25:09.493096Z",
            "yes_price": 80,
            "no_price": 20,
            "taker_side": "yes"
        },
        {
            "trade_id": "8a621384-96d2-494e-b40a-b5653dc38d4b",
            "ticker": "KXHIGHCHI-25APR18-T81",
            "count": 2,
            "created_time": "2025-04-18T18:19:12.711809Z",
            "yes_price": 69,
            "no_price": 31,
            "taker_side": "no"
        },
        {
            "trade_id": "e39da5ea-f787-4dd5-bc09-02037214c90b",
            "ticker": "KXHIGHCHI-25APR18-T81",
            "count": 12,
            "created_time": "2025-04-18T18:17:32.841008Z",
            "yes_price": 69,
            "no_price": 31,
            "taker_side": "no"
        },
        {
            "trade_id": "4ca3025c-ea6b-459b-acae-51ad4fa9e6ec",
            "ticker": "KXHIGHCHI-25APR18-T81",
            "count": 2,
            "created_time": "2025-04-18T18:17:11.738148Z",
            "yes_price": 70,
            "no_price": 30,
            "taker_side": "yes"
        },
        {
            "trade_id": "7c80c5d8-2313-43d0-966a-fee58e836ef7",
            "ticker": "KXHIGHCHI-25APR18-T81",
            "count": 5,
            "created_time": "2025-04-18T18:17:02.380756Z",
            "yes_price": 70,
            "no_price": 30,
            "taker_side": "yes"
        },
        {
            "trade_id": "047d494c-4429-4b62-914d-99867ef2b753",
            "ticker": "KXHIGHCHI-25APR18-T81",
            "count": 10,
            "created_time": "2025-04-18T18:16:36.338528Z",
            "yes_price": 70,
            "no_price": 30,
            "taker_side": "yes"
        },
        {
            "trade_id": "f3712d62-f8ef-4cce-86e7-3b28bef80074",
            "ticker": "KXHIGHCHI-25APR18-T81",
            "count": 25,
            "created_time": "2025-04-18T18:16:23.333138Z",
            "yes_price": 70,
            "no_price": 30,
            "taker_side": "yes"
        },
        {
            "trade_id": "e10e4be0-a16d-4f46-84e3-3231cf762fa2",
            "ticker": "KXHIGHCHI-25APR18-T81",
            "count": 20,
            "created_time": "2025-04-18T18:16:12.19001Z",
            "yes_price": 69,
            "no_price": 31,
            "taker_side": "yes"
        },
        {
            "trade_id": "97cb053f-6f97-4ffc-88fc-9abeaed352ec",
            "ticker": "KXHIGHCHI-25APR18-T81",
            "count": 18,
            "created_time": "2025-04-18T18:15:48.55229Z",
            "yes_price": 70,
            "no_price": 30,
            "taker_side": "yes"
        },
        {
            "trade_id": "d2fbdd4f-35f3-4cfe-8826-446d59a30cf7",
            "ticker": "KXHIGHCHI-25APR18-T81",
            "count": 10,
            "created_time": "2025-04-18T18:15:18.924945Z",
            "yes_price": 72,
            "no_price": 28,
            "taker_side": "yes"
        },
        {
            "trade_id": "f999bb63-dcc2-4b98-ac30-4ee1f8b24483",
            "ticker": "KXHIGHCHI-25APR18-T81",
            "count": 21,
            "created_time": "2025-04-18T18:14:04.709487Z",
            "yes_price": 69,
            "no_price": 31,
            "taker_side": "no"
        },
        {
            "trade_id": "e55789c7-227e-4dbd-a6fd-c6842723fd37",
            "ticker": "KXHIGHCHI-25APR18-T81",
            "count": 2,
            "created_time": "2025-04-18T18:14:04.709487Z",
            "yes_price": 56,
            "no_price": 44,
            "taker_side": "no"
        },
        {
            "trade_id": "9ecd700c-1105-4efc-8ece-a318023ae4f6",
            "ticker": "KXHIGHCHI-25APR18-T81",
            "count": 7,
            "created_time": "2025-04-18T18:14:04.709487Z",
            "yes_price": 56,
            "no_price": 44,
            "taker_side": "no"
        },
        {
            "trade_id": "9ebdb568-4200-47d3-bd20-2668268d4a4f",
            "ticker": "KXHIGHCHI-25APR18-T81",
            "count": 4,
            "created_time": "2025-04-18T18:13:58.531024Z",
            "yes_price": 69,
            "no_price": 31,
            "taker_side": "yes"
        },
        {
            "trade_id": "485437e3-6b9b-4e2a-a183-69afbc92a839",
            "ticker": "KXHIGHCHI-25APR18-T81",
            "count": 8,
            "created_time": "2025-04-18T18:13:32.247708Z",
            "yes_price": 69,
            "no_price": 31,
            "taker_side": "yes"
        },
        {
            "trade_id": "d43be6b5-a227-42e0-bcee-bf2363a6563e",
            "ticker": "KXHIGHCHI-25APR18-T81",
            "count": 12,
            "created_time": "2025-04-18T18:11:38.808147Z",
            "yes_price": 57,
            "no_price": 43,
            "taker_side": "no"
        },
        {
            "trade_id": "f7ce6ad5-1351-4deb-b7e8-8448e8b1498a",
            "ticker": "KXHIGHCHI-25APR18-T81",
            "count": 26,
            "created_time": "2025-04-18T18:09:34.490886Z",
            "yes_price": 73,
            "no_price": 27,
            "taker_side": "yes"
        },
        {
            "trade_id": "940c64c9-f8cf-467b-94e9-3e98ec1b7f43",
            "ticker": "KXHIGHCHI-25APR18-T81",
            "count": 10,
            "created_time": "2025-04-18T18:05:50.493056Z",
            "yes_price": 68,
            "no_price": 32,
            "taker_side": "yes"
        },
        {
            "trade_id": "57f8b764-6556-4917-8bcc-bdfa10de6446",
            "ticker": "KXHIGHCHI-25APR18-T81",
            "count": 5,
            "created_time": "2025-04-18T18:05:50.493056Z",
            "yes_price": 69,
            "no_price": 31,
            "taker_side": "yes"
        },
        {
            "trade_id": "961099b6-5ff8-4cf9-908e-6f1edab4ab21",
            "ticker": "KXHIGHCHI-25APR18-T81",
            "count": 10,
            "created_time": "2025-04-18T18:05:37.915945Z",
            "yes_price": 58,
            "no_price": 42,
            "taker_side": "no"
        },
        {
            "trade_id": "d00eb7be-b74e-4bd7-8103-28431596d95a",
            "ticker": "KXHIGHCHI-25APR18-T81",
            "count": 9,
            "created_time": "2025-04-18T18:05:15.94453Z",
            "yes_price": 72,
            "no_price": 28,
            "taker_side": "yes"
        },
        {
            "trade_id": "be472ff2-799a-43c9-8b58-ba37ac0047c2",
            "ticker": "KXHIGHCHI-25APR18-T81",
            "count": 20,
            "created_time": "2025-04-18T18:04:26.365756Z",
            "yes_price": 71,
            "no_price": 29,
            "taker_side": "yes"
        },
        {
            "trade_id": "7a6cc11a-6d5a-4436-b7d3-441dfa000efc",
            "ticker": "KXHIGHCHI-25APR18-T81",
            "count": 46,
            "created_time": "2025-04-18T18:04:26.365756Z",
            "yes_price": 71,
            "no_price": 29,
            "taker_side": "yes"
        },
        {
            "trade_id": "ae8b231e-44ac-40b8-ba83-80fd82e5d024",
            "ticker": "KXHIGHCHI-25APR18-T81",
            "count": 7,
            "created_time": "2025-04-18T18:02:29.406814Z",
            "yes_price": 70,
            "no_price": 30,
            "taker_side": "yes"
        },
        {
            "trade_id": "8fe51e52-c852-4cf2-bfdc-16ce940f289b",
            "ticker": "KXHIGHCHI-25APR18-T81",
            "count": 39,
            "created_time": "2025-04-18T18:02:29.406814Z",
            "yes_price": 67,
            "no_price": 33,
            "taker_side": "yes"
        },
        {
            "trade_id": "274d0db8-a848-44b5-a984-d8b75f27dade",
            "ticker": "KXHIGHCHI-25APR18-T81",
            "count": 34,
            "created_time": "2025-04-18T18:02:29.406814Z",
            "yes_price": 69,
            "no_price": 31,
            "taker_side": "yes"
        },
        {
            "trade_id": "d8b921b1-b623-4ebe-9fbd-20927c9b7473",
            "ticker": "KXHIGHCHI-25APR18-T81",
            "count": 22,
            "created_time": "2025-04-18T17:59:45.631431Z",
            "yes_price": 66,
            "no_price": 34,
            "taker_side": "yes"
        },
        {
            "trade_id": "36b9f8c3-7d22-4c26-9b89-0ae2f07ec63d",
            "ticker": "KXHIGHCHI-25APR18-T81",
            "count": 7,
            "created_time": "2025-04-18T17:59:45.631431Z",
            "yes_price": 67,
            "no_price": 33,
            "taker_side": "yes"
        },
        {
            "trade_id": "8a827863-1499-4842-b188-03f0c51e36d2",
            "ticker": "KXHIGHCHI-25APR18-T81",
            "count": 15,
            "created_time": "2025-04-18T17:54:54.555595Z",
            "yes_price": 63,
            "no_price": 37,
            "taker_side": "yes"
        },
        {
            "trade_id": "e49054bb-80c2-4fe8-b380-eaee56eae5e2",
            "ticker": "KXHIGHCHI-25APR18-T81",
            "count": 170,
            "created_time": "2025-04-18T17:52:19.281922Z",
            "yes_price": 55,
            "no_price": 45,
            "taker_side": "no"
        },
        {
            "trade_id": "2cb37634-f6ac-4346-b604-c8343ecb24c4",
            "ticker": "KXHIGHCHI-25APR18-T81",
            "count": 100,
            "created_time": "2025-04-18T17:51:42.528455Z",
            "yes_price": 55,
            "no_price": 45,
            "taker_side": "no"
        },
        {
            "trade_id": "97280e85-0e06-4340-bfc9-fa4b6f247ef3",
            "ticker": "KXHIGHCHI-25APR18-T81",
            "count": 7,
            "created_time": "2025-04-18T17:51:40.34401Z",
            "yes_price": 60,
            "no_price": 40,
            "taker_side": "yes"
        },
        {
            "trade_id": "5f1af271-50ef-4a1b-b22b-4b90e3efbefe",
            "ticker": "KXHIGHCHI-25APR18-T81",
            "count": 1,
            "created_time": "2025-04-18T17:51:40.34401Z",
            "yes_price": 63,
            "no_price": 37,
            "taker_side": "yes"
        },
        {
            "trade_id": "c9693ac9-7a82-4374-af3e-3a52a2649c50",
            "ticker": "KXHIGHCHI-25APR18-T81",
            "count": 3,
            "created_time": "2025-04-18T17:49:52.249703Z",
            "yes_price": 55,
            "no_price": 45,
            "taker_side": "no"
        },
        {
            "trade_id": "c089d728-95a8-4fb8-9e82-395eef9c3375",
            "ticker": "KXHIGHCHI-25APR18-T81",
            "count": 8,
            "created_time": "2025-04-18T17:49:34.157421Z",
            "yes_price": 56,
            "no_price": 44,
            "taker_side": "no"
        },
        {
            "trade_id": "31f5cbdc-113d-43ac-8735-25d5688253ef",
            "ticker": "KXHIGHCHI-25APR18-T81",
            "count": 12,
            "created_time": "2025-04-18T17:49:34.157421Z",
            "yes_price": 56,
            "no_price": 44,
            "taker_side": "no"
        },
        {
            "trade_id": "a64d2c45-1a15-415a-bc09-2c41ed7afd2f",
            "ticker": "KXHIGHCHI-25APR18-T81",
            "count": 5,
            "created_time": "2025-04-18T17:49:21.781786Z",
            "yes_price": 56,
            "no_price": 44,
            "taker_side": "no"
        },
        {
            "trade_id": "833c299e-23f0-4c44-8fe8-a0aa4fc9b7e9",
            "ticker": "KXHIGHCHI-25APR18-T81",
            "count": 5,
            "created_time": "2025-04-18T17:49:21.781786Z",
            "yes_price": 56,
            "no_price": 44,
            "taker_side": "no"
        },
        {
            "trade_id": "d6be8f5a-d9ad-4638-a010-7449be8c596d",
            "ticker": "KXHIGHCHI-25APR18-T81",
            "count": 47,
            "created_time": "2025-04-18T17:44:37.539986Z",
            "yes_price": 63,
            "no_price": 37,
            "taker_side": "yes"
        },
        {
            "trade_id": "bcbe6cec-7523-4cee-891a-cd429310b14d",
            "ticker": "KXHIGHCHI-25APR18-T81",
            "count": 29,
            "created_time": "2025-04-18T17:44:37.539986Z",
            "yes_price": 57,
            "no_price": 43,
            "taker_side": "yes"
        },
        {
            "trade_id": "9cf399d5-402f-47ce-85b2-d5813fbceb45",
            "ticker": "KXHIGHCHI-25APR18-T81",
            "count": 25,
            "created_time": "2025-04-18T17:44:37.539986Z",
            "yes_price": 64,
            "no_price": 36,
            "taker_side": "yes"
        },
        {
            "trade_id": "78fb0f6f-49c1-44fe-a2f1-4565687e520f",
            "ticker": "KXHIGHCHI-25APR18-T81",
            "count": 10,
            "created_time": "2025-04-18T17:44:37.539986Z",
            "yes_price": 61,
            "no_price": 39,
            "taker_side": "yes"
        },
        {
            "trade_id": "5a391b85-04c4-45b4-bb6d-ff1aff746a0b",
            "ticker": "KXHIGHCHI-25APR18-T81",
            "count": 20,
            "created_time": "2025-04-18T17:43:17.228132Z",
            "yes_price": 50,
            "no_price": 50,
            "taker_side": "no"
        },
        {
            "trade_id": "c81fe3b7-3874-45fe-aa36-6c133d41b2d2",
            "ticker": "KXHIGHCHI-25APR18-T81",
            "count": 1,
            "created_time": "2025-04-18T17:40:38.717732Z",
            "yes_price": 48,
            "no_price": 52,
            "taker_side": "no"
        },
        {
            "trade_id": "8cfe0a3d-014e-443f-813d-e97d16609841",
            "ticker": "KXHIGHCHI-25APR18-T81",
            "count": 15,
            "created_time": "2025-04-18T17:40:38.717732Z",
            "yes_price": 48,
            "no_price": 52,
            "taker_side": "no"
        },
        {
            "trade_id": "e61c620e-062f-4d37-9efc-435cdf7b0e69",
            "ticker": "KXHIGHCHI-25APR18-T81",
            "count": 10,
            "created_time": "2025-04-18T17:39:19.020925Z",
            "yes_price": 45,
            "no_price": 55,
            "taker_side": "yes"
        },
        {
            "trade_id": "c182a1f8-4492-476a-9e20-fae50b5bcea6",
            "ticker": "KXHIGHCHI-25APR18-T81",
            "count": 50,
            "created_time": "2025-04-18T17:39:19.020925Z",
            "yes_price": 47,
            "no_price": 53,
            "taker_side": "yes"
        },
        {
            "trade_id": "da2a8688-9977-44f6-9e35-15ed771f4a98",
            "ticker": "KXHIGHCHI-25APR18-T81",
            "count": 50,
            "created_time": "2025-04-18T17:38:39.744987Z",
            "yes_price": 43,
            "no_price": 57,
            "taker_side": "yes"
        },
        {
            "trade_id": "4186647f-9e1e-4acd-a34e-6a3c32c46de6",
            "ticker": "KXHIGHCHI-25APR18-T81",
            "count": 28,
            "created_time": "2025-04-18T17:38:39.744987Z",
            "yes_price": 41,
            "no_price": 59,
            "taker_side": "yes"
        },
        {
            "trade_id": "1b53a0b3-5621-492a-928f-0837f37def8f",
            "ticker": "KXHIGHCHI-25APR18-T81",
            "count": 2,
            "created_time": "2025-04-18T17:38:39.744987Z",
            "yes_price": 42,
            "no_price": 58,
            "taker_side": "yes"
        },
        {
            "trade_id": "12433aed-ad48-4b1a-b6f3-77da9a294c30",
            "ticker": "KXHIGHCHI-25APR18-T81",
            "count": 10,
            "created_time": "2025-04-18T17:38:03.565019Z",
            "yes_price": 42,
            "no_price": 58,
            "taker_side": "yes"
        },
        {
            "trade_id": "defded8e-0d72-4126-8859-a19f7f974560",
            "ticker": "KXHIGHCHI-25APR18-T81",
            "count": 40,
            "created_time": "2025-04-18T17:37:49.459826Z",
            "yes_price": 41,
            "no_price": 59,
            "taker_side": "yes"
        },
        {
            "trade_id": "635bce5c-7120-4c74-b17b-f7c0bbc99724",
            "ticker": "KXHIGHCHI-25APR18-T81",
            "count": 11,
            "created_time": "2025-04-18T17:37:15.759624Z",
            "yes_price": 42,
            "no_price": 58,
            "taker_side": "yes"
        },
        {
            "trade_id": "7b36ac25-03bc-4f1e-aae6-43288e15985e",
            "ticker": "KXHIGHCHI-25APR18-T81",
            "count": 12,
            "created_time": "2025-04-18T17:35:56.931763Z",
            "yes_price": 35,
            "no_price": 65,
            "taker_side": "yes"
        },
        {
            "trade_id": "cc88a7f5-e95c-4158-8564-589666b26503",
            "ticker": "KXHIGHCHI-25APR18-T81",
            "count": 5,
            "created_time": "2025-04-18T17:35:24.395866Z",
            "yes_price": 41,
            "no_price": 59,
            "taker_side": "yes"
        },
        {
            "trade_id": "c4bd84ae-dd7d-4142-aa9a-bd25c25a1018",
            "ticker": "KXHIGHCHI-25APR18-T81",
            "count": 30,
            "created_time": "2025-04-18T17:35:24.395866Z",
            "yes_price": 41,
            "no_price": 59,
            "taker_side": "yes"
        },
        {
            "trade_id": "21841cd3-2354-43ce-9651-1ab61c378b76",
            "ticker": "KXHIGHCHI-25APR18-T81",
            "count": 21,
            "created_time": "2025-04-18T17:30:51.975988Z",
            "yes_price": 28,
            "no_price": 72,
            "taker_side": "yes"
        },
        {
            "trade_id": "2b31cff5-f645-497b-a583-1a239f3e72a2",
            "ticker": "KXHIGHCHI-25APR18-T81",
            "count": 12,
            "created_time": "2025-04-18T17:30:33.44414Z",
            "yes_price": 23,
            "no_price": 77,
            "taker_side": "no"
        },
        {
            "trade_id": "d7d76a0b-9bf0-4ad7-8fc9-7639ce02bace",
            "ticker": "KXHIGHCHI-25APR18-T81",
            "count": 15,
            "created_time": "2025-04-18T17:28:29.114612Z",
            "yes_price": 39,
            "no_price": 61,
            "taker_side": "yes"
        },
        {
            "trade_id": "a59dee55-1f79-429d-b004-17883a0336b4",
            "ticker": "KXHIGHCHI-25APR18-T81",
            "count": 50,
            "created_time": "2025-04-18T17:28:29.114612Z",
            "yes_price": 38,
            "no_price": 62,
            "taker_side": "yes"
        },
        {
            "trade_id": "df0c1fcb-2a45-4e40-8981-c8f283e3f6c6",
            "ticker": "KXHIGHCHI-25APR18-T81",
            "count": 34,
            "created_time": "2025-04-18T17:27:14.935599Z",
            "yes_price": 56,
            "no_price": 44,
            "taker_side": "yes"
        },
        {
            "trade_id": "89733801-51bb-4870-9b25-57bd65361f04",
            "ticker": "KXHIGHCHI-25APR18-T81",
            "count": 19,
            "created_time": "2025-04-18T17:27:14.935599Z",
            "yes_price": 55,
            "no_price": 45,
            "taker_side": "yes"
        },
        {
            "trade_id": "0d5dcdea-b519-47c4-81b7-0be43a01ec74",
            "ticker": "KXHIGHCHI-25APR18-T81",
            "count": 20,
            "created_time": "2025-04-18T17:27:14.935599Z",
            "yes_price": 44,
            "no_price": 56,
            "taker_side": "yes"
        },
        {
            "trade_id": "cdf7ac85-2a2d-43a5-9ba4-77ab067bd379",
            "ticker": "KXHIGHCHI-25APR18-T81",
            "count": 26,
            "created_time": "2025-04-18T17:26:35.37146Z",
            "yes_price": 40,
            "no_price": 60,
            "taker_side": "yes"
        },
        {
            "trade_id": "3b2d9f6f-5b08-4c84-ba65-ee2e81567b87",
            "ticker": "KXHIGHCHI-25APR18-T81",
            "count": 26,
            "created_time": "2025-04-18T17:26:13.113817Z",
            "yes_price": 24,
            "no_price": 76,
            "taker_side": "yes"
        },
        {
            "trade_id": "1aee0d88-0803-4d77-a415-7daf87299b03",
            "ticker": "KXHIGHCHI-25APR18-T81",
            "count": 1,
            "created_time": "2025-04-18T17:26:13.113817Z",
            "yes_price": 24,
            "no_price": 76,
            "taker_side": "yes"
        },
        {
            "trade_id": "f7ca9c64-c8b4-4f4b-b8e6-a877df91869d",
            "ticker": "KXHIGHCHI-25APR18-T81",
            "count": 2,
            "created_time": "2025-04-18T17:26:05.879516Z",
            "yes_price": 21,
            "no_price": 79,
            "taker_side": "no"
        },
        {
            "trade_id": "a41adfd2-a562-45ab-b53d-276b9890a9d3",
            "ticker": "KXHIGHCHI-25APR18-T81",
            "count": 1,
            "created_time": "2025-04-18T17:26:05.879516Z",
            "yes_price": 21,
            "no_price": 79,
            "taker_side": "no"
        },
        {
            "trade_id": "0df25f21-8170-4643-bf0a-938411079e2c",
            "ticker": "KXHIGHCHI-25APR18-T81",
            "count": 20,
            "created_time": "2025-04-18T17:25:47.534194Z",
            "yes_price": 24,
            "no_price": 76,
            "taker_side": "no"
        },
        {
            "trade_id": "b1d24de3-893d-4eff-aa7d-62ee8ee7d3b9",
            "ticker": "KXHIGHCHI-25APR18-T81",
            "count": 2,
            "created_time": "2025-04-18T17:21:29.676618Z",
            "yes_price": 48,
            "no_price": 52,
            "taker_side": "yes"
        },
        {
            "trade_id": "9a5ce308-9160-43ff-bc51-dcffe78fd749",
            "ticker": "KXHIGHCHI-25APR18-T81",
            "count": 23,
            "created_time": "2025-04-18T17:21:29.676618Z",
            "yes_price": 24,
            "no_price": 76,
            "taker_side": "yes"
        },
        {
            "trade_id": "fd0e12a1-6f50-453e-9028-929d59a7eef9",
            "ticker": "KXHIGHCHI-25APR18-T81",
            "count": 2,
            "created_time": "2025-04-18T17:20:31.556824Z",
            "yes_price": 36,
            "no_price": 64,
            "taker_side": "yes"
        },
        {
            "trade_id": "e7e32a40-807b-4519-8134-ec1b19079800",
            "ticker": "KXHIGHCHI-25APR18-T81",
            "count": 50,
            "created_time": "2025-04-18T17:20:31.556824Z",
            "yes_price": 38,
            "no_price": 62,
            "taker_side": "yes"
        },
        {
            "trade_id": "7d93bf70-d5a5-42df-8dd3-7570b6df6f34",
            "ticker": "KXHIGHCHI-25APR18-T81",
            "count": 50,
            "created_time": "2025-04-18T17:19:37.356726Z",
            "yes_price": 26,
            "no_price": 74,
            "taker_side": "yes"
        },
        {
            "trade_id": "6e05019d-31f1-4677-aa25-492353170fa7",
            "ticker": "KXHIGHCHI-25APR18-T81",
            "count": 13,
            "created_time": "2025-04-18T17:19:37.356726Z",
            "yes_price": 24,
            "no_price": 76,
            "taker_side": "yes"
        },
        {
            "trade_id": "cfbb7c85-7291-4aae-9507-45c40222ddf3",
            "ticker": "KXHIGHCHI-25APR18-T81",
            "count": 10,
            "created_time": "2025-04-18T17:19:02.463469Z",
            "yes_price": 24,
            "no_price": 76,
            "taker_side": "yes"
        },
        {
            "trade_id": "bb34111e-39c8-408b-9ca2-02cd2db0a474",
            "ticker": "KXHIGHCHI-25APR18-T81",
            "count": 10,
            "created_time": "2025-04-18T17:19:02.463469Z",
            "yes_price": 23,
            "no_price": 77,
            "taker_side": "yes"
        },
        {
            "trade_id": "b7c473df-cca9-4be3-8e18-53b45a2e6952",
            "ticker": "KXHIGHCHI-25APR18-T81",
            "count": 20,
            "created_time": "2025-04-18T17:19:02.463469Z",
            "yes_price": 23,
            "no_price": 77,
            "taker_side": "yes"
        },
        {
            "trade_id": "f63a1fb2-1cfc-4e5f-a3ac-f224f2a2c7ae",
            "ticker": "KXHIGHCHI-25APR18-T81",
            "count": 50,
            "created_time": "2025-04-18T17:16:52.467439Z",
            "yes_price": 12,
            "no_price": 88,
            "taker_side": "no"
        },
        {
            "trade_id": "ecd6369a-ab30-42d9-8959-6e1145d7fb2c",
            "ticker": "KXHIGHCHI-25APR18-T81",
            "count": 56,
            "created_time": "2025-04-18T17:16:52.467439Z",
            "yes_price": 11,
            "no_price": 89,
            "taker_side": "no"
        },
        {
            "trade_id": "de0b192f-c7f9-42bc-a15b-0c1d13bd4275",
            "ticker": "KXHIGHCHI-25APR18-T81",
            "count": 5,
            "created_time": "2025-04-18T17:16:52.467439Z",
            "yes_price": 10,
            "no_price": 90,
            "taker_side": "no"
        },
        {
            "trade_id": "97f2a592-2b8e-4d52-b130-f736005b83e6",
            "ticker": "KXHIGHCHI-25APR18-T81",
            "count": 1,
            "created_time": "2025-04-18T17:14:56.75511Z",
            "yes_price": 22,
            "no_price": 78,
            "taker_side": "yes"
        },
        {
            "trade_id": "c5c4f044-3cfb-4b07-8c82-39f50df87cb6",
            "ticker": "KXHIGHCHI-25APR18-T81",
            "count": 50,
            "created_time": "2025-04-18T17:09:50.549063Z",
            "yes_price": 10,
            "no_price": 90,
            "taker_side": "no"
        },
        {
            "trade_id": "9911365d-aa4a-48a6-9652-f2323ca53a6f",
            "ticker": "KXHIGHCHI-25APR18-T81",
            "count": 50,
            "created_time": "2025-04-18T17:09:50.549063Z",
            "yes_price": 11,
            "no_price": 89,
            "taker_side": "no"
        },
        {
            "trade_id": "c464c32a-ad01-4830-8662-25567b2c766d",
            "ticker": "KXHIGHCHI-25APR18-T81",
            "count": 4,
            "created_time": "2025-04-18T16:55:21.31793Z",
            "yes_price": 23,
            "no_price": 77,
            "taker_side": "yes"
        },
        {
            "trade_id": "0e8990eb-c36c-4225-a9fb-04262c2a13d7",
            "ticker": "KXHIGHCHI-25APR18-T81",
            "count": 10,
            "created_time": "2025-04-18T16:39:13.445067Z",
            "yes_price": 4,
            "no_price": 96,
            "taker_side": "no"
        },
        {
            "trade_id": "dbf2970e-f173-43b5-aebc-469fd4febc76",
            "ticker": "KXHIGHCHI-25APR18-T81",
            "count": 2,
            "created_time": "2025-04-18T16:37:05.10237Z",
            "yes_price": 32,
            "no_price": 68,
            "taker_side": "no"
        },
        {
            "trade_id": "c904c762-fa2e-4f5a-b368-991564c1f2a0",
            "ticker": "KXHIGHCHI-25APR18-T81",
            "count": 48,
            "created_time": "2025-04-18T16:35:54.672657Z",
            "yes_price": 33,
            "no_price": 67,
            "taker_side": "no"
        },
        {
            "trade_id": "ffa40824-0925-4d02-8eb2-07a7ad9aedd2",
            "ticker": "KXHIGHCHI-25APR18-T81",
            "count": 50,
            "created_time": "2025-04-18T16:35:44.712208Z",
            "yes_price": 35,
            "no_price": 65,
            "taker_side": "no"
        },
        {
            "trade_id": "7ba8ca6e-ee86-4bd1-94ab-fbf734ba343c",
            "ticker": "KXHIGHCHI-25APR18-T81",
            "count": 10,
            "created_time": "2025-04-18T16:35:44.712208Z",
            "yes_price": 36,
            "no_price": 64,
            "taker_side": "no"
        },
        {
            "trade_id": "5a29f31a-a59c-46b1-b1ca-49410385e86a",
            "ticker": "KXHIGHCHI-25APR18-T81",
            "count": 5,
            "created_time": "2025-04-18T16:35:24.571204Z",
            "yes_price": 33,
            "no_price": 67,
            "taker_side": "yes"
        },
        {
            "trade_id": "002592d6-f025-4390-8bd6-ee17df4f494a",
            "ticker": "KXHIGHCHI-25APR18-T81",
            "count": 13,
            "created_time": "2025-04-18T16:35:16.851958Z",
            "yes_price": 32,
            "no_price": 68,
            "taker_side": "yes"
        },
        {
            "trade_id": "b67a4178-34be-4de3-95cc-91717521e03d",
            "ticker": "KXHIGHCHI-25APR18-T81",
            "count": 6,
            "created_time": "2025-04-18T16:34:48.531309Z",
            "yes_price": 32,
            "no_price": 68,
            "taker_side": "yes"
        },
        {
            "trade_id": "ac1a69df-3a06-46b0-afdb-b16d66295155",
            "ticker": "KXHIGHCHI-25APR18-T81",
            "count": 5,
            "created_time": "2025-04-18T16:31:05.917418Z",
            "yes_price": 22,
            "no_price": 78,
            "taker_side": "no"
        },
        {
            "trade_id": "629ac394-3621-4e0e-92c2-1d83f74855e0",
            "ticker": "KXHIGHCHI-25APR18-T81",
            "count": 10,
            "created_time": "2025-04-18T16:31:05.917418Z",
            "yes_price": 22,
            "no_price": 78,
            "taker_side": "no"
        },
        {
            "trade_id": "7c618768-7949-4e30-aeff-7d78159dff04",
            "ticker": "KXHIGHCHI-25APR18-T81",
            "count": 23,
            "created_time": "2025-04-18T16:30:38.153335Z",
            "yes_price": 24,
            "no_price": 76,
            "taker_side": "yes"
        },
        {
            "trade_id": "db95e947-7bda-4d10-bf20-6c7f3015d14f",
            "ticker": "KXHIGHCHI-25APR18-T81",
            "count": 5,
            "created_time": "2025-04-18T16:29:39.464396Z",
            "yes_price": 22,
            "no_price": 78,
            "taker_side": "no"
        },
        {
            "trade_id": "e3bef02b-f098-4b32-a3c9-33a163f54dfc",
            "ticker": "KXHIGHCHI-25APR18-T81",
            "count": 200,
            "created_time": "2025-04-18T16:26:43.335192Z",
            "yes_price": 31,
            "no_price": 69,
            "taker_side": "yes"
        },
        {
            "trade_id": "cfb09d9e-b175-42c6-9ab6-bcd1bfe0789b",
            "ticker": "KXHIGHCHI-25APR18-T81",
            "count": 2,
            "created_time": "2025-04-18T16:26:43.335192Z",
            "yes_price": 22,
            "no_price": 78,
            "taker_side": "yes"
        },
        {
            "trade_id": "bfa5a7b8-ee29-4e11-b116-bf3e1e15db15",
            "ticker": "KXHIGHCHI-25APR18-T81",
            "count": 27,
            "created_time": "2025-04-18T16:26:43.335192Z",
            "yes_price": 31,
            "no_price": 69,
            "taker_side": "yes"
        },
        {
            "trade_id": "74438902-c982-46ab-838e-7b9132cc141d",
            "ticker": "KXHIGHCHI-25APR18-T81",
            "count": 15,
            "created_time": "2025-04-18T16:26:43.335192Z",
            "yes_price": 30,
            "no_price": 70,
            "taker_side": "yes"
        },
        {
            "trade_id": "64cd90d4-3734-4c9d-b6d3-1f0f3db852c8",
            "ticker": "KXHIGHCHI-25APR18-T81",
            "count": 9,
            "created_time": "2025-04-18T16:26:43.335192Z",
            "yes_price": 24,
            "no_price": 76,
            "taker_side": "yes"
        },
        {
            "trade_id": "51feebee-615d-44c0-96aa-ba7d6ff8efb2",
            "ticker": "KXHIGHCHI-25APR18-T81",
            "count": 518,
            "created_time": "2025-04-18T16:26:43.335192Z",
            "yes_price": 32,
            "no_price": 68,
            "taker_side": "yes"
        },
        {
            "trade_id": "43aff905-fcb2-4210-98e3-2c4973c912a7",
            "ticker": "KXHIGHCHI-25APR18-T81",
            "count": 50,
            "created_time": "2025-04-18T16:26:43.335192Z",
            "yes_price": 23,
            "no_price": 77,
            "taker_side": "yes"
        },
        {
            "trade_id": "2180a387-78d5-47a8-afb4-d1ea88904221",
            "ticker": "KXHIGHCHI-25APR18-T81",
            "count": 8,
            "created_time": "2025-04-18T16:26:43.335192Z",
            "yes_price": 31,
            "no_price": 69,
            "taker_side": "yes"
        },
        {
            "trade_id": "f7ea1252-bb37-4a55-bc43-44f98edf0ef8",
            "ticker": "KXHIGHCHI-25APR18-T81",
            "count": 20,
            "created_time": "2025-04-18T16:23:25.789498Z",
            "yes_price": 22,
            "no_price": 78,
            "taker_side": "yes"
        },
        {
            "trade_id": "d597f692-3d20-4682-8a53-e11e38cd9a24",
            "ticker": "KXHIGHCHI-25APR18-T81",
            "count": 100,
            "created_time": "2025-04-18T16:23:25.789498Z",
            "yes_price": 23,
            "no_price": 77,
            "taker_side": "yes"
        },
        {
            "trade_id": "5c1b0f23-71d2-4166-87c9-1b3728b21a99",
            "ticker": "KXHIGHCHI-25APR18-T81",
            "count": 1,
            "created_time": "2025-04-18T16:23:25.789498Z",
            "yes_price": 18,
            "no_price": 82,
            "taker_side": "yes"
        },
        {
            "trade_id": "32eb01d8-807b-4e1a-af9a-30b12c45d640",
            "ticker": "KXHIGHCHI-25APR18-T81",
            "count": 200,
            "created_time": "2025-04-18T16:23:25.789498Z",
            "yes_price": 22,
            "no_price": 78,
            "taker_side": "yes"
        },
        {
            "trade_id": "06d49800-f478-4c47-9576-f9341b66f83a",
            "ticker": "KXHIGHCHI-25APR18-T81",
            "count": 50,
            "created_time": "2025-04-18T16:23:25.789498Z",
            "yes_price": 21,
            "no_price": 79,
            "taker_side": "yes"
        },
        {
            "trade_id": "a1508dfa-8cc8-4178-b4f7-a93726a58293",
            "ticker": "KXHIGHCHI-25APR18-T81",
            "count": 2,
            "created_time": "2025-04-18T16:23:17.416576Z",
            "yes_price": 11,
            "no_price": 89,
            "taker_side": "no"
        },
        {
            "trade_id": "1573a300-81de-4501-b255-9aa5eb848d73",
            "ticker": "KXHIGHCHI-25APR18-T81",
            "count": 5,
            "created_time": "2025-04-18T16:21:14.328772Z",
            "yes_price": 9,
            "no_price": 91,
            "taker_side": "no"
        },
        {
            "trade_id": "717bcece-f3d2-4176-b6cc-e30d5b788b5f",
            "ticker": "KXHIGHCHI-25APR18-T81",
            "count": 23,
            "created_time": "2025-04-18T16:20:51.164478Z",
            "yes_price": 15,
            "no_price": 85,
            "taker_side": "yes"
        },
        {
            "trade_id": "7159b896-6dac-445f-a587-f23217af5362",
            "ticker": "KXHIGHCHI-25APR18-T81",
            "count": 2,
            "created_time": "2025-04-18T16:20:51.164478Z",
            "yes_price": 12,
            "no_price": 88,
            "taker_side": "yes"
        },
        {
            "trade_id": "c0c7714c-7438-45c4-be0d-88b760a22b8c",
            "ticker": "KXHIGHCHI-25APR18-T81",
            "count": 12,
            "created_time": "2025-04-18T16:19:14.149737Z",
            "yes_price": 6,
            "no_price": 94,
            "taker_side": "no"
        },
        {
            "trade_id": "91ff137b-e283-4db8-9fb0-30a7938b503d",
            "ticker": "KXHIGHCHI-25APR18-T81",
            "count": 48,
            "created_time": "2025-04-18T16:18:56.890543Z",
            "yes_price": 7,
            "no_price": 93,
            "taker_side": "no"
        },
        {
            "trade_id": "8268408a-23d7-4cf2-a742-8ec14757b680",
            "ticker": "KXHIGHCHI-25APR18-T81",
            "count": 2,
            "created_time": "2025-04-18T16:18:00.668828Z",
            "yes_price": 7,
            "no_price": 93,
            "taker_side": "no"
        },
        {
            "trade_id": "6e51cb8c-c0b2-4848-9357-19804962855c",
            "ticker": "KXHIGHCHI-25APR18-T81",
            "count": 60,
            "created_time": "2025-04-18T16:17:11.802988Z",
            "yes_price": 10,
            "no_price": 90,
            "taker_side": "no"
        },
        {
            "trade_id": "ca12631f-9a6f-41a7-8f29-a473cd90eb33",
            "ticker": "KXHIGHCHI-25APR18-T81",
            "count": 2,
            "created_time": "2025-04-18T16:16:59.273603Z",
            "yes_price": 11,
            "no_price": 89,
            "taker_side": "no"
        },
        {
            "trade_id": "a95d9330-4405-494e-9dcf-c6e559236245",
            "ticker": "KXHIGHCHI-25APR18-T81",
            "count": 38,
            "created_time": "2025-04-18T16:05:00.886146Z",
            "yes_price": 22,
            "no_price": 78,
            "taker_side": "yes"
        },
        {
            "trade_id": "d95a6bc2-f1ae-4f79-b41d-bcb23df5bab5",
            "ticker": "KXHIGHCHI-25APR18-T81",
            "count": 10,
            "created_time": "2025-04-18T15:54:29.642418Z",
            "yes_price": 23,
            "no_price": 77,
            "taker_side": "yes"
        },
        {
            "trade_id": "3585f607-f1ec-4cca-b366-30abd399079b",
            "ticker": "KXHIGHCHI-25APR18-T81",
            "count": 14,
            "created_time": "2025-04-18T15:54:29.642418Z",
            "yes_price": 24,
            "no_price": 76,
            "taker_side": "yes"
        },
        {
            "trade_id": "18d5e6c3-4049-4ab9-b286-788dcde065f8",
            "ticker": "KXHIGHCHI-25APR18-T81",
            "count": 15,
            "created_time": "2025-04-18T15:54:29.642418Z",
            "yes_price": 20,
            "no_price": 80,
            "taker_side": "yes"
        },
        {
            "trade_id": "1757e106-97b5-4be6-ba68-88ce45dd388a",
            "ticker": "KXHIGHCHI-25APR18-T81",
            "count": 3,
            "created_time": "2025-04-18T15:54:29.642418Z",
            "yes_price": 19,
            "no_price": 81,
            "taker_side": "yes"
        },
        {
            "trade_id": "c183d5a9-531f-45b3-a47b-0909b9632f01",
            "ticker": "KXHIGHCHI-25APR18-T81",
            "count": 50,
            "created_time": "2025-04-18T15:50:06.684398Z",
            "yes_price": 12,
            "no_price": 88,
            "taker_side": "no"
        },
        {
            "trade_id": "66c69585-936d-42c0-8ad7-7434ba01ce25",
            "ticker": "KXHIGHCHI-25APR18-T81",
            "count": 10,
            "created_time": "2025-04-18T15:50:06.684398Z",
            "yes_price": 13,
            "no_price": 87,
            "taker_side": "no"
        },
        {
            "trade_id": "d516a21c-a3d9-4a29-9809-835169ca1c5f",
            "ticker": "KXHIGHCHI-25APR18-T81",
            "count": 1,
            "created_time": "2025-04-18T15:49:35.254951Z",
            "yes_price": 18,
            "no_price": 82,
            "taker_side": "yes"
        },
        {
            "trade_id": "48697fde-ad02-40b4-bb58-d7e4667638ce",
            "ticker": "KXHIGHCHI-25APR18-T81",
            "count": 19,
            "created_time": "2025-04-18T15:49:35.254951Z",
            "yes_price": 19,
            "no_price": 81,
            "taker_side": "yes"
        },
        {
            "trade_id": "dbda1f3c-83f4-43ab-b591-9bdb563e97b4",
            "ticker": "KXHIGHCHI-25APR18-T81",
            "count": 14,
            "created_time": "2025-04-18T15:49:23.283079Z",
            "yes_price": 13,
            "no_price": 87,
            "taker_side": "no"
        },
        {
            "trade_id": "44a45ab8-7c87-4920-8492-17673651539c",
            "ticker": "KXHIGHCHI-25APR18-T81",
            "count": 25,
            "created_time": "2025-04-18T15:49:07.578888Z",
            "yes_price": 13,
            "no_price": 87,
            "taker_side": "no"
        },
        {
            "trade_id": "cf5c52a0-d9be-43a4-9d80-137239e0abae",
            "ticker": "KXHIGHCHI-25APR18-T81",
            "count": 80,
            "created_time": "2025-04-18T15:41:36.748743Z",
            "yes_price": 11,
            "no_price": 89,
            "taker_side": "yes"
        },
        {
            "trade_id": "5a5162bb-38d4-4c6f-bd7d-24532b7db6c0",
            "ticker": "KXHIGHCHI-25APR18-T81",
            "count": 50,
            "created_time": "2025-04-18T15:41:36.748743Z",
            "yes_price": 11,
            "no_price": 89,
            "taker_side": "yes"
        },
        {
            "trade_id": "4a87886a-f0ea-4996-9f77-d528b0ea8f43",
            "ticker": "KXHIGHCHI-25APR18-T81",
            "count": 19,
            "created_time": "2025-04-18T15:41:36.748743Z",
            "yes_price": 19,
            "no_price": 81,
            "taker_side": "yes"
        },
        {
            "trade_id": "3cc1d8e6-35e7-4bc1-b721-7bf8843fd382",
            "ticker": "KXHIGHCHI-25APR18-T81",
            "count": 18,
            "created_time": "2025-04-18T15:41:36.748743Z",
            "yes_price": 19,
            "no_price": 81,
            "taker_side": "yes"
        },
        {
            "trade_id": "39d3c8da-f2ab-4114-af95-689d9ae2e483",
            "ticker": "KXHIGHCHI-25APR18-T81",
            "count": 14,
            "created_time": "2025-04-18T15:41:36.748743Z",
            "yes_price": 21,
            "no_price": 79,
            "taker_side": "yes"
        },
        {
            "trade_id": "21e67ee5-87b0-4cc9-896e-6291b5d35377",
            "ticker": "KXHIGHCHI-25APR18-T81",
            "count": 3,
            "created_time": "2025-04-18T15:41:36.748743Z",
            "yes_price": 10,
            "no_price": 90,
            "taker_side": "yes"
        },
        {
            "trade_id": "14437e61-a952-4685-92ad-9f6080072fb4",
            "ticker": "KXHIGHCHI-25APR18-T81",
            "count": 2,
            "created_time": "2025-04-18T15:41:36.748743Z",
            "yes_price": 21,
            "no_price": 79,
            "taker_side": "yes"
        },
        {
            "trade_id": "07b191db-b26b-48c3-9b33-a4e07cbbd19f",
            "ticker": "KXHIGHCHI-25APR18-T81",
            "count": 18,
            "created_time": "2025-04-18T15:41:36.748743Z",
            "yes_price": 18,
            "no_price": 82,
            "taker_side": "yes"
        },
        {
            "trade_id": "b3d6714b-b624-4ea3-a593-e26302d9954b",
            "ticker": "KXHIGHCHI-25APR18-T81",
            "count": 3,
            "created_time": "2025-04-18T15:33:06.859056Z",
            "yes_price": 9,
            "no_price": 91,
            "taker_side": "no"
        },
        {
            "trade_id": "537e7ca4-a729-4b8b-acff-7d3b40628ef3",
            "ticker": "KXHIGHCHI-25APR18-T81",
            "count": 5,
            "created_time": "2025-04-18T15:29:30.768213Z",
            "yes_price": 7,
            "no_price": 93,
            "taker_side": "no"
        },
        {
            "trade_id": "5ef6dfb6-9aeb-4609-b257-fd373329ab59",
            "ticker": "KXHIGHCHI-25APR18-T81",
            "count": 2,
            "created_time": "2025-04-18T15:26:23.977076Z",
            "yes_price": 17,
            "no_price": 83,
            "taker_side": "yes"
        },
        {
            "trade_id": "563354db-90b7-4af8-ad35-779edb2c0057",
            "ticker": "KXHIGHCHI-25APR18-T81",
            "count": 4,
            "created_time": "2025-04-18T15:26:20.439564Z",
            "yes_price": 2,
            "no_price": 98,
            "taker_side": "no"
        },
        {
            "trade_id": "865432e1-6a66-40cc-9f1d-983d6687d224",
            "ticker": "KXHIGHCHI-25APR18-T81",
            "count": 1,
            "created_time": "2025-04-18T15:25:13.459923Z",
            "yes_price": 2,
            "no_price": 98,
            "taker_side": "no"
        },
        {
            "trade_id": "9a196bde-1024-4782-9e34-ce2992baaa1c",
            "ticker": "KXHIGHCHI-25APR18-T81",
            "count": 12,
            "created_time": "2025-04-18T15:22:42.469604Z",
            "yes_price": 2,
            "no_price": 98,
            "taker_side": "no"
        },
        {
            "trade_id": "d0c3a1a5-e3b5-4ce4-9cdb-f5e19936adaa",
            "ticker": "KXHIGHCHI-25APR18-T81",
            "count": 200,
            "created_time": "2025-04-18T15:22:27.835491Z",
            "yes_price": 10,
            "no_price": 90,
            "taker_side": "no"
        },
        {
            "trade_id": "43e27205-4f31-46c3-a5a0-b32d5e76f228",
            "ticker": "KXHIGHCHI-25APR18-T81",
            "count": 1,
            "created_time": "2025-04-18T15:22:27.835491Z",
            "yes_price": 10,
            "no_price": 90,
            "taker_side": "no"
        },
        {
            "trade_id": "cf2fd185-7cf5-435a-9e2d-1ba69d8ca6ae",
            "ticker": "KXHIGHCHI-25APR18-T81",
            "count": 13,
            "created_time": "2025-04-18T15:18:13.682957Z",
            "yes_price": 11,
            "no_price": 89,
            "taker_side": "no"
        },
        {
            "trade_id": "9ef7d935-9255-4603-befb-b42b6352b0ea",
            "ticker": "KXHIGHCHI-25APR18-T81",
            "count": 2,
            "created_time": "2025-04-18T15:18:13.682957Z",
            "yes_price": 11,
            "no_price": 89,
            "taker_side": "no"
        },
        {
            "trade_id": "9c86d116-85e6-4d96-bdac-487cbd41ae73",
            "ticker": "KXHIGHCHI-25APR18-T81",
            "count": 40,
            "created_time": "2025-04-18T15:16:25.616149Z",
            "yes_price": 12,
            "no_price": 88,
            "taker_side": "yes"
        },
        {
            "trade_id": "5e029733-e1e2-47ad-87b1-1637d361d7c1",
            "ticker": "KXHIGHCHI-25APR18-T81",
            "count": 2,
            "created_time": "2025-04-18T15:16:25.616149Z",
            "yes_price": 11,
            "no_price": 89,
            "taker_side": "yes"
        },
        {
            "trade_id": "340ceb51-7913-4882-adaa-c01fdfdbf61e",
            "ticker": "KXHIGHCHI-25APR18-T81",
            "count": 13,
            "created_time": "2025-04-18T15:16:25.616149Z",
            "yes_price": 17,
            "no_price": 83,
            "taker_side": "yes"
        },
        {
            "trade_id": "297fc936-46b3-4de4-a365-425536f7466a",
            "ticker": "KXHIGHCHI-25APR18-T81",
            "count": 44,
            "created_time": "2025-04-18T15:16:25.616149Z",
            "yes_price": 18,
            "no_price": 82,
            "taker_side": "yes"
        },
        {
            "trade_id": "0f4e6968-b04d-4f44-a0a3-bd32fd69d848",
            "ticker": "KXHIGHCHI-25APR18-T81",
            "count": 50,
            "created_time": "2025-04-18T15:16:25.616149Z",
            "yes_price": 11,
            "no_price": 89,
            "taker_side": "yes"
        },
        {
            "trade_id": "feb3ea90-32c0-4257-9ef7-e351f8eee0f1",
            "ticker": "KXHIGHCHI-25APR18-T81",
            "count": 163,
            "created_time": "2025-04-18T15:07:51.054816Z",
            "yes_price": 10,
            "no_price": 90,
            "taker_side": "yes"
        },
        {
            "trade_id": "5101309d-78cb-495c-abfd-b14ebab3af3c",
            "ticker": "KXHIGHCHI-25APR18-T81",
            "count": 3,
            "created_time": "2025-04-18T15:07:51.054816Z",
            "yes_price": 10,
            "no_price": 90,
            "taker_side": "yes"
        },
        {
            "trade_id": "d3a1dfef-1f88-4d9d-b62c-ef6718b05d9e",
            "ticker": "KXHIGHCHI-25APR18-T81",
            "count": 50,
            "created_time": "2025-04-18T15:07:37.955692Z",
            "yes_price": 9,
            "no_price": 91,
            "taker_side": "yes"
        },
        {
            "trade_id": "70530369-d99f-43db-8c5a-77dfa70028eb",
            "ticker": "KXHIGHCHI-25APR18-T81",
            "count": 3,
            "created_time": "2025-04-18T15:07:37.955692Z",
            "yes_price": 9,
            "no_price": 91,
            "taker_side": "yes"
        },
        {
            "trade_id": "f22ea061-a0a0-494f-80d3-71d3c47221f9",
            "ticker": "KXHIGHCHI-25APR18-T81",
            "count": 23,
            "created_time": "2025-04-18T15:06:20.107229Z",
            "yes_price": 7,
            "no_price": 93,
            "taker_side": "yes"
        },
        {
            "trade_id": "87c0c4be-53fc-4915-b178-def813fe57ea",
            "ticker": "KXHIGHCHI-25APR18-T81",
            "count": 50,
            "created_time": "2025-04-18T15:06:20.107229Z",
            "yes_price": 8,
            "no_price": 92,
            "taker_side": "yes"
        },
        {
            "trade_id": "0218531a-1464-43e4-bd93-7806012de4c5",
            "ticker": "KXHIGHCHI-25APR18-T81",
            "count": 37,
            "created_time": "2025-04-18T15:06:20.107229Z",
            "yes_price": 10,
            "no_price": 90,
            "taker_side": "yes"
        },
        {
            "trade_id": "c1cda4aa-9049-47d6-a878-5eff948c9641",
            "ticker": "KXHIGHCHI-25APR18-T81",
            "count": 2,
            "created_time": "2025-04-18T15:06:08.375466Z",
            "yes_price": 7,
            "no_price": 93,
            "taker_side": "yes"
        },
        {
            "trade_id": "8f1dbf85-5c32-4a53-a428-328c8666acf1",
            "ticker": "KXHIGHCHI-25APR18-T81",
            "count": 275,
            "created_time": "2025-04-18T15:04:07.268274Z",
            "yes_price": 7,
            "no_price": 93,
            "taker_side": "yes"
        },
        {
            "trade_id": "4fdb2e69-ebf4-411b-9f0c-b56caf6ec146",
            "ticker": "KXHIGHCHI-25APR18-T81",
            "count": 3,
            "created_time": "2025-04-18T14:17:47.735843Z",
            "yes_price": 6,
            "no_price": 94,
            "taker_side": "no"
        },
        {
            "trade_id": "496e08d2-52f5-49f8-9310-1fd84124f11a",
            "ticker": "KXHIGHCHI-25APR18-T81",
            "count": 17,
            "created_time": "2025-04-18T14:17:47.735843Z",
            "yes_price": 6,
            "no_price": 94,
            "taker_side": "no"
        },
        {
            "trade_id": "dcc13bfd-0dab-4d77-af49-38bc9b2e99f3",
            "ticker": "KXHIGHCHI-25APR18-T81",
            "count": 200,
            "created_time": "2025-04-18T14:15:33.775922Z",
            "yes_price": 9,
            "no_price": 91,
            "taker_side": "yes"
        },
        {
            "trade_id": "cac1509f-fe7b-40d7-9b5c-877ad9144f10",
            "ticker": "KXHIGHCHI-25APR18-T81",
            "count": 1,
            "created_time": "2025-04-18T14:15:33.775922Z",
            "yes_price": 6,
            "no_price": 94,
            "taker_side": "yes"
        },
        {
            "trade_id": "9b60da6e-da49-4f8b-8094-43c5518fbcf2",
            "ticker": "KXHIGHCHI-25APR18-T81",
            "count": 50,
            "created_time": "2025-04-18T14:15:33.775922Z",
            "yes_price": 7,
            "no_price": 93,
            "taker_side": "yes"
        },
        {
            "trade_id": "572432a0-cfcd-4b4b-803d-e2a50c86ca0c",
            "ticker": "KXHIGHCHI-25APR18-T81",
            "count": 5,
            "created_time": "2025-04-18T14:15:33.775922Z",
            "yes_price": 6,
            "no_price": 94,
            "taker_side": "yes"
        },
        {
            "trade_id": "233ba544-6ceb-45a9-b9b9-55b58f04a366",
            "ticker": "KXHIGHCHI-25APR18-T81",
            "count": 240,
            "created_time": "2025-04-18T14:15:33.775922Z",
            "yes_price": 8,
            "no_price": 92,
            "taker_side": "yes"
        },
        {
            "trade_id": "00e2b5c9-176f-49c9-8f20-ba373f4a28ce",
            "ticker": "KXHIGHCHI-25APR18-T81",
            "count": 4,
            "created_time": "2025-04-18T14:15:33.775922Z",
            "yes_price": 7,
            "no_price": 93,
            "taker_side": "yes"
        },
        {
            "trade_id": "01b7d8ec-25a0-441a-b6b1-5346ff3cba5c",
            "ticker": "KXHIGHCHI-25APR18-T81",
            "count": 13,
            "created_time": "2025-04-18T14:08:03.409173Z",
            "yes_price": 7,
            "no_price": 93,
            "taker_side": "yes"
        },
        {
            "trade_id": "f40cff74-0868-4e45-9a68-ffa6428bb445",
            "ticker": "KXHIGHCHI-25APR18-T81",
            "count": 94,
            "created_time": "2025-04-18T14:06:59.006297Z",
            "yes_price": 6,
            "no_price": 94,
            "taker_side": "yes"
        },
        {
            "trade_id": "203ace8b-6272-4b73-9df4-300ca6043e72",
            "ticker": "KXHIGHCHI-25APR18-T81",
            "count": 119,
            "created_time": "2025-04-18T14:06:59.006297Z",
            "yes_price": 6,
            "no_price": 94,
            "taker_side": "yes"
        },
        {
            "trade_id": "b94c40eb-6bc0-46d4-ac82-8bc5d75fbf32",
            "ticker": "KXHIGHCHI-25APR18-T81",
            "count": 49,
            "created_time": "2025-04-18T14:03:24.352995Z",
            "yes_price": 5,
            "no_price": 95,
            "taker_side": "no"
        },
        {
            "trade_id": "8cf11688-5015-490e-9185-3280edb8a999",
            "ticker": "KXHIGHCHI-25APR18-T81",
            "count": 3,
            "created_time": "2025-04-18T14:00:10.920675Z",
            "yes_price": 6,
            "no_price": 94,
            "taker_side": "yes"
        },
        {
            "trade_id": "984b1134-8612-4ac6-ac74-ac7c86ee7979",
            "ticker": "KXHIGHCHI-25APR18-T81",
            "count": 3,
            "created_time": "2025-04-18T13:56:59.085294Z",
            "yes_price": 6,
            "no_price": 94,
            "taker_side": "no"
        },
        {
            "trade_id": "ac7492da-2244-4076-b881-9170f8229677",
            "ticker": "KXHIGHCHI-25APR18-T81",
            "count": 4,
            "created_time": "2025-04-18T13:53:18.889834Z",
            "yes_price": 7,
            "no_price": 93,
            "taker_side": "yes"
        },
        {
            "trade_id": "5c1116f4-43c4-45a3-943c-cf35a7a40114",
            "ticker": "KXHIGHCHI-25APR18-T81",
            "count": 6,
            "created_time": "2025-04-18T13:53:18.889834Z",
            "yes_price": 6,
            "no_price": 94,
            "taker_side": "yes"
        },
        {
            "trade_id": "566d1edf-737c-4ae3-b67b-e20d5fa9d3fe",
            "ticker": "KXHIGHCHI-25APR18-T81",
            "count": 50,
            "created_time": "2025-04-18T13:53:18.889834Z",
            "yes_price": 7,
            "no_price": 93,
            "taker_side": "yes"
        },
        {
            "trade_id": "55f099c6-ba2f-4765-a520-899a04ed0aa3",
            "ticker": "KXHIGHCHI-25APR18-T81",
            "count": 200,
            "created_time": "2025-04-18T13:53:18.889834Z",
            "yes_price": 9,
            "no_price": 91,
            "taker_side": "yes"
        },
        {
            "trade_id": "43e19828-59b0-46b3-9992-aa43c1e92040",
            "ticker": "KXHIGHCHI-25APR18-T81",
            "count": 9,
            "created_time": "2025-04-18T13:53:18.889834Z",
            "yes_price": 5,
            "no_price": 95,
            "taker_side": "yes"
        },
        {
            "trade_id": "155e8da0-712d-48c4-8e65-13fa6153ec24",
            "ticker": "KXHIGHCHI-25APR18-T81",
            "count": 12,
            "created_time": "2025-04-18T13:53:18.889834Z",
            "yes_price": 8,
            "no_price": 92,
            "taker_side": "yes"
        },
        {
            "trade_id": "f1765ca0-c507-47d7-ade6-3ab6ac61f01a",
            "ticker": "KXHIGHCHI-25APR18-T81",
            "count": 2,
            "created_time": "2025-04-18T13:48:25.821745Z",
            "yes_price": 4,
            "no_price": 96,
            "taker_side": "yes"
        },
        {
            "trade_id": "d3a99335-4724-4ec6-8140-53167c73d378",
            "ticker": "KXHIGHCHI-25APR18-T81",
            "count": 40,
            "created_time": "2025-04-18T13:48:25.821745Z",
            "yes_price": 4,
            "no_price": 96,
            "taker_side": "yes"
        },
        {
            "trade_id": "1ee56dab-bb52-416a-ad45-d28961c7655f",
            "ticker": "KXHIGHCHI-25APR18-T81",
            "count": 10,
            "created_time": "2025-04-18T13:48:25.821745Z",
            "yes_price": 4,
            "no_price": 96,
            "taker_side": "yes"
        },
        {
            "trade_id": "1126eb12-dd8e-42df-89e6-36d03d438d25",
            "ticker": "KXHIGHCHI-25APR18-T81",
            "count": 8,
            "created_time": "2025-04-18T13:48:25.821745Z",
            "yes_price": 4,
            "no_price": 96,
            "taker_side": "yes"
        },
        {
            "trade_id": "c2328f41-0d68-42ae-bb6f-f40b8dcbc79f",
            "ticker": "KXHIGHCHI-25APR18-T81",
            "count": 25,
            "created_time": "2025-04-18T13:28:15.357527Z",
            "yes_price": 3,
            "no_price": 97,
            "taker_side": "no"
        },
        {
            "trade_id": "71cbef1f-3329-4cfe-93c3-cb6edd203452",
            "ticker": "KXHIGHCHI-25APR18-T81",
            "count": 80,
            "created_time": "2025-04-18T13:28:15.357527Z",
            "yes_price": 3,
            "no_price": 97,
            "taker_side": "no"
        },
        {
            "trade_id": "59091318-0719-4228-b166-9a8ff3a16f0e",
            "ticker": "KXHIGHCHI-25APR18-T81",
            "count": 17,
            "created_time": "2025-04-18T13:28:15.357527Z",
            "yes_price": 3,
            "no_price": 97,
            "taker_side": "no"
        },
        {
            "trade_id": "68ccfc9d-25f5-4201-8ebc-ba2291b12527",
            "ticker": "KXHIGHCHI-25APR18-T81",
            "count": 7,
            "created_time": "2025-04-18T13:23:48.868888Z",
            "yes_price": 3,
            "no_price": 97,
            "taker_side": "no"
        },
        {
            "trade_id": "165f8151-678e-49f1-99e9-43e838505b88",
            "ticker": "KXHIGHCHI-25APR18-T81",
            "count": 3,
            "created_time": "2025-04-18T13:23:48.868888Z",
            "yes_price": 3,
            "no_price": 97,
            "taker_side": "no"
        },
        {
            "trade_id": "3f1022f2-6565-4682-b249-f96998872ec9",
            "ticker": "KXHIGHCHI-25APR18-T81",
            "count": 23,
            "created_time": "2025-04-18T13:14:55.739217Z",
            "yes_price": 4,
            "no_price": 96,
            "taker_side": "yes"
        },
        {
            "trade_id": "1545d119-0a67-418d-af7d-ce3779565e6d",
            "ticker": "KXHIGHCHI-25APR18-T81",
            "count": 27,
            "created_time": "2025-04-18T13:03:13.211672Z",
            "yes_price": 6,
            "no_price": 94,
            "taker_side": "yes"
        },
        {
            "trade_id": "fa3480fe-16d5-4fbd-87e6-291744e1af8b",
            "ticker": "KXHIGHCHI-25APR18-T81",
            "count": 119,
            "created_time": "2025-04-18T12:52:16.707539Z",
            "yes_price": 4,
            "no_price": 96,
            "taker_side": "no"
        },
        {
            "trade_id": "f79a1df3-1ca6-4d69-a128-60fff23e874c",
            "ticker": "KXHIGHCHI-25APR18-T81",
            "count": 72,
            "created_time": "2025-04-18T12:51:40.327781Z",
            "yes_price": 5,
            "no_price": 95,
            "taker_side": "no"
        },
        {
            "trade_id": "26e92440-bde2-439e-9f60-805bf9f7b351",
            "ticker": "KXHIGHCHI-25APR18-T81",
            "count": 5,
            "created_time": "2025-04-18T12:51:40.327781Z",
            "yes_price": 5,
            "no_price": 95,
            "taker_side": "no"
        },
        {
            "trade_id": "f95e8243-6038-44f5-b3cd-25954fd44f54",
            "ticker": "KXHIGHCHI-25APR18-T81",
            "count": 2,
            "created_time": "2025-04-18T12:51:10.514679Z",
            "yes_price": 5,
            "no_price": 95,
            "taker_side": "no"
        },
        {
            "trade_id": "b33e2f0d-ebed-42d4-b7d3-545e83fd6a3a",
            "ticker": "KXHIGHCHI-25APR18-T81",
            "count": 18,
            "created_time": "2025-04-18T12:51:10.514679Z",
            "yes_price": 5,
            "no_price": 95,
            "taker_side": "no"
        },
        {
            "trade_id": "9f7ede0d-18b6-4af7-becc-51f10baf3f9b",
            "ticker": "KXHIGHCHI-25APR18-T81",
            "count": 200,
            "created_time": "2025-04-18T12:51:10.514679Z",
            "yes_price": 5,
            "no_price": 95,
            "taker_side": "no"
        },
        {
            "trade_id": "853a1e22-abaf-4b6e-820e-d17ed2f30ba4",
            "ticker": "KXHIGHCHI-25APR18-T81",
            "count": 2,
            "created_time": "2025-04-18T12:51:10.514679Z",
            "yes_price": 5,
            "no_price": 95,
            "taker_side": "no"
        },
        {
            "trade_id": "53eb594e-7b21-474a-9511-d560ecb3b858",
            "ticker": "KXHIGHCHI-25APR18-T81",
            "count": 72,
            "created_time": "2025-04-18T12:51:10.514679Z",
            "yes_price": 5,
            "no_price": 95,
            "taker_side": "no"
        },
        {
            "trade_id": "8c810573-f943-43a5-a42b-bcd5d54b8d9f",
            "ticker": "KXHIGHCHI-25APR18-T81",
            "count": 25,
            "created_time": "2025-04-18T12:42:18.785487Z",
            "yes_price": 11,
            "no_price": 89,
            "taker_side": "yes"
        },
        {
            "trade_id": "0e183075-659e-47f6-885e-e437fef8b55a",
            "ticker": "KXHIGHCHI-25APR18-T81",
            "count": 25,
            "created_time": "2025-04-18T12:42:18.785487Z",
            "yes_price": 9,
            "no_price": 91,
            "taker_side": "yes"
        },
        {
            "trade_id": "f709bc2a-a2ab-4885-bb1f-c3bfbbc54a82",
            "ticker": "KXHIGHCHI-25APR18-T81",
            "count": 2,
            "created_time": "2025-04-18T12:32:13.231622Z",
            "yes_price": 4,
            "no_price": 96,
            "taker_side": "yes"
        },
        {
            "trade_id": "e5cc956a-8627-4f2a-958d-3b986497ef89",
            "ticker": "KXHIGHCHI-25APR18-T81",
            "count": 925,
            "created_time": "2025-04-18T12:29:33.044182Z",
            "yes_price": 3,
            "no_price": 97,
            "taker_side": "no"
        },
        {
            "trade_id": "dfd00340-25c2-4f3c-be7b-37e70896f9ef",
            "ticker": "KXHIGHCHI-25APR18-T81",
            "count": 50,
            "created_time": "2025-04-18T12:29:33.044182Z",
            "yes_price": 3,
            "no_price": 97,
            "taker_side": "no"
        },
        {
            "trade_id": "cfc57f72-1165-4f79-b819-6cb8660778c0",
            "ticker": "KXHIGHCHI-25APR18-T81",
            "count": 10,
            "created_time": "2025-04-18T12:29:33.044182Z",
            "yes_price": 4,
            "no_price": 96,
            "taker_side": "no"
        },
        {
            "trade_id": "ba49a935-6e8e-4009-8c09-c120be45b575",
            "ticker": "KXHIGHCHI-25APR18-T81",
            "count": 31,
            "created_time": "2025-04-18T12:29:33.044182Z",
            "yes_price": 3,
            "no_price": 97,
            "taker_side": "no"
        },
        {
            "trade_id": "b778e8f8-953e-4634-affc-eb315de6d603",
            "ticker": "KXHIGHCHI-25APR18-T81",
            "count": 7,
            "created_time": "2025-04-18T12:29:33.044182Z",
            "yes_price": 6,
            "no_price": 94,
            "taker_side": "no"
        },
        {
            "trade_id": "8e49342f-ab44-455a-8e47-a1e1b1a1d641",
            "ticker": "KXHIGHCHI-25APR18-T81",
            "count": 50,
            "created_time": "2025-04-18T12:29:33.044182Z",
            "yes_price": 2,
            "no_price": 98,
            "taker_side": "no"
        },
        {
            "trade_id": "86d2d69c-1f20-4ba8-8756-4e017f70d419",
            "ticker": "KXHIGHCHI-25APR18-T81",
            "count": 80,
            "created_time": "2025-04-18T12:29:33.044182Z",
            "yes_price": 1,
            "no_price": 99,
            "taker_side": "no"
        },
        {
            "trade_id": "68ebbc8f-2026-471b-90ce-231aec989edb",
            "ticker": "KXHIGHCHI-25APR18-T81",
            "count": 50,
            "created_time": "2025-04-18T12:29:33.044182Z",
            "yes_price": 3,
            "no_price": 97,
            "taker_side": "no"
        },
        {
            "trade_id": "5ee516dd-ce5e-402a-8085-6a5fb005afc0",
            "ticker": "KXHIGHCHI-25APR18-T81",
            "count": 2,
            "created_time": "2025-04-18T12:29:33.044182Z",
            "yes_price": 3,
            "no_price": 97,
            "taker_side": "no"
        },
        {
            "trade_id": "34ef69a1-83cf-4ea9-b1d2-1dfe0a18ffda",
            "ticker": "KXHIGHCHI-25APR18-T81",
            "count": 150,
            "created_time": "2025-04-18T12:29:33.044182Z",
            "yes_price": 1,
            "no_price": 99,
            "taker_side": "no"
        },
        {
            "trade_id": "2519cfe0-89eb-416c-8deb-684f290ce1b1",
            "ticker": "KXHIGHCHI-25APR18-T81",
            "count": 13,
            "created_time": "2025-04-18T12:29:33.044182Z",
            "yes_price": 3,
            "no_price": 97,
            "taker_side": "no"
        },
        {
            "trade_id": "017e7b79-6213-4d94-a2e4-05aebc00460a",
            "ticker": "KXHIGHCHI-25APR18-T81",
            "count": 8,
            "created_time": "2025-04-18T12:29:33.044182Z",
            "yes_price": 5,
            "no_price": 95,
            "taker_side": "no"
        },
        {
            "trade_id": "150379bc-849e-44c9-91f9-587fcc28a945",
            "ticker": "KXHIGHCHI-25APR18-T81",
            "count": 23,
            "created_time": "2025-04-18T12:28:45.273705Z",
            "yes_price": 5,
            "no_price": 95,
            "taker_side": "no"
        },
        {
            "trade_id": "55bc9fc1-3b06-4f29-8ea6-7cd9fbcf440f",
            "ticker": "KXHIGHCHI-25APR18-T81",
            "count": 4,
            "created_time": "2025-04-18T12:27:36.759016Z",
            "yes_price": 7,
            "no_price": 93,
            "taker_side": "no"
        },
        {
            "trade_id": "365836e9-107f-4d3f-894d-fb59663367f7",
            "ticker": "KXHIGHCHI-25APR18-T81",
            "count": 4,
            "created_time": "2025-04-18T12:27:36.759016Z",
            "yes_price": 7,
            "no_price": 93,
            "taker_side": "no"
        },
        {
            "trade_id": "dd360a09-587d-433c-af3e-637122a747bb",
            "ticker": "KXHIGHCHI-25APR18-T81",
            "count": 4,
            "created_time": "2025-04-18T12:27:16.057605Z",
            "yes_price": 8,
            "no_price": 92,
            "taker_side": "yes"
        },
        {
            "trade_id": "3f67ca43-17ba-496e-b4f4-faf2d3dc3434",
            "ticker": "KXHIGHCHI-25APR18-T81",
            "count": 14,
            "created_time": "2025-04-18T12:27:16.057605Z",
            "yes_price": 10,
            "no_price": 90,
            "taker_side": "yes"
        },
        {
            "trade_id": "05e2fc11-c638-45f6-9349-8eb010ee5506",
            "ticker": "KXHIGHCHI-25APR18-T81",
            "count": 37,
            "created_time": "2025-04-18T12:27:16.057605Z",
            "yes_price": 8,
            "no_price": 92,
            "taker_side": "yes"
        },
        {
            "trade_id": "efe8a74e-954d-4894-b7fb-7ab51c75bc9f",
            "ticker": "KXHIGHCHI-25APR18-T81",
            "count": 12,
            "created_time": "2025-04-18T12:26:23.695286Z",
            "yes_price": 6,
            "no_price": 94,
            "taker_side": "yes"
        },
        {
            "trade_id": "c22d6708-4ce2-4fa0-8664-4d4c3d3cf00a",
            "ticker": "KXHIGHCHI-25APR18-T81",
            "count": 6,
            "created_time": "2025-04-18T12:26:23.695286Z",
            "yes_price": 6,
            "no_price": 94,
            "taker_side": "yes"
        },
        {
            "trade_id": "8ea444ff-5c46-460d-a01e-6813eb9647e4",
            "ticker": "KXHIGHCHI-25APR18-T81",
            "count": 199,
            "created_time": "2025-04-18T12:26:23.695286Z",
            "yes_price": 8,
            "no_price": 92,
            "taker_side": "yes"
        },
        {
            "trade_id": "8ad205e8-b413-47a8-8770-900508e571af",
            "ticker": "KXHIGHCHI-25APR18-T81",
            "count": 14,
            "created_time": "2025-04-18T12:26:23.695286Z",
            "yes_price": 6,
            "no_price": 94,
            "taker_side": "yes"
        },
        {
            "trade_id": "3870c7cc-584d-4366-b5ec-0971f7a9b2d4",
            "ticker": "KXHIGHCHI-25APR18-T81",
            "count": 15,
            "created_time": "2025-04-18T12:26:23.695286Z",
            "yes_price": 6,
            "no_price": 94,
            "taker_side": "yes"
        },
        {
            "trade_id": "c97e473e-0ccf-4976-8d69-24df83bcfb31",
            "ticker": "KXHIGHCHI-25APR18-T81",
            "count": 2,
            "created_time": "2025-04-18T12:16:04.041235Z",
            "yes_price": 6,
            "no_price": 94,
            "taker_side": "yes"
        },
        {
            "trade_id": "bc6d85fb-11f8-4b3d-8c45-3ca0596afaae",
            "ticker": "KXHIGHCHI-25APR18-T81",
            "count": 1,
            "created_time": "2025-04-18T12:16:04.041235Z",
            "yes_price": 6,
            "no_price": 94,
            "taker_side": "yes"
        },
        {
            "trade_id": "b4d3de55-3614-4a25-a605-c736e5803d01",
            "ticker": "KXHIGHCHI-25APR18-T81",
            "count": 14,
            "created_time": "2025-04-18T12:14:23.474205Z",
            "yes_price": 5,
            "no_price": 95,
            "taker_side": "no"
        },
        {
            "trade_id": "9f4d5a06-8aff-422a-8396-a490a8b17102",
            "ticker": "KXHIGHCHI-25APR18-T81",
            "count": 200,
            "created_time": "2025-04-18T12:14:23.474205Z",
            "yes_price": 4,
            "no_price": 96,
            "taker_side": "no"
        },
        {
            "trade_id": "310f6fac-c852-4b99-89ac-b26fae7aa01f",
            "ticker": "KXHIGHCHI-25APR18-T81",
            "count": 50,
            "created_time": "2025-04-18T12:14:23.474205Z",
            "yes_price": 5,
            "no_price": 95,
            "taker_side": "no"
        },
        {
            "trade_id": "c3383d3b-6a95-46dc-9484-f1b8dc1280a7",
            "ticker": "KXHIGHCHI-25APR18-T81",
            "count": 6,
            "created_time": "2025-04-18T12:12:11.241651Z",
            "yes_price": 6,
            "no_price": 94,
            "taker_side": "yes"
        },
        {
            "trade_id": "e64b8308-387d-45e8-a16a-12cd970c4e04",
            "ticker": "KXHIGHCHI-25APR18-T81",
            "count": 28,
            "created_time": "2025-04-18T12:04:00.02206Z",
            "yes_price": 6,
            "no_price": 94,
            "taker_side": "no"
        },
        {
            "trade_id": "a59a6c80-9bea-4ce4-a175-78c6be013a2c",
            "ticker": "KXHIGHCHI-25APR18-T81",
            "count": 50,
            "created_time": "2025-04-18T12:04:00.02206Z",
            "yes_price": 5,
            "no_price": 95,
            "taker_side": "no"
        },
        {
            "trade_id": "9231721a-53df-4098-9ad5-98a6a5829ad9",
            "ticker": "KXHIGHCHI-25APR18-T81",
            "count": 194,
            "created_time": "2025-04-18T12:04:00.02206Z",
            "yes_price": 5,
            "no_price": 95,
            "taker_side": "no"
        },
        {
            "trade_id": "3e877e17-0a3a-4648-a563-96a2ed0818d3",
            "ticker": "KXHIGHCHI-25APR18-T81",
            "count": 43,
            "created_time": "2025-04-18T12:04:00.02206Z",
            "yes_price": 6,
            "no_price": 94,
            "taker_side": "no"
        },
        {
            "trade_id": "07d67f18-d701-40af-9f1a-db63410092f7",
            "ticker": "KXHIGHCHI-25APR18-T81",
            "count": 4,
            "created_time": "2025-04-18T12:03:31.593647Z",
            "yes_price": 6,
            "no_price": 94,
            "taker_side": "no"
        },
        {
            "trade_id": "f9c92234-70bf-4912-82d4-7ea9b374011d",
            "ticker": "KXHIGHCHI-25APR18-T81",
            "count": 1,
            "created_time": "2025-04-18T12:03:25.941754Z",
            "yes_price": 6,
            "no_price": 94,
            "taker_side": "no"
        },
        {
            "trade_id": "91e104e2-98ce-4e79-a510-e36288d14a29",
            "ticker": "KXHIGHCHI-25APR18-T81",
            "count": 2,
            "created_time": "2025-04-18T12:03:18.980698Z",
            "yes_price": 6,
            "no_price": 94,
            "taker_side": "no"
        },
        {
            "trade_id": "2a3283e9-f301-4051-8147-705521176082",
            "ticker": "KXHIGHCHI-25APR18-T81",
            "count": 25,
            "created_time": "2025-04-18T12:02:04.174789Z",
            "yes_price": 8,
            "no_price": 92,
            "taker_side": "yes"
        },
        {
            "trade_id": "b994b2a2-c063-4a18-887e-9e1a30865e22",
            "ticker": "KXHIGHCHI-25APR18-T81",
            "count": 50,
            "created_time": "2025-04-18T12:00:29.283187Z",
            "yes_price": 16,
            "no_price": 84,
            "taker_side": "no"
        },
        {
            "trade_id": "973440d3-4690-4ca6-b02a-b304ca2d29f5",
            "ticker": "KXHIGHCHI-25APR18-T81",
            "count": 49,
            "created_time": "2025-04-18T12:00:29.283187Z",
            "yes_price": 18,
            "no_price": 82,
            "taker_side": "no"
        },
        {
            "trade_id": "957f5402-cb9a-4da1-8120-fb17c4b875cf",
            "ticker": "KXHIGHCHI-25APR18-T81",
            "count": 30,
            "created_time": "2025-04-18T06:43:44.156402Z",
            "yes_price": 30,
            "no_price": 70,
            "taker_side": "no"
        },
        {
            "trade_id": "e9233371-d0d3-43da-9373-9abfce674f7d",
            "ticker": "KXHIGHCHI-25APR18-T81",
            "count": 22,
            "created_time": "2025-04-18T06:42:21.433054Z",
            "yes_price": 30,
            "no_price": 70,
            "taker_side": "yes"
        },
        {
            "trade_id": "65ee2d57-9eaa-48e3-be30-ff7a326e21c2",
            "ticker": "KXHIGHCHI-25APR18-T81",
            "count": 7,
            "created_time": "2025-04-18T06:42:21.433054Z",
            "yes_price": 31,
            "no_price": 69,
            "taker_side": "yes"
        },
        {
            "trade_id": "bb7aa7a2-8c0a-40ca-8119-a45b289d4fa6",
            "ticker": "KXHIGHCHI-25APR18-T81",
            "count": 117,
            "created_time": "2025-04-18T06:05:06.578178Z",
            "yes_price": 28,
            "no_price": 72,
            "taker_side": "yes"
        },
        {
            "trade_id": "3bae8cd8-f762-4b10-a184-9df47fff47b7",
            "ticker": "KXHIGHCHI-25APR18-T81",
            "count": 115,
            "created_time": "2025-04-18T06:04:42.752697Z",
            "yes_price": 27,
            "no_price": 73,
            "taker_side": "yes"
        },
        {
            "trade_id": "fe770cf1-5225-44ea-8a7f-8432c00b9227",
            "ticker": "KXHIGHCHI-25APR18-T81",
            "count": 1,
            "created_time": "2025-04-18T06:04:23.772249Z",
            "yes_price": 24,
            "no_price": 76,
            "taker_side": "yes"
        },
        {
            "trade_id": "f9e7eda6-0239-4379-87bb-4c4347cff0ec",
            "ticker": "KXHIGHCHI-25APR18-T81",
            "count": 2,
            "created_time": "2025-04-18T06:04:23.772249Z",
            "yes_price": 24,
            "no_price": 76,
            "taker_side": "yes"
        },
        {
            "trade_id": "ca0ef1c8-7834-4540-845b-6a2507ebf7f4",
            "ticker": "KXHIGHCHI-25APR18-T81",
            "count": 240,
            "created_time": "2025-04-18T06:04:23.772249Z",
            "yes_price": 26,
            "no_price": 74,
            "taker_side": "yes"
        },
        {
            "trade_id": "0871c45d-c5b5-46b4-b945-f81acb98300e",
            "ticker": "KXHIGHCHI-25APR18-T81",
            "count": 1,
            "created_time": "2025-04-18T06:04:23.772249Z",
            "yes_price": 24,
            "no_price": 76,
            "taker_side": "yes"
        },
        {
            "trade_id": "a95bb979-1ab3-4136-acd6-cd22bf4bf3ce",
            "ticker": "KXHIGHCHI-25APR18-T81",
            "count": 9,
            "created_time": "2025-04-18T05:45:30.157037Z",
            "yes_price": 15,
            "no_price": 85,
            "taker_side": "yes"
        },
        {
            "trade_id": "3d67e998-0a59-476c-9ac1-461adc3a7b39",
            "ticker": "KXHIGHCHI-25APR18-T81",
            "count": 9,
            "created_time": "2025-04-18T05:45:30.157037Z",
            "yes_price": 15,
            "no_price": 85,
            "taker_side": "yes"
        },
        {
            "trade_id": "f651c997-2077-4876-8c65-17a204ac48de",
            "ticker": "KXHIGHCHI-25APR18-T81",
            "count": 50,
            "created_time": "2025-04-18T05:42:20.584096Z",
            "yes_price": 21,
            "no_price": 79,
            "taker_side": "no"
        },
        {
            "trade_id": "ca065867-8a11-4fee-84ec-b78f0c782654",
            "ticker": "KXHIGHCHI-25APR18-T81",
            "count": 9,
            "created_time": "2025-04-18T05:42:20.584096Z",
            "yes_price": 22,
            "no_price": 78,
            "taker_side": "no"
        },
        {
            "trade_id": "350967f9-541f-43e4-b326-859b0609bd38",
            "ticker": "KXHIGHCHI-25APR18-T81",
            "count": 1,
            "created_time": "2025-04-18T05:42:20.584096Z",
            "yes_price": 23,
            "no_price": 77,
            "taker_side": "no"
        },
        {
            "trade_id": "2ed72674-c9b9-43b3-8591-52316562214a",
            "ticker": "KXHIGHCHI-25APR18-T81",
            "count": 9,
            "created_time": "2025-04-18T05:42:20.523425Z",
            "yes_price": 23,
            "no_price": 77,
            "taker_side": "no"
        },
        {
            "trade_id": "6eb4c70d-6fed-487c-bc65-b2f1fd732acf",
            "ticker": "KXHIGHCHI-25APR18-T81",
            "count": 2,
            "created_time": "2025-04-18T05:17:05.270003Z",
            "yes_price": 32,
            "no_price": 68,
            "taker_side": "yes"
        },
        {
            "trade_id": "f112f974-9cb4-4556-b1a8-4539bba3cf14",
            "ticker": "KXHIGHCHI-25APR18-T81",
            "count": 6,
            "created_time": "2025-04-18T05:15:08.861318Z",
            "yes_price": 32,
            "no_price": 68,
            "taker_side": "yes"
        },
        {
            "trade_id": "b68132e6-4412-4d80-a048-c67b94be4da5",
            "ticker": "KXHIGHCHI-25APR18-T81",
            "count": 29,
            "created_time": "2025-04-18T05:15:08.861318Z",
            "yes_price": 33,
            "no_price": 67,
            "taker_side": "yes"
        },
        {
            "trade_id": "765c5e56-39be-4505-b912-40df764ae105",
            "ticker": "KXHIGHCHI-25APR18-T81",
            "count": 11,
            "created_time": "2025-04-18T05:15:08.861318Z",
            "yes_price": 33,
            "no_price": 67,
            "taker_side": "yes"
        },
        {
            "trade_id": "4bd53e45-8ebb-46e9-a77d-a0196efe748c",
            "ticker": "KXHIGHCHI-25APR18-T81",
            "count": 4,
            "created_time": "2025-04-18T05:15:08.861318Z",
            "yes_price": 33,
            "no_price": 67,
            "taker_side": "yes"
        },
        {
            "trade_id": "0f1692b9-bce8-414c-aa6d-7b7cd986946a",
            "ticker": "KXHIGHCHI-25APR18-T81",
            "count": 8,
            "created_time": "2025-04-18T05:15:08.861318Z",
            "yes_price": 35,
            "no_price": 65,
            "taker_side": "yes"
        },
        {
            "trade_id": "98e251ad-201e-47e2-a2a3-e0b164872f7a",
            "ticker": "KXHIGHCHI-25APR18-T81",
            "count": 99,
            "created_time": "2025-04-18T04:40:38.024505Z",
            "yes_price": 33,
            "no_price": 67,
            "taker_side": "yes"
        },
        {
            "trade_id": "69472b14-a783-43d0-8d8e-690a0530dbe8",
            "ticker": "KXHIGHCHI-25APR18-T81",
            "count": 240,
            "created_time": "2025-04-18T04:40:38.024505Z",
            "yes_price": 35,
            "no_price": 65,
            "taker_side": "yes"
        },
        {
            "trade_id": "51fc65cc-8c1d-489f-a791-a182434e6cd0",
            "ticker": "KXHIGHCHI-25APR18-T81",
            "count": 83,
            "created_time": "2025-04-18T04:40:38.024505Z",
            "yes_price": 37,
            "no_price": 63,
            "taker_side": "yes"
        },
        {
            "trade_id": "0585cdb6-404e-4f3f-b19a-0637ae9be632",
            "ticker": "KXHIGHCHI-25APR18-T81",
            "count": 1,
            "created_time": "2025-04-18T04:40:38.024505Z",
            "yes_price": 33,
            "no_price": 67,
            "taker_side": "yes"
        },
        {
            "trade_id": "46a183f2-fe78-47a6-ae46-ff3fe7effad1",
            "ticker": "KXHIGHCHI-25APR18-T81",
            "count": 1,
            "created_time": "2025-04-18T04:38:15.702477Z",
            "yes_price": 32,
            "no_price": 68,
            "taker_side": "yes"
        },
        {
            "trade_id": "ebaf0d32-08b3-42d2-bc66-9a5d8ea97ecc",
            "ticker": "KXHIGHCHI-25APR18-T81",
            "count": 1,
            "created_time": "2025-04-18T04:37:31.200236Z",
            "yes_price": 28,
            "no_price": 72,
            "taker_side": "no"
        },
        {
            "trade_id": "9c2546e0-bf9e-4cf6-a21e-244a7820b24e",
            "ticker": "KXHIGHCHI-25APR18-T81",
            "count": 240,
            "created_time": "2025-04-18T04:10:27.258358Z",
            "yes_price": 29,
            "no_price": 71,
            "taker_side": "yes"
        },
        {
            "trade_id": "56173b72-1ebb-4b8b-845c-9e0a568b529e",
            "ticker": "KXHIGHCHI-25APR18-T81",
            "count": 240,
            "created_time": "2025-04-18T04:09:02.845976Z",
            "yes_price": 29,
            "no_price": 71,
            "taker_side": "yes"
        },
        {
            "trade_id": "55c1a0b6-63d7-4e8e-a571-90ed8b6d6038",
            "ticker": "KXHIGHCHI-25APR18-T81",
            "count": 240,
            "created_time": "2025-04-18T04:09:02.845976Z",
            "yes_price": 31,
            "no_price": 69,
            "taker_side": "yes"
        },
        {
            "trade_id": "d0a5ac3f-5d0e-418d-b729-7823a3c6d67c",
            "ticker": "KXHIGHCHI-25APR18-T81",
            "count": 2,
            "created_time": "2025-04-18T04:07:53.800911Z",
            "yes_price": 27,
            "no_price": 73,
            "taker_side": "yes"
        },
        {
            "trade_id": "9e5b7bc4-e788-425d-98ba-2c8bde8dc202",
            "ticker": "KXHIGHCHI-25APR18-T81",
            "count": 210,
            "created_time": "2025-04-18T04:06:48.944983Z",
            "yes_price": 27,
            "no_price": 73,
