{
    "KXHIGHCHI-25JAN05-T21": [
        {
            "trade_id": "a3246ea2-7dff-4f02-9095-f8053825da73",
            "ticker": "KXHIGHCHI-25JAN05-T21",
            "count": 1,
            "created_time": "2025-01-05T18:07:36.764177Z",
            "yes_price": 1,
            "no_price": 99,
            "taker_side": "yes"
        },
        {
            "trade_id": "5c9024c6-2e2c-48c8-b765-864d98cd3231",
            "ticker": "KXHIGHCHI-25JAN05-T21",
            "count": 9,
            "created_time": "2025-01-05T18:07:36.764177Z",
            "yes_price": 1,
            "no_price": 99,
            "taker_side": "yes"
        },
        {
            "trade_id": "d23b10ad-2e26-41f0-985c-1871da3551a6",
            "ticker": "KXHIGHCHI-25JAN05-T21",
            "count": 54,
            "created_time": "2025-01-05T13:15:47.836871Z",
            "yes_price": 1,
            "no_price": 99,
            "taker_side": "no"
        },
        {
            "trade_id": "1cde6a08-df7b-4c19-b53e-03ea19f13860",
            "ticker": "KXHIGHCHI-25JAN05-T21",
            "count": 20,
            "created_time": "2025-01-05T13:12:47.818721Z",
            "yes_price": 1,
            "no_price": 99,
            "taker_side": "no"
        },
        {
            "trade_id": "4ce42f4d-1f27-4c3b-98d2-9eb447891b51",
            "ticker": "KXHIGHCHI-25JAN05-T21",
            "count": 15,
            "created_time": "2025-01-05T13:11:02.507096Z",
            "yes_price": 1,
            "no_price": 99,
            "taker_side": "no"
        },
        {
            "trade_id": "3a6b710e-9d06-4bba-aa00-834418a0c170",
            "ticker": "KXHIGHCHI-25JAN05-T21",
            "count": 13,
            "created_time": "2025-01-05T13:09:52.345647Z",
            "yes_price": 1,
            "no_price": 99,
            "taker_side": "no"
        },
        {
            "trade_id": "62732f7a-1299-40ee-b04a-df37e0c28c76",
            "ticker": "KXHIGHCHI-25JAN05-T21",
            "count": 1,
            "created_time": "2025-01-05T07:49:31.060608Z",
            "yes_price": 1,
            "no_price": 99,
            "taker_side": "no"
        },
        {
            "trade_id": "f550d6e7-103e-476c-8a8c-8dcacf604561",
            "ticker": "KXHIGHCHI-25JAN05-T21",
            "count": 45,
            "created_time": "2025-01-05T07:45:16.283702Z",
            "yes_price": 1,
            "no_price": 99,
            "taker_side": "no"
        },
        {
            "trade_id": "864d1f0f-82f2-4ccd-bd92-26d3618d3fd2",
            "ticker": "KXHIGHCHI-25JAN05-T21",
            "count": 1,
            "created_time": "2025-01-05T06:31:21.755826Z",
            "yes_price": 1,
            "no_price": 99,
            "taker_side": "no"
        },
        {
            "trade_id": "8ae2c415-b97b-4f95-9478-c7424f3ad1d0",
            "ticker": "KXHIGHCHI-25JAN05-T21",
            "count": 1,
            "created_time": "2025-01-05T06:27:51.205493Z",
            "yes_price": 1,
            "no_price": 99,
            "taker_side": "no"
        },
        {
            "trade_id": "ddce198c-240b-4744-b608-de0a6e32de67",
            "ticker": "KXHIGHCHI-25JAN05-T21",
            "count": 1,
            "created_time": "2025-01-05T06:19:11.383363Z",
            "yes_price": 1,
            "no_price": 99,
            "taker_side": "no"
        },
        {
            "trade_id": "a1348f38-6fce-4b16-aa4a-bc1d65b81f84",
            "ticker": "KXHIGHCHI-25JAN05-T21",
            "count": 50,
            "created_time": "2025-01-05T05:54:08.538304Z",
            "yes_price": 1,
            "no_price": 99,
            "taker_side": "no"
        },
        {
            "trade_id": "e1d817fe-e95b-49d2-8a33-8b63b2dbeead",
            "ticker": "KXHIGHCHI-25JAN05-T21",
            "count": 1,
            "created_time": "2025-01-05T05:49:42.049702Z",
            "yes_price": 1,
            "no_price": 99,
            "taker_side": "no"
        },
        {
            "trade_id": "75b1b747-0775-4ff3-90c2-8c46f5e1b060",
            "ticker": "KXHIGHCHI-25JAN05-T21",
            "count": 1,
            "created_time": "2025-01-05T05:48:39.549145Z",
            "yes_price": 1,
            "no_price": 99,
            "taker_side": "no"
        },
        {
            "trade_id": "c9dfa940-bf86-4d1d-9ce3-49308eb0f0e5",
            "ticker": "KXHIGHCHI-25JAN05-T21",
            "count": 2,
            "created_time": "2025-01-05T05:40:30.897857Z",
            "yes_price": 1,
            "no_price": 99,
            "taker_side": "no"
        },
        {
            "trade_id": "831ece51-203a-481b-b82e-af307a56d4ea",
            "ticker": "KXHIGHCHI-25JAN05-T21",
            "count": 95,
            "created_time": "2025-01-05T05:35:43.902614Z",
            "yes_price": 1,
            "no_price": 99,
            "taker_side": "no"
        },
        {
            "trade_id": "fd30870e-93b1-41f6-b271-8271c5c6f829",
            "ticker": "KXHIGHCHI-25JAN05-T21",
            "count": 45,
            "created_time": "2025-01-05T04:26:29.190024Z",
            "yes_price": 2,
            "no_price": 98,
            "taker_side": "yes"
        },
        {
            "trade_id": "71078e55-fe58-43b6-ad4b-30f3da806afe",
            "ticker": "KXHIGHCHI-25JAN05-T21",
            "count": 50,
            "created_time": "2025-01-04T20:56:35.309514Z",
            "yes_price": 1,
            "no_price": 99,
            "taker_side": "no"
        }
    ],
    "KXHIGHCHI-25JAN05-B21.5": [
        {
            "trade_id": "5ffa844d-d873-44f2-a704-15ef3d82b2e1",
            "ticker": "KXHIGHCHI-25JAN05-B21.5",
            "count": 39,
            "created_time": "2025-01-05T22:32:43.546253Z",
            "yes_price": 1,
            "no_price": 99,
            "taker_side": "yes"
        },
        {
            "trade_id": "b6d0e475-a598-4e77-b495-3d07dee23a96",
            "ticker": "KXHIGHCHI-25JAN05-B21.5",
            "count": 87,
            "created_time": "2025-01-05T22:22:12.201529Z",
            "yes_price": 1,
            "no_price": 99,
            "taker_side": "yes"
        },
        {
            "trade_id": "20d6ae7d-fc39-41a3-a732-a40fbac638e4",
            "ticker": "KXHIGHCHI-25JAN05-B21.5",
            "count": 169,
            "created_time": "2025-01-05T22:22:12.201529Z",
            "yes_price": 1,
            "no_price": 99,
            "taker_side": "yes"
        },
        {
            "trade_id": "f9e197ab-8105-4143-9afd-f8e62afc0d22",
            "ticker": "KXHIGHCHI-25JAN05-B21.5",
            "count": 361,
            "created_time": "2025-01-05T22:01:42.052272Z",
            "yes_price": 1,
            "no_price": 99,
            "taker_side": "no"
        },
        {
            "trade_id": "7bdfdb02-28fe-444e-b5b2-b34df9fd6620",
            "ticker": "KXHIGHCHI-25JAN05-B21.5",
            "count": 9,
            "created_time": "2025-01-05T22:01:38.520943Z",
            "yes_price": 1,
            "no_price": 99,
            "taker_side": "no"
        },
        {
            "trade_id": "7bbe47e6-fc68-468f-afc3-aa4957ab735f",
            "ticker": "KXHIGHCHI-25JAN05-B21.5",
            "count": 10,
            "created_time": "2025-01-05T22:01:10.66622Z",
            "yes_price": 1,
            "no_price": 99,
            "taker_side": "no"
        },
        {
            "trade_id": "8499b57d-4c2e-499e-8ab9-f2573503dce6",
            "ticker": "KXHIGHCHI-25JAN05-B21.5",
            "count": 10,
            "created_time": "2025-01-05T21:59:28.017817Z",
            "yes_price": 1,
            "no_price": 99,
            "taker_side": "no"
        },
        {
            "trade_id": "6f51507b-38c3-4e32-abbd-b136aa64dc69",
            "ticker": "KXHIGHCHI-25JAN05-B21.5",
            "count": 10,
            "created_time": "2025-01-05T21:57:47.800913Z",
            "yes_price": 1,
            "no_price": 99,
            "taker_side": "no"
        },
        {
            "trade_id": "3f2e3c32-481f-41f8-943e-22ef240e7269",
            "ticker": "KXHIGHCHI-25JAN05-B21.5",
            "count": 44,
            "created_time": "2025-01-05T21:46:34.589058Z",
            "yes_price": 2,
            "no_price": 98,
            "taker_side": "yes"
        },
        {
            "trade_id": "172f7853-710c-4612-8651-dc5670dd9661",
            "ticker": "KXHIGHCHI-25JAN05-B21.5",
            "count": 150,
            "created_time": "2025-01-05T21:46:34.589058Z",
            "yes_price": 2,
            "no_price": 98,
            "taker_side": "yes"
        },
        {
            "trade_id": "51028fab-b427-4f74-b997-7496d6952937",
            "ticker": "KXHIGHCHI-25JAN05-B21.5",
            "count": 13,
            "created_time": "2025-01-05T21:45:36.93619Z",
            "yes_price": 2,
            "no_price": 98,
            "taker_side": "no"
        },
        {
            "trade_id": "dc76525e-98b8-4f57-bc72-77b08ec2e148",
            "ticker": "KXHIGHCHI-25JAN05-B21.5",
            "count": 7,
            "created_time": "2025-01-05T21:39:47.263085Z",
            "yes_price": 1,
            "no_price": 99,
            "taker_side": "yes"
        },
        {
            "trade_id": "35c2bdaa-a6a1-4d26-a39e-8ab84f630e84",
            "ticker": "KXHIGHCHI-25JAN05-B21.5",
            "count": 1,
            "created_time": "2025-01-05T21:39:47.263085Z",
            "yes_price": 1,
            "no_price": 99,
            "taker_side": "yes"
        },
        {
            "trade_id": "319aa24d-588f-4c88-a7e7-0fa565e25c71",
            "ticker": "KXHIGHCHI-25JAN05-B21.5",
            "count": 28,
            "created_time": "2025-01-05T21:39:45.601187Z",
            "yes_price": 1,
            "no_price": 99,
            "taker_side": "no"
        },
        {
            "trade_id": "0a1e5b12-962b-441b-92a9-9675a09f4f77",
            "ticker": "KXHIGHCHI-25JAN05-B21.5",
            "count": 35,
            "created_time": "2025-01-05T21:39:45.49332Z",
            "yes_price": 1,
            "no_price": 99,
            "taker_side": "no"
        },
        {
            "trade_id": "814c8eef-084c-49df-8567-2bc3b5b10641",
            "ticker": "KXHIGHCHI-25JAN05-B21.5",
            "count": 101,
            "created_time": "2025-01-05T21:31:01.097267Z",
            "yes_price": 2,
            "no_price": 98,
            "taker_side": "no"
        },
        {
            "trade_id": "5456516e-78d5-40be-a7ea-4554052e490c",
            "ticker": "KXHIGHCHI-25JAN05-B21.5",
            "count": 155,
            "created_time": "2025-01-05T21:31:01.097267Z",
            "yes_price": 3,
            "no_price": 97,
            "taker_side": "no"
        },
        {
            "trade_id": "e63064c7-4812-4290-862d-0b2438da1556",
            "ticker": "KXHIGHCHI-25JAN05-B21.5",
            "count": 300,
            "created_time": "2025-01-05T21:28:21.581555Z",
            "yes_price": 6,
            "no_price": 94,
            "taker_side": "yes"
        },
        {
            "trade_id": "920f7847-583b-4e32-b896-885b6ea0786c",
            "ticker": "KXHIGHCHI-25JAN05-B21.5",
            "count": 99,
            "created_time": "2025-01-05T21:28:21.581555Z",
            "yes_price": 6,
            "no_price": 94,
            "taker_side": "yes"
        },
        {
            "trade_id": "3f88a654-dfaf-4aa2-9ac9-8ebc6f7e370c",
            "ticker": "KXHIGHCHI-25JAN05-B21.5",
            "count": 1,
            "created_time": "2025-01-05T21:28:21.581555Z",
            "yes_price": 6,
            "no_price": 94,
            "taker_side": "yes"
        },
        {
            "trade_id": "faa94804-fa18-4df4-8f67-95e02e1d2af7",
            "ticker": "KXHIGHCHI-25JAN05-B21.5",
            "count": 500,
            "created_time": "2025-01-05T21:27:46.246401Z",
            "yes_price": 5,
            "no_price": 95,
            "taker_side": "yes"
        },
        {
            "trade_id": "f01ce38b-32a4-4f9b-8dd8-fccee0d764a3",
            "ticker": "KXHIGHCHI-25JAN05-B21.5",
            "count": 200,
            "created_time": "2025-01-05T21:27:46.246401Z",
            "yes_price": 5,
            "no_price": 95,
            "taker_side": "yes"
        },
        {
            "trade_id": "928ad030-21df-455e-8d88-422884b1c88e",
            "ticker": "KXHIGHCHI-25JAN05-B21.5",
            "count": 1,
            "created_time": "2025-01-05T21:27:46.246401Z",
            "yes_price": 5,
            "no_price": 95,
            "taker_side": "yes"
        },
        {
            "trade_id": "7a14b12b-5ebf-4043-99b4-404aa39dbbc3",
            "ticker": "KXHIGHCHI-25JAN05-B21.5",
            "count": 100,
            "created_time": "2025-01-05T21:27:46.246401Z",
            "yes_price": 5,
            "no_price": 95,
            "taker_side": "yes"
        },
        {
            "trade_id": "35bf251d-9b9b-4604-89c0-e7c692a45df3",
            "ticker": "KXHIGHCHI-25JAN05-B21.5",
            "count": 153,
            "created_time": "2025-01-05T21:27:46.246401Z",
            "yes_price": 5,
            "no_price": 95,
            "taker_side": "yes"
        },
        {
            "trade_id": "c7590d84-519d-4606-b55c-573b1295c215",
            "ticker": "KXHIGHCHI-25JAN05-B21.5",
            "count": 8,
            "created_time": "2025-01-05T21:24:38.529489Z",
            "yes_price": 5,
            "no_price": 95,
            "taker_side": "yes"
        },
        {
            "trade_id": "ff92c4d3-662e-4abf-99ed-fb2e477fde98",
            "ticker": "KXHIGHCHI-25JAN05-B21.5",
            "count": 100,
            "created_time": "2025-01-05T21:24:37.902234Z",
            "yes_price": 5,
            "no_price": 95,
            "taker_side": "yes"
        },
        {
            "trade_id": "ae4e3c09-46d6-4ea8-a7a2-be6a40ed3c2a",
            "ticker": "KXHIGHCHI-25JAN05-B21.5",
            "count": 100,
            "created_time": "2025-01-05T21:24:15.270316Z",
            "yes_price": 7,
            "no_price": 93,
            "taker_side": "yes"
        },
        {
            "trade_id": "8bdbc30c-23ae-4ecb-ad28-d577c2f86115",
            "ticker": "KXHIGHCHI-25JAN05-B21.5",
            "count": 99,
            "created_time": "2025-01-05T21:24:15.270316Z",
            "yes_price": 7,
            "no_price": 93,
            "taker_side": "yes"
        },
        {
            "trade_id": "17c3ae24-e321-45d7-bbf9-9d76d40cab1a",
            "ticker": "KXHIGHCHI-25JAN05-B21.5",
            "count": 1,
            "created_time": "2025-01-05T21:24:15.270316Z",
            "yes_price": 7,
            "no_price": 93,
            "taker_side": "yes"
        },
        {
            "trade_id": "1fa976ba-2269-49e7-ad90-77141aca539e",
            "ticker": "KXHIGHCHI-25JAN05-B21.5",
            "count": 200,
            "created_time": "2025-01-05T21:24:07.022947Z",
            "yes_price": 7,
            "no_price": 93,
            "taker_side": "yes"
        },
        {
            "trade_id": "e204a174-1368-47d1-bcf3-3fb3fb2ee621",
            "ticker": "KXHIGHCHI-25JAN05-B21.5",
            "count": 1,
            "created_time": "2025-01-05T21:23:26.193551Z",
            "yes_price": 7,
            "no_price": 93,
            "taker_side": "yes"
        },
        {
            "trade_id": "38573755-8766-48a2-a1f3-99205541b8c6",
            "ticker": "KXHIGHCHI-25JAN05-B21.5",
            "count": 200,
            "created_time": "2025-01-05T21:23:26.193551Z",
            "yes_price": 7,
            "no_price": 93,
            "taker_side": "yes"
        },
        {
            "trade_id": "00df2ee9-e327-40d2-934d-45ee2525baa9",
            "ticker": "KXHIGHCHI-25JAN05-B21.5",
            "count": 100,
            "created_time": "2025-01-05T21:23:26.193551Z",
            "yes_price": 7,
            "no_price": 93,
            "taker_side": "yes"
        },
        {
            "trade_id": "f9cb7931-8f5e-4d56-9f51-c51bb98d8783",
            "ticker": "KXHIGHCHI-25JAN05-B21.5",
            "count": 1,
            "created_time": "2025-01-05T21:23:16.632479Z",
            "yes_price": 6,
            "no_price": 94,
            "taker_side": "yes"
        },
        {
            "trade_id": "70f1619c-1e73-472c-9fc1-b72cd0f91dfe",
            "ticker": "KXHIGHCHI-25JAN05-B21.5",
            "count": 200,
            "created_time": "2025-01-05T21:23:16.632479Z",
            "yes_price": 6,
            "no_price": 94,
            "taker_side": "yes"
        },
        {
            "trade_id": "34b98368-cd3a-4fa0-ab4b-d70c8aa1a291",
            "ticker": "KXHIGHCHI-25JAN05-B21.5",
            "count": 100,
            "created_time": "2025-01-05T21:23:16.632479Z",
            "yes_price": 6,
            "no_price": 94,
            "taker_side": "yes"
        },
        {
            "trade_id": "a46954e9-d139-4aad-ae52-32c4e326f97d",
            "ticker": "KXHIGHCHI-25JAN05-B21.5",
            "count": 1,
            "created_time": "2025-01-05T21:21:56.056088Z",
            "yes_price": 5,
            "no_price": 95,
            "taker_side": "yes"
        },
        {
            "trade_id": "83bc5c06-7f15-4483-8915-f2361516b1eb",
            "ticker": "KXHIGHCHI-25JAN05-B21.5",
            "count": 200,
            "created_time": "2025-01-05T21:21:56.056088Z",
            "yes_price": 5,
            "no_price": 95,
            "taker_side": "yes"
        },
        {
            "trade_id": "6d159901-b5bf-4c36-a0b1-7b148b1fddc7",
            "ticker": "KXHIGHCHI-25JAN05-B21.5",
            "count": 1,
            "created_time": "2025-01-05T21:21:21.316368Z",
            "yes_price": 5,
            "no_price": 95,
            "taker_side": "yes"
        },
        {
            "trade_id": "53a0404b-c679-43c4-a9a0-7dc69804bd9d",
            "ticker": "KXHIGHCHI-25JAN05-B21.5",
            "count": 74,
            "created_time": "2025-01-05T21:21:21.316368Z",
            "yes_price": 5,
            "no_price": 95,
            "taker_side": "yes"
        },
        {
            "trade_id": "4bf813a8-dc7f-4593-a1e6-758aa5bf052c",
            "ticker": "KXHIGHCHI-25JAN05-B21.5",
            "count": 226,
            "created_time": "2025-01-05T21:21:21.316368Z",
            "yes_price": 5,
            "no_price": 95,
            "taker_side": "yes"
        },
        {
            "trade_id": "d3762380-56c5-4b7e-8806-c8c426215334",
            "ticker": "KXHIGHCHI-25JAN05-B21.5",
            "count": 126,
            "created_time": "2025-01-05T21:16:39.658839Z",
            "yes_price": 5,
            "no_price": 95,
            "taker_side": "yes"
        },
        {
            "trade_id": "7caa8fcb-f333-442c-91c7-b34f23cba74c",
            "ticker": "KXHIGHCHI-25JAN05-B21.5",
            "count": 185,
            "created_time": "2025-01-05T21:16:39.658839Z",
            "yes_price": 4,
            "no_price": 96,
            "taker_side": "yes"
        },
        {
            "trade_id": "2ac10fee-0207-479f-8bbf-b87424cc3d01",
            "ticker": "KXHIGHCHI-25JAN05-B21.5",
            "count": 100,
            "created_time": "2025-01-05T21:16:39.658839Z",
            "yes_price": 5,
            "no_price": 95,
            "taker_side": "yes"
        },
        {
            "trade_id": "b3b8ea2d-a4cc-4ec8-9eef-02ca76d4704a",
            "ticker": "KXHIGHCHI-25JAN05-B21.5",
            "count": 39,
            "created_time": "2025-01-05T21:13:15.467769Z",
            "yes_price": 2,
            "no_price": 98,
            "taker_side": "no"
        },
        {
            "trade_id": "62f43f0f-8c20-4704-bf61-971a20ca7ff6",
            "ticker": "KXHIGHCHI-25JAN05-B21.5",
            "count": 5,
            "created_time": "2025-01-05T21:09:47.694228Z",
            "yes_price": 2,
            "no_price": 98,
            "taker_side": "no"
        },
        {
            "trade_id": "2798e2f2-8786-498b-9114-077a2edd1cd8",
            "ticker": "KXHIGHCHI-25JAN05-B21.5",
            "count": 15,
            "created_time": "2025-01-05T21:05:30.293052Z",
            "yes_price": 4,
            "no_price": 96,
            "taker_side": "yes"
        },
        {
            "trade_id": "26fb8a3e-d0d7-4960-be26-421a334773d0",
            "ticker": "KXHIGHCHI-25JAN05-B21.5",
            "count": 104,
            "created_time": "2025-01-05T21:05:30.293052Z",
            "yes_price": 4,
            "no_price": 96,
            "taker_side": "yes"
        },
        {
            "trade_id": "43644011-235d-44ff-b613-f932e457e6f9",
            "ticker": "KXHIGHCHI-25JAN05-B21.5",
            "count": 50,
            "created_time": "2025-01-05T21:05:16.495889Z",
            "yes_price": 4,
            "no_price": 96,
            "taker_side": "yes"
        },
        {
            "trade_id": "15ebe99a-fadb-47d4-9b59-77d7601585a3",
            "ticker": "KXHIGHCHI-25JAN05-B21.5",
            "count": 100,
            "created_time": "2025-01-05T21:02:34.164948Z",
            "yes_price": 2,
            "no_price": 98,
            "taker_side": "yes"
        },
        {
            "trade_id": "b9615f9d-7f81-448e-9392-a941a108b78a",
            "ticker": "KXHIGHCHI-25JAN05-B21.5",
            "count": 8,
            "created_time": "2025-01-05T21:00:40.101163Z",
            "yes_price": 2,
            "no_price": 98,
            "taker_side": "no"
        },
        {
            "trade_id": "1c6fb716-6220-4b52-b0a4-48007d5bbc19",
            "ticker": "KXHIGHCHI-25JAN05-B21.5",
            "count": 36,
            "created_time": "2025-01-05T20:54:58.762762Z",
            "yes_price": 1,
            "no_price": 99,
            "taker_side": "no"
        },
        {
            "trade_id": "d5770406-8804-4bed-9163-d917b0145bbc",
            "ticker": "KXHIGHCHI-25JAN05-B21.5",
            "count": 15,
            "created_time": "2025-01-05T20:49:34.181729Z",
            "yes_price": 1,
            "no_price": 99,
            "taker_side": "no"
        },
        {
            "trade_id": "730324fc-22c0-4174-826f-8c647c73befd",
            "ticker": "KXHIGHCHI-25JAN05-B21.5",
            "count": 4,
            "created_time": "2025-01-05T20:48:53.053407Z",
            "yes_price": 2,
            "no_price": 98,
            "taker_side": "no"
        },
        {
            "trade_id": "8db98c81-1709-4d5b-a98d-d3e5352734bb",
            "ticker": "KXHIGHCHI-25JAN05-B21.5",
            "count": 1,
            "created_time": "2025-01-05T20:48:37.564502Z",
            "yes_price": 2,
            "no_price": 98,
            "taker_side": "no"
        },
        {
            "trade_id": "12ae3bc5-1cf7-4d27-bd0d-e1cb7f96c1ff",
            "ticker": "KXHIGHCHI-25JAN05-B21.5",
            "count": 69,
            "created_time": "2025-01-05T20:48:36.308497Z",
            "yes_price": 2,
            "no_price": 98,
            "taker_side": "no"
        },
        {
            "trade_id": "eb82b75e-aed1-4d88-911f-e4105d71f931",
            "ticker": "KXHIGHCHI-25JAN05-B21.5",
            "count": 69,
            "created_time": "2025-01-05T20:48:27.979007Z",
            "yes_price": 2,
            "no_price": 98,
            "taker_side": "no"
        },
        {
            "trade_id": "ef927176-dced-40dc-b590-20f2cb118a98",
            "ticker": "KXHIGHCHI-25JAN05-B21.5",
            "count": 10,
            "created_time": "2025-01-05T20:45:50.806251Z",
            "yes_price": 3,
            "no_price": 97,
            "taker_side": "yes"
        },
        {
            "trade_id": "e72832ac-d38a-40e5-a8bc-c2295ea8aaa5",
            "ticker": "KXHIGHCHI-25JAN05-B21.5",
            "count": 50,
            "created_time": "2025-01-05T20:45:50.806251Z",
            "yes_price": 3,
            "no_price": 97,
            "taker_side": "yes"
        },
        {
            "trade_id": "3c0e7c7b-5366-4df7-9d3d-ee4de1454809",
            "ticker": "KXHIGHCHI-25JAN05-B21.5",
            "count": 40,
            "created_time": "2025-01-05T20:45:50.806251Z",
            "yes_price": 3,
            "no_price": 97,
            "taker_side": "yes"
        },
        {
            "trade_id": "2fd3a4cc-3aab-4c93-9872-671eb516a242",
            "ticker": "KXHIGHCHI-25JAN05-B21.5",
            "count": 22,
            "created_time": "2025-01-05T20:44:34.090537Z",
            "yes_price": 1,
            "no_price": 99,
            "taker_side": "no"
        },
        {
            "trade_id": "a242f49d-b388-4e63-bc3f-69817e1f79f7",
            "ticker": "KXHIGHCHI-25JAN05-B21.5",
            "count": 2,
            "created_time": "2025-01-05T20:44:11.363603Z",
            "yes_price": 1,
            "no_price": 99,
            "taker_side": "no"
        },
        {
            "trade_id": "d116f07b-fb5b-484e-ad4f-8712e4ccd38c",
            "ticker": "KXHIGHCHI-25JAN05-B21.5",
            "count": 65,
            "created_time": "2025-01-05T20:42:55.363764Z",
            "yes_price": 2,
            "no_price": 98,
            "taker_side": "no"
        },
        {
            "trade_id": "efe942bb-afd2-4dd9-8a44-902f379a27d5",
            "ticker": "KXHIGHCHI-25JAN05-B21.5",
            "count": 300,
            "created_time": "2025-01-05T20:35:57.628876Z",
            "yes_price": 4,
            "no_price": 96,
            "taker_side": "yes"
        },
        {
            "trade_id": "b3a45a81-f69e-426f-8825-9de9a22eb513",
            "ticker": "KXHIGHCHI-25JAN05-B21.5",
            "count": 50,
            "created_time": "2025-01-05T20:35:57.628876Z",
            "yes_price": 4,
            "no_price": 96,
            "taker_side": "yes"
        },
        {
            "trade_id": "4c7e07bd-5af0-43f8-9f6f-797584454473",
            "ticker": "KXHIGHCHI-25JAN05-B21.5",
            "count": 151,
            "created_time": "2025-01-05T20:35:57.628876Z",
            "yes_price": 4,
            "no_price": 96,
            "taker_side": "yes"
        },
        {
            "trade_id": "51efb8be-d927-4df4-acc5-1a4749f17f1b",
            "ticker": "KXHIGHCHI-25JAN05-B21.5",
            "count": 151,
            "created_time": "2025-01-05T20:35:48.400318Z",
            "yes_price": 3,
            "no_price": 97,
            "taker_side": "yes"
        },
        {
            "trade_id": "4b57cde2-2b15-4c2a-8edc-047fcd0c581b",
            "ticker": "KXHIGHCHI-25JAN05-B21.5",
            "count": 130,
            "created_time": "2025-01-05T20:35:48.400318Z",
            "yes_price": 3,
            "no_price": 97,
            "taker_side": "yes"
        },
        {
            "trade_id": "416cf579-d4f6-4b9c-8567-1a91c1715ea9",
            "ticker": "KXHIGHCHI-25JAN05-B21.5",
            "count": 151,
            "created_time": "2025-01-05T20:35:40.852839Z",
            "yes_price": 2,
            "no_price": 98,
            "taker_side": "yes"
        },
        {
            "trade_id": "ef5cce60-4b69-49c5-94f0-6082230a56f3",
            "ticker": "KXHIGHCHI-25JAN05-B21.5",
            "count": 152,
            "created_time": "2025-01-05T20:35:24.935448Z",
            "yes_price": 2,
            "no_price": 98,
            "taker_side": "yes"
        },
        {
            "trade_id": "562a6ad0-436f-4204-b4f5-940816141a05",
            "ticker": "KXHIGHCHI-25JAN05-B21.5",
            "count": 11,
            "created_time": "2025-01-05T20:35:24.935448Z",
            "yes_price": 2,
            "no_price": 98,
            "taker_side": "yes"
        },
        {
            "trade_id": "42fa1e4f-c418-45eb-b57b-123fe02015a5",
            "ticker": "KXHIGHCHI-25JAN05-B21.5",
            "count": 320,
            "created_time": "2025-01-05T20:35:24.935448Z",
            "yes_price": 3,
            "no_price": 97,
            "taker_side": "yes"
        },
        {
            "trade_id": "ea8d3ca2-cb36-490d-a532-9ed03bc826fd",
            "ticker": "KXHIGHCHI-25JAN05-B21.5",
            "count": 20,
            "created_time": "2025-01-05T19:57:47.360128Z",
            "yes_price": 2,
            "no_price": 98,
            "taker_side": "yes"
        },
        {
            "trade_id": "cf6d5b16-47e2-4687-a5e1-b985db74236c",
            "ticker": "KXHIGHCHI-25JAN05-B21.5",
            "count": 5,
            "created_time": "2025-01-05T19:57:47.360128Z",
            "yes_price": 2,
            "no_price": 98,
            "taker_side": "yes"
        },
        {
            "trade_id": "aac1a625-e090-4102-91fc-d9ae872ea16f",
            "ticker": "KXHIGHCHI-25JAN05-B21.5",
            "count": 500,
            "created_time": "2025-01-05T19:54:13.549622Z",
            "yes_price": 1,
            "no_price": 99,
            "taker_side": "yes"
        },
        {
            "trade_id": "18e955f1-13c5-4dd9-88c3-9aa80cdb9a33",
            "ticker": "KXHIGHCHI-25JAN05-B21.5",
            "count": 1,
            "created_time": "2025-01-05T18:48:15.069444Z",
            "yes_price": 1,
            "no_price": 99,
            "taker_side": "no"
        },
        {
            "trade_id": "1420a401-031a-4677-b8b0-2be3bdce4036",
            "ticker": "KXHIGHCHI-25JAN05-B21.5",
            "count": 88,
            "created_time": "2025-01-05T18:10:34.361273Z",
            "yes_price": 3,
            "no_price": 97,
            "taker_side": "yes"
        },
        {
            "trade_id": "087ba249-491d-4d5a-88ae-ae186167db34",
            "ticker": "KXHIGHCHI-25JAN05-B21.5",
            "count": 12,
            "created_time": "2025-01-05T18:10:34.361273Z",
            "yes_price": 2,
            "no_price": 98,
            "taker_side": "yes"
        },
        {
            "trade_id": "961d937d-4418-4261-983b-40840ee0b64b",
            "ticker": "KXHIGHCHI-25JAN05-B21.5",
            "count": 351,
            "created_time": "2025-01-05T15:14:27.279195Z",
            "yes_price": 1,
            "no_price": 99,
            "taker_side": "no"
        },
        {
            "trade_id": "5ee80dea-ce5b-4207-bc9d-9b9e6fc84c55",
            "ticker": "KXHIGHCHI-25JAN05-B21.5",
            "count": 24,
            "created_time": "2025-01-05T15:05:32.884485Z",
            "yes_price": 1,
            "no_price": 99,
            "taker_side": "no"
        },
        {
            "trade_id": "02c64846-90e0-4795-9e79-841c56463a27",
            "ticker": "KXHIGHCHI-25JAN05-B21.5",
            "count": 49,
            "created_time": "2025-01-05T15:05:32.884485Z",
            "yes_price": 1,
            "no_price": 99,
            "taker_side": "no"
        },
        {
            "trade_id": "f2a32590-50c5-4173-9e5d-5254ef608dd3",
            "ticker": "KXHIGHCHI-25JAN05-B21.5",
            "count": 91,
            "created_time": "2025-01-05T14:57:55.730536Z",
            "yes_price": 1,
            "no_price": 99,
            "taker_side": "no"
        },
        {
            "trade_id": "24ca7b86-c096-4af2-b451-17da673924b9",
            "ticker": "KXHIGHCHI-25JAN05-B21.5",
            "count": 50,
            "created_time": "2025-01-05T14:56:01.554149Z",
            "yes_price": 1,
            "no_price": 99,
            "taker_side": "no"
        },
        {
            "trade_id": "aea1522c-e49f-43f7-ac8b-b552e72cbef4",
            "ticker": "KXHIGHCHI-25JAN05-B21.5",
            "count": 11,
            "created_time": "2025-01-05T14:53:30.339741Z",
            "yes_price": 1,
            "no_price": 99,
            "taker_side": "no"
        },
        {
            "trade_id": "ba151d5e-1905-4661-8af1-3d87344a9972",
            "ticker": "KXHIGHCHI-25JAN05-B21.5",
            "count": 100,
            "created_time": "2025-01-05T14:53:00.233101Z",
            "yes_price": 1,
            "no_price": 99,
            "taker_side": "no"
        },
        {
            "trade_id": "6189de42-bc03-4beb-8a63-2f32a8cd2529",
            "ticker": "KXHIGHCHI-25JAN05-B21.5",
            "count": 183,
            "created_time": "2025-01-05T14:07:22.863186Z",
            "yes_price": 2,
            "no_price": 98,
            "taker_side": "no"
        },
        {
            "trade_id": "56800675-6a07-43b9-8586-560ab8978c80",
            "ticker": "KXHIGHCHI-25JAN05-B21.5",
            "count": 5,
            "created_time": "2025-01-05T13:53:48.172449Z",
            "yes_price": 2,
            "no_price": 98,
            "taker_side": "no"
        },
        {
            "trade_id": "7225c0df-88d3-4d8f-971e-bb3ead09f98c",
            "ticker": "KXHIGHCHI-25JAN05-B21.5",
            "count": 3,
            "created_time": "2025-01-05T13:53:38.862546Z",
            "yes_price": 2,
            "no_price": 98,
            "taker_side": "no"
        },
        {
            "trade_id": "9b535aa8-ce9b-4524-82e1-0635153c8554",
            "ticker": "KXHIGHCHI-25JAN05-B21.5",
            "count": 15,
            "created_time": "2025-01-05T13:43:59.030055Z",
            "yes_price": 1,
            "no_price": 99,
            "taker_side": "no"
        },
        {
            "trade_id": "5cace86b-f133-481c-8719-ce7dfab8c575",
            "ticker": "KXHIGHCHI-25JAN05-B21.5",
            "count": 72,
            "created_time": "2025-01-05T13:19:18.177353Z",
            "yes_price": 2,
            "no_price": 98,
            "taker_side": "no"
        },
        {
            "trade_id": "c48f897c-b612-4404-ba05-f7863518012a",
            "ticker": "KXHIGHCHI-25JAN05-B21.5",
            "count": 8,
            "created_time": "2025-01-05T13:16:10.510579Z",
            "yes_price": 2,
            "no_price": 98,
            "taker_side": "no"
        },
        {
            "trade_id": "5f971492-d752-4d5f-8975-a842dcdaa7e2",
            "ticker": "KXHIGHCHI-25JAN05-B21.5",
            "count": 54,
            "created_time": "2025-01-05T13:15:47.819205Z",
            "yes_price": 2,
            "no_price": 98,
            "taker_side": "no"
        },
        {
            "trade_id": "bf6c18b1-1f6e-4b9d-9ce3-b0732fa1a0fa",
            "ticker": "KXHIGHCHI-25JAN05-B21.5",
            "count": 20,
            "created_time": "2025-01-05T13:12:47.839157Z",
            "yes_price": 1,
            "no_price": 99,
            "taker_side": "no"
        },
        {
            "trade_id": "4e9052e3-5e39-43c8-b2f2-5d23647ea22d",
            "ticker": "KXHIGHCHI-25JAN05-B21.5",
            "count": 15,
            "created_time": "2025-01-05T13:11:02.454922Z",
            "yes_price": 1,
            "no_price": 99,
            "taker_side": "no"
        },
        {
            "trade_id": "0a849d78-312a-467d-af70-d2df1860e9b7",
            "ticker": "KXHIGHCHI-25JAN05-B21.5",
            "count": 13,
            "created_time": "2025-01-05T13:09:52.361054Z",
            "yes_price": 1,
            "no_price": 99,
            "taker_side": "no"
        },
        {
            "trade_id": "03766bd1-3a52-4702-a8b7-879f91d158ce",
            "ticker": "KXHIGHCHI-25JAN05-B21.5",
            "count": 45,
            "created_time": "2025-01-05T07:45:16.282078Z",
            "yes_price": 1,
            "no_price": 99,
            "taker_side": "no"
        },
        {
            "trade_id": "d6506187-c3ba-4c6f-b347-342781928f16",
            "ticker": "KXHIGHCHI-25JAN05-B21.5",
            "count": 1,
            "created_time": "2025-01-05T06:19:11.409356Z",
            "yes_price": 1,
            "no_price": 99,
            "taker_side": "no"
        },
        {
            "trade_id": "6ce6a6a0-ed17-4f6a-8929-8caf821a0abd",
            "ticker": "KXHIGHCHI-25JAN05-B21.5",
            "count": 95,
            "created_time": "2025-01-05T05:35:43.898997Z",
            "yes_price": 1,
            "no_price": 99,
            "taker_side": "no"
        },
        {
            "trade_id": "15530c62-6991-422a-a739-a8a357eebc41",
            "ticker": "KXHIGHCHI-25JAN05-B21.5",
            "count": 20,
            "created_time": "2025-01-05T05:12:12.841297Z",
            "yes_price": 1,
            "no_price": 99,
            "taker_side": "no"
        },
        {
            "trade_id": "7f2408b3-dcdd-450a-ab60-c6244d2baa5a",
            "ticker": "KXHIGHCHI-25JAN05-B21.5",
            "count": 50,
            "created_time": "2025-01-05T02:19:32.857195Z",
            "yes_price": 1,
            "no_price": 99,
            "taker_side": "no"
        },
        {
            "trade_id": "a92cb018-33cd-4a0e-bf3c-11378aae6bee",
            "ticker": "KXHIGHCHI-25JAN05-B21.5",
            "count": 25,
            "created_time": "2025-01-05T00:10:10.888291Z",
            "yes_price": 5,
            "no_price": 95,
            "taker_side": "yes"
        },
        {
            "trade_id": "8589d64c-6a2f-4388-b93d-4b482f4bde15",
            "ticker": "KXHIGHCHI-25JAN05-B21.5",
            "count": 40,
            "created_time": "2025-01-04T23:17:06.776981Z",
            "yes_price": 5,
            "no_price": 95,
            "taker_side": "yes"
        }
    ],
    "KXHIGHCHI-25JAN05-B23.5": [
        {
            "trade_id": "33d273e0-0a15-4a71-ba71-a279697107a7",
            "ticker": "KXHIGHCHI-25JAN05-B23.5",
            "count": 100,
            "created_time": "2025-01-06T02:58:09.949407Z",
            "yes_price": 1,
            "no_price": 99,
            "taker_side": "yes"
        },
        {
            "trade_id": "16fd805c-6a34-4892-983e-3e3bb351a3a0",
            "ticker": "KXHIGHCHI-25JAN05-B23.5",
            "count": 924,
            "created_time": "2025-01-06T02:58:09.949407Z",
            "yes_price": 1,
            "no_price": 99,
            "taker_side": "yes"
        },
        {
            "trade_id": "d10aa513-9617-40d9-b71b-ab9644123510",
            "ticker": "KXHIGHCHI-25JAN05-B23.5",
            "count": 5,
            "created_time": "2025-01-05T22:49:19.185423Z",
            "yes_price": 1,
            "no_price": 99,
            "taker_side": "yes"
        },
        {
            "trade_id": "bec4744a-636b-4393-ada6-085fedad49e7",
            "ticker": "KXHIGHCHI-25JAN05-B23.5",
            "count": 230,
            "created_time": "2025-01-05T22:49:19.185423Z",
            "yes_price": 2,
            "no_price": 98,
            "taker_side": "yes"
        },
        {
            "trade_id": "f1436a70-b79a-42b6-8c9f-4eab89af4bd0",
            "ticker": "KXHIGHCHI-25JAN05-B23.5",
            "count": 31,
            "created_time": "2025-01-05T22:45:45.648162Z",
            "yes_price": 1,
            "no_price": 99,
            "taker_side": "no"
        },
        {
            "trade_id": "b65b877b-dd75-4c31-84f7-7a1a698d9568",
            "ticker": "KXHIGHCHI-25JAN05-B23.5",
            "count": 31,
            "created_time": "2025-01-05T22:45:45.648162Z",
            "yes_price": 1,
            "no_price": 99,
            "taker_side": "no"
        },
        {
            "trade_id": "eb037dc6-ac9f-4e14-a01e-23de1ceab6ab",
            "ticker": "KXHIGHCHI-25JAN05-B23.5",
            "count": 119,
            "created_time": "2025-01-05T22:45:13.066563Z",
            "yes_price": 1,
            "no_price": 99,
            "taker_side": "no"
        },
        {
            "trade_id": "cee40997-b531-40dc-9078-f916996923ac",
            "ticker": "KXHIGHCHI-25JAN05-B23.5",
            "count": 500,
            "created_time": "2025-01-05T22:45:13.066563Z",
            "yes_price": 1,
            "no_price": 99,
            "taker_side": "no"
        },
        {
            "trade_id": "c765c04b-b38a-465d-9aac-f47b5b0d8fb5",
            "ticker": "KXHIGHCHI-25JAN05-B23.5",
            "count": 1017,
            "created_time": "2025-01-05T22:45:13.066563Z",
            "yes_price": 1,
            "no_price": 99,
            "taker_side": "no"
        },
        {
            "trade_id": "ce332545-9392-4e58-aa1e-a7f62627a510",
            "ticker": "KXHIGHCHI-25JAN05-B23.5",
            "count": 2,
            "created_time": "2025-01-05T22:43:47.48096Z",
            "yes_price": 1,
            "no_price": 99,
            "taker_side": "no"
        },
        {
            "trade_id": "f69b6001-05bc-48fa-8865-29cf13725bb0",
            "ticker": "KXHIGHCHI-25JAN05-B23.5",
            "count": 624,
            "created_time": "2025-01-05T22:36:15.273534Z",
            "yes_price": 1,
            "no_price": 99,
            "taker_side": "no"
        },
        {
            "trade_id": "f1ace7b7-4e66-49af-9eb7-6693f3b32a6d",
            "ticker": "KXHIGHCHI-25JAN05-B23.5",
            "count": 20,
            "created_time": "2025-01-05T22:33:09.032808Z",
            "yes_price": 1,
            "no_price": 99,
            "taker_side": "no"
        },
        {
            "trade_id": "b10ae802-ab88-4101-9c87-27fbe4890187",
            "ticker": "KXHIGHCHI-25JAN05-B23.5",
            "count": 23,
            "created_time": "2025-01-05T22:33:09.032808Z",
            "yes_price": 1,
            "no_price": 99,
            "taker_side": "no"
        },
        {
            "trade_id": "6a2c16a4-fee4-417c-9d78-b057b1a12be5",
            "ticker": "KXHIGHCHI-25JAN05-B23.5",
            "count": 50,
            "created_time": "2025-01-05T22:33:09.032808Z",
            "yes_price": 1,
            "no_price": 99,
            "taker_side": "no"
        },
        {
            "trade_id": "607254af-f396-4e1c-9d51-328052f18ef3",
            "ticker": "KXHIGHCHI-25JAN05-B23.5",
            "count": 2,
            "created_time": "2025-01-05T22:17:36.409735Z",
            "yes_price": 2,
            "no_price": 98,
            "taker_side": "no"
        },
        {
            "trade_id": "51094555-74e9-4941-ba34-3206f0cc27ab",
            "ticker": "KXHIGHCHI-25JAN05-B23.5",
            "count": 3,
            "created_time": "2025-01-05T22:17:28.643386Z",
            "yes_price": 2,
            "no_price": 98,
            "taker_side": "no"
        },
        {
            "trade_id": "e507ea1c-f8f3-4a29-895e-480cef4fa34b",
            "ticker": "KXHIGHCHI-25JAN05-B23.5",
            "count": 334,
            "created_time": "2025-01-05T22:12:26.074442Z",
            "yes_price": 2,
            "no_price": 98,
            "taker_side": "no"
        },
        {
            "trade_id": "1dd6498e-2396-4ea5-9ec7-ca372b6ed56d",
            "ticker": "KXHIGHCHI-25JAN05-B23.5",
            "count": 141,
            "created_time": "2025-01-05T22:12:26.074442Z",
            "yes_price": 2,
            "no_price": 98,
            "taker_side": "no"
        },
        {
            "trade_id": "163d8aba-750c-4e5e-abca-80b608311227",
            "ticker": "KXHIGHCHI-25JAN05-B23.5",
            "count": 25,
            "created_time": "2025-01-05T22:12:26.074442Z",
            "yes_price": 2,
            "no_price": 98,
            "taker_side": "no"
        },
        {
            "trade_id": "cf128aba-52bd-4818-86c6-0ae4da5ab626",
            "ticker": "KXHIGHCHI-25JAN05-B23.5",
            "count": 300,
            "created_time": "2025-01-05T22:04:59.71815Z",
            "yes_price": 3,
            "no_price": 97,
            "taker_side": "yes"
        },
        {
            "trade_id": "9ae113d7-f251-4792-9319-f7106d1a03da",
            "ticker": "KXHIGHCHI-25JAN05-B23.5",
            "count": 89,
            "created_time": "2025-01-05T22:04:59.71815Z",
            "yes_price": 3,
            "no_price": 97,
            "taker_side": "yes"
        },
        {
            "trade_id": "12f2ecd2-f645-4f7c-809d-e2c3347df863",
            "ticker": "KXHIGHCHI-25JAN05-B23.5",
            "count": 14,
            "created_time": "2025-01-05T22:03:48.686478Z",
            "yes_price": 3,
            "no_price": 97,
            "taker_side": "no"
        },
        {
            "trade_id": "3fc7728b-81fe-4d5e-b7ea-2f3ce20f431d",
            "ticker": "KXHIGHCHI-25JAN05-B23.5",
            "count": 101,
            "created_time": "2025-01-05T22:03:44.049786Z",
            "yes_price": 3,
            "no_price": 97,
            "taker_side": "yes"
        },
        {
            "trade_id": "3deb0174-e2d3-4cac-9ddb-5a1e8529817a",
            "ticker": "KXHIGHCHI-25JAN05-B23.5",
            "count": 61,
            "created_time": "2025-01-05T22:03:44.049786Z",
            "yes_price": 3,
            "no_price": 97,
            "taker_side": "yes"
        },
        {
            "trade_id": "02808fd9-8806-40c0-adbc-a62aefb98474",
            "ticker": "KXHIGHCHI-25JAN05-B23.5",
            "count": 50,
            "created_time": "2025-01-05T22:02:43.118969Z",
            "yes_price": 3,
            "no_price": 97,
            "taker_side": "yes"
        },
        {
            "trade_id": "18a70218-b078-461e-805c-c457c91a7828",
            "ticker": "KXHIGHCHI-25JAN05-B23.5",
            "count": 2,
            "created_time": "2025-01-05T22:02:30.003261Z",
            "yes_price": 3,
            "no_price": 97,
            "taker_side": "no"
        },
        {
            "trade_id": "80fefd9b-121c-4131-8884-3b312bdd11f0",
            "ticker": "KXHIGHCHI-25JAN05-B23.5",
            "count": 9,
            "created_time": "2025-01-05T22:01:38.500352Z",
            "yes_price": 2,
            "no_price": 98,
            "taker_side": "no"
        },
        {
            "trade_id": "06c172fc-a784-4148-8be1-d42c284b5216",
            "ticker": "KXHIGHCHI-25JAN05-B23.5",
            "count": 72,
            "created_time": "2025-01-05T22:01:16.876198Z",
            "yes_price": 3,
            "no_price": 97,
            "taker_side": "yes"
        },
        {
            "trade_id": "25421047-2c82-43b4-99a9-a98dbe1e62b4",
            "ticker": "KXHIGHCHI-25JAN05-B23.5",
            "count": 152,
            "created_time": "2025-01-05T22:00:16.541692Z",
            "yes_price": 3,
            "no_price": 97,
            "taker_side": "yes"
        },
        {
            "trade_id": "e79d59a9-97ec-492e-89ad-7d4aaa2d9fd1",
            "ticker": "KXHIGHCHI-25JAN05-B23.5",
            "count": 25,
            "created_time": "2025-01-05T21:59:52.712265Z",
            "yes_price": 3,
            "no_price": 97,
            "taker_side": "yes"
        },
        {
            "trade_id": "0ffbc346-58bf-4cd0-84d6-6350de63f730",
            "ticker": "KXHIGHCHI-25JAN05-B23.5",
            "count": 151,
            "created_time": "2025-01-05T21:59:52.712265Z",
            "yes_price": 3,
            "no_price": 97,
            "taker_side": "yes"
        },
        {
            "trade_id": "06f5db38-2ab5-4975-b36e-4d394b156495",
            "ticker": "KXHIGHCHI-25JAN05-B23.5",
            "count": 168,
            "created_time": "2025-01-05T21:55:06.09036Z",
            "yes_price": 3,
            "no_price": 97,
            "taker_side": "no"
        },
        {
            "trade_id": "56bbc030-084d-4d34-9ca1-ca184ba2f16f",
            "ticker": "KXHIGHCHI-25JAN05-B23.5",
            "count": 150,
            "created_time": "2025-01-05T21:52:45.79625Z",
            "yes_price": 4,
            "no_price": 96,
            "taker_side": "yes"
        },
        {
            "trade_id": "bbd1764b-f4a5-4f60-9dc5-224fa1c229b0",
            "ticker": "KXHIGHCHI-25JAN05-B23.5",
            "count": 10,
            "created_time": "2025-01-05T21:50:59.863348Z",
            "yes_price": 5,
            "no_price": 95,
            "taker_side": "yes"
        },
        {
            "trade_id": "b49cc937-07e1-45d1-b16d-d9406143d2f3",
            "ticker": "KXHIGHCHI-25JAN05-B23.5",
            "count": 1,
            "created_time": "2025-01-05T21:50:59.863348Z",
            "yes_price": 4,
            "no_price": 96,
            "taker_side": "yes"
        },
        {
            "trade_id": "9c2da758-217d-408a-aab6-fa1a409de53e",
            "ticker": "KXHIGHCHI-25JAN05-B23.5",
            "count": 64,
            "created_time": "2025-01-05T21:50:59.863348Z",
            "yes_price": 4,
            "no_price": 96,
            "taker_side": "yes"
        },
        {
            "trade_id": "0722e22a-bc74-4741-a7bf-caab50741988",
            "ticker": "KXHIGHCHI-25JAN05-B23.5",
            "count": 31,
            "created_time": "2025-01-05T21:50:59.863348Z",
            "yes_price": 5,
            "no_price": 95,
            "taker_side": "yes"
        },
        {
            "trade_id": "ee17196c-7e90-428c-9312-2f99ecbc43a1",
            "ticker": "KXHIGHCHI-25JAN05-B23.5",
            "count": 86,
            "created_time": "2025-01-05T21:46:21.86054Z",
            "yes_price": 4,
            "no_price": 96,
            "taker_side": "yes"
        },
        {
            "trade_id": "b2d19ab3-0dc3-4882-8070-99ccc0e19b8d",
            "ticker": "KXHIGHCHI-25JAN05-B23.5",
            "count": 14,
            "created_time": "2025-01-05T21:46:21.86054Z",
            "yes_price": 4,
            "no_price": 96,
            "taker_side": "yes"
        },
        {
            "trade_id": "c5f33483-2c98-44de-bc90-219f6b5d7572",
            "ticker": "KXHIGHCHI-25JAN05-B23.5",
            "count": 35,
            "created_time": "2025-01-05T21:42:11.08319Z",
            "yes_price": 3,
            "no_price": 97,
            "taker_side": "yes"
        },
        {
            "trade_id": "a03b41af-1a69-48da-ae05-279097056481",
            "ticker": "KXHIGHCHI-25JAN05-B23.5",
            "count": 34,
            "created_time": "2025-01-05T21:42:11.08319Z",
            "yes_price": 3,
            "no_price": 97,
            "taker_side": "yes"
        },
        {
            "trade_id": "b8f6cf0f-3b3f-4a3b-9ecf-06a4e2e030c8",
            "ticker": "KXHIGHCHI-25JAN05-B23.5",
            "count": 4,
            "created_time": "2025-01-05T21:41:51.693464Z",
            "yes_price": 1,
            "no_price": 99,
            "taker_side": "no"
        },
        {
            "trade_id": "0ac80e15-683a-4e73-b0a2-6262bdbb62da",
            "ticker": "KXHIGHCHI-25JAN05-B23.5",
            "count": 33,
            "created_time": "2025-01-05T21:41:51.693464Z",
            "yes_price": 1,
            "no_price": 99,
            "taker_side": "no"
        },
        {
            "trade_id": "9a9b8cba-0142-458f-8deb-d16fab8bb30e",
            "ticker": "KXHIGHCHI-25JAN05-B23.5",
            "count": 1,
            "created_time": "2025-01-05T21:39:45.372588Z",
            "yes_price": 3,
            "no_price": 97,
            "taker_side": "no"
        },
        {
            "trade_id": "453da9f9-d92c-4d28-8b42-d5d72fdd59b9",
            "ticker": "KXHIGHCHI-25JAN05-B23.5",
            "count": 156,
            "created_time": "2025-01-05T21:34:18.076723Z",
            "yes_price": 4,
            "no_price": 96,
            "taker_side": "yes"
        },
        {
            "trade_id": "1dd280f8-75e6-45b3-a08d-289e9f0923df",
            "ticker": "KXHIGHCHI-25JAN05-B23.5",
            "count": 151,
            "created_time": "2025-01-05T21:34:18.076723Z",
            "yes_price": 3,
            "no_price": 97,
            "taker_side": "yes"
        },
        {
            "trade_id": "ea95a7a7-201e-489d-9890-d89128aa1e14",
            "ticker": "KXHIGHCHI-25JAN05-B23.5",
            "count": 1,
            "created_time": "2025-01-05T21:29:48.40969Z",
            "yes_price": 2,
            "no_price": 98,
            "taker_side": "no"
        },
        {
            "trade_id": "dde0b6ff-ea37-44a3-8c6a-cc7571cb4f2e",
            "ticker": "KXHIGHCHI-25JAN05-B23.5",
            "count": 406,
            "created_time": "2025-01-05T21:29:48.40969Z",
            "yes_price": 2,
            "no_price": 98,
            "taker_side": "no"
        },
        {
            "trade_id": "d7ca1114-280d-43eb-bd8d-126c338cca20",
            "ticker": "KXHIGHCHI-25JAN05-B23.5",
            "count": 102,
            "created_time": "2025-01-05T21:29:48.40969Z",
            "yes_price": 3,
            "no_price": 97,
            "taker_side": "no"
        },
        {
            "trade_id": "4817c7ae-9e06-44cb-9d65-49e2b0611eac",
            "ticker": "KXHIGHCHI-25JAN05-B23.5",
            "count": 1,
            "created_time": "2025-01-05T21:29:48.40969Z",
            "yes_price": 3,
            "no_price": 97,
            "taker_side": "no"
        },
        {
            "trade_id": "ac957394-5481-4de6-ae09-3db3ddbea5af",
            "ticker": "KXHIGHCHI-25JAN05-B23.5",
            "count": 1,
            "created_time": "2025-01-05T21:29:19.025595Z",
            "yes_price": 3,
            "no_price": 97,
            "taker_side": "no"
        },
        {
            "trade_id": "46d477ea-ed94-4ac8-b2b3-db4841fbf3ba",
            "ticker": "KXHIGHCHI-25JAN05-B23.5",
            "count": 513,
            "created_time": "2025-01-05T21:29:19.025595Z",
            "yes_price": 3,
            "no_price": 97,
            "taker_side": "no"
        },
        {
            "trade_id": "d3f9ccd1-8cad-416f-9bb6-b91510a65633",
            "ticker": "KXHIGHCHI-25JAN05-B23.5",
            "count": 66,
            "created_time": "2025-01-05T21:28:30.933966Z",
            "yes_price": 4,
            "no_price": 96,
            "taker_side": "yes"
        },
        {
            "trade_id": "acc03672-ad7d-4856-a1a1-aa0ed854db83",
            "ticker": "KXHIGHCHI-25JAN05-B23.5",
            "count": 34,
            "created_time": "2025-01-05T21:28:30.933966Z",
            "yes_price": 4,
            "no_price": 96,
            "taker_side": "yes"
        },
        {
            "trade_id": "1793f4b8-b20f-46b0-b48e-c62230263210",
            "ticker": "KXHIGHCHI-25JAN05-B23.5",
            "count": 194,
            "created_time": "2025-01-05T21:23:57.956296Z",
            "yes_price": 5,
            "no_price": 95,
            "taker_side": "yes"
        },
        {
            "trade_id": "0156df7c-23e1-43db-ba8b-9773de5bef46",
            "ticker": "KXHIGHCHI-25JAN05-B23.5",
            "count": 6,
            "created_time": "2025-01-05T21:23:57.956296Z",
            "yes_price": 4,
            "no_price": 96,
            "taker_side": "yes"
        },
        {
            "trade_id": "90283fe1-e5ad-4910-9549-2b7822c7a12e",
            "ticker": "KXHIGHCHI-25JAN05-B23.5",
            "count": 2,
            "created_time": "2025-01-05T21:23:51.505625Z",
            "yes_price": 4,
            "no_price": 96,
            "taker_side": "yes"
        },
        {
            "trade_id": "3057400e-e4e7-44e1-abdc-fbf4d86fb984",
            "ticker": "KXHIGHCHI-25JAN05-B23.5",
            "count": 6,
            "created_time": "2025-01-05T21:23:43.959416Z",
            "yes_price": 4,
            "no_price": 96,
            "taker_side": "yes"
        },
        {
            "trade_id": "9bdcb899-ff7c-41ce-8d2d-43f22ed93d71",
            "ticker": "KXHIGHCHI-25JAN05-B23.5",
            "count": 87,
            "created_time": "2025-01-05T21:23:20.970145Z",
            "yes_price": 5,
            "no_price": 95,
            "taker_side": "yes"
        },
        {
            "trade_id": "4b07da64-d852-44cc-aeb9-4a9ea064d4a2",
            "ticker": "KXHIGHCHI-25JAN05-B23.5",
            "count": 100,
            "created_time": "2025-01-05T21:23:20.970145Z",
            "yes_price": 5,
            "no_price": 95,
            "taker_side": "yes"
        },
        {
            "trade_id": "ed21c659-b220-4c75-93c4-aff7c2411594",
            "ticker": "KXHIGHCHI-25JAN05-B23.5",
            "count": 100,
            "created_time": "2025-01-05T21:18:46.655439Z",
            "yes_price": 5,
            "no_price": 95,
            "taker_side": "yes"
        },
        {
            "trade_id": "cf4a780f-c8cc-402f-8c85-ef9df272839c",
            "ticker": "KXHIGHCHI-25JAN05-B23.5",
            "count": 56,
            "created_time": "2025-01-05T21:18:46.655439Z",
            "yes_price": 5,
            "no_price": 95,
            "taker_side": "yes"
        },
        {
            "trade_id": "c6591110-8a69-4fb2-962a-d42a6718e4d4",
            "ticker": "KXHIGHCHI-25JAN05-B23.5",
            "count": 144,
            "created_time": "2025-01-05T21:18:46.655439Z",
            "yes_price": 5,
            "no_price": 95,
            "taker_side": "yes"
        },
        {
            "trade_id": "10da8079-8daa-40fe-ac51-e72430cd8140",
            "ticker": "KXHIGHCHI-25JAN05-B23.5",
            "count": 303,
            "created_time": "2025-01-05T21:18:46.655439Z",
            "yes_price": 5,
            "no_price": 95,
            "taker_side": "yes"
        },
        {
            "trade_id": "eedd0fdc-21ff-4499-afe2-eafd42d6b97e",
            "ticker": "KXHIGHCHI-25JAN05-B23.5",
            "count": 225,
            "created_time": "2025-01-05T21:17:04.673574Z",
            "yes_price": 5,
            "no_price": 95,
            "taker_side": "yes"
        },
        {
            "trade_id": "7a533c88-2d7c-4b8f-a578-952d1574afb2",
            "ticker": "KXHIGHCHI-25JAN05-B23.5",
            "count": 56,
            "created_time": "2025-01-05T21:17:04.673574Z",
            "yes_price": 5,
            "no_price": 95,
            "taker_side": "yes"
        },
        {
            "trade_id": "a7930460-17e2-4d5c-9fad-0d517955e580",
            "ticker": "KXHIGHCHI-25JAN05-B23.5",
            "count": 87,
            "created_time": "2025-01-05T21:15:56.618289Z",
            "yes_price": 5,
            "no_price": 95,
            "taker_side": "yes"
        },
        {
            "trade_id": "9a69e59f-62bd-4e36-ba98-fa7453393033",
            "ticker": "KXHIGHCHI-25JAN05-B23.5",
            "count": 100,
            "created_time": "2025-01-05T21:15:56.618289Z",
            "yes_price": 5,
            "no_price": 95,
            "taker_side": "yes"
        },
        {
            "trade_id": "c49ce3d0-7259-4798-b92d-cb65af31c885",
            "ticker": "KXHIGHCHI-25JAN05-B23.5",
            "count": 3,
            "created_time": "2025-01-05T20:57:00.421812Z",
            "yes_price": 2,
            "no_price": 98,
            "taker_side": "no"
        },
        {
            "trade_id": "67abb085-5840-443f-81f9-05ebc790c7e8",
            "ticker": "KXHIGHCHI-25JAN05-B23.5",
            "count": 227,
            "created_time": "2025-01-05T20:57:00.421812Z",
            "yes_price": 3,
            "no_price": 97,
            "taker_side": "no"
        },
        {
            "trade_id": "516cc85e-a668-4175-9c66-3dd1b99183c6",
            "ticker": "KXHIGHCHI-25JAN05-B23.5",
            "count": 106,
            "created_time": "2025-01-05T20:57:00.421812Z",
            "yes_price": 4,
            "no_price": 96,
            "taker_side": "no"
        },
        {
            "trade_id": "1376051a-3c5a-487b-b49d-bb8d8ddabde9",
            "ticker": "KXHIGHCHI-25JAN05-B23.5",
            "count": 267,
            "created_time": "2025-01-05T20:57:00.421812Z",
            "yes_price": 1,
            "no_price": 99,
            "taker_side": "no"
        },
        {
            "trade_id": "5eaad902-85e9-480b-b84e-2f8c7e21e875",
            "ticker": "KXHIGHCHI-25JAN05-B23.5",
            "count": 93,
            "created_time": "2025-01-05T20:55:22.227531Z",
            "yes_price": 6,
            "no_price": 94,
            "taker_side": "yes"
        },
        {
            "trade_id": "54c4a54d-3acc-400b-b39d-0aed32bb37b0",
            "ticker": "KXHIGHCHI-25JAN05-B23.5",
            "count": 3,
            "created_time": "2025-01-05T20:55:18.961644Z",
            "yes_price": 5,
            "no_price": 95,
            "taker_side": "no"
        },
        {
            "trade_id": "aa2c962e-d799-4acc-a638-44288fef36c9",
            "ticker": "KXHIGHCHI-25JAN05-B23.5",
            "count": 100,
            "created_time": "2025-01-05T20:55:00.611786Z",
            "yes_price": 5,
            "no_price": 95,
            "taker_side": "no"
        },
        {
            "trade_id": "54d9b64a-50b6-497a-8224-fbbddef08eee",
            "ticker": "KXHIGHCHI-25JAN05-B23.5",
            "count": 36,
            "created_time": "2025-01-05T20:54:58.737193Z",
            "yes_price": 5,
            "no_price": 95,
            "taker_side": "no"
        },
        {
            "trade_id": "c16cbd9e-4435-4ac3-b5bd-ef1c34176156",
            "ticker": "KXHIGHCHI-25JAN05-B23.5",
            "count": 312,
            "created_time": "2025-01-05T20:54:48.875047Z",
            "yes_price": 5,
            "no_price": 95,
            "taker_side": "yes"
        },
        {
            "trade_id": "7937691a-227d-471a-b07a-0b936ee1582e",
            "ticker": "KXHIGHCHI-25JAN05-B23.5",
            "count": 100,
            "created_time": "2025-01-05T20:54:48.875047Z",
            "yes_price": 5,
            "no_price": 95,
            "taker_side": "yes"
        },
        {
            "trade_id": "2d8e0342-2972-4288-ac92-d1e15c812ba8",
            "ticker": "KXHIGHCHI-25JAN05-B23.5",
            "count": 200,
            "created_time": "2025-01-05T20:54:48.875047Z",
            "yes_price": 5,
            "no_price": 95,
            "taker_side": "yes"
        },
        {
            "trade_id": "755f9a87-0738-4c3d-8384-5e844bb3a5fe",
            "ticker": "KXHIGHCHI-25JAN05-B23.5",
            "count": 2,
            "created_time": "2025-01-05T20:52:08.6231Z",
            "yes_price": 4,
            "no_price": 96,
            "taker_side": "yes"
        },
        {
            "trade_id": "731ed98b-c8ff-466f-b06b-bdde3f3bb3d8",
            "ticker": "KXHIGHCHI-25JAN05-B23.5",
            "count": 1,
            "created_time": "2025-01-05T20:49:55.310761Z",
            "yes_price": 3,
            "no_price": 97,
            "taker_side": "no"
        },
        {
            "trade_id": "4eabe9a7-1e22-4e0b-9dec-6d61cb5141e5",
            "ticker": "KXHIGHCHI-25JAN05-B23.5",
            "count": 74,
            "created_time": "2025-01-05T20:49:55.310761Z",
            "yes_price": 3,
            "no_price": 97,
            "taker_side": "no"
        },
        {
            "trade_id": "57756dc8-a262-4ad7-afb1-1ca2e54a5362",
            "ticker": "KXHIGHCHI-25JAN05-B23.5",
            "count": 75,
            "created_time": "2025-01-05T20:49:28.49844Z",
            "yes_price": 3,
            "no_price": 97,
            "taker_side": "no"
        },
        {
            "trade_id": "543361a8-6ced-41e3-b339-178078e1384f",
            "ticker": "KXHIGHCHI-25JAN05-B23.5",
            "count": 14,
            "created_time": "2025-01-05T20:48:30.680298Z",
            "yes_price": 4,
            "no_price": 96,
            "taker_side": "yes"
        },
        {
            "trade_id": "1fe7053f-ba9d-4b56-855c-573d64c235b0",
            "ticker": "KXHIGHCHI-25JAN05-B23.5",
            "count": 100,
            "created_time": "2025-01-05T20:46:23.928468Z",
            "yes_price": 5,
            "no_price": 95,
            "taker_side": "yes"
        },
        {
            "trade_id": "dd383bcd-b002-474b-b55d-dbc1d297cba8",
            "ticker": "KXHIGHCHI-25JAN05-B23.5",
            "count": 9,
            "created_time": "2025-01-05T20:45:41.822524Z",
            "yes_price": 4,
            "no_price": 96,
            "taker_side": "yes"
        },
        {
            "trade_id": "d2088d71-a174-464c-b346-e248febabbbc",
            "ticker": "KXHIGHCHI-25JAN05-B23.5",
            "count": 37,
            "created_time": "2025-01-05T20:45:41.822524Z",
            "yes_price": 5,
            "no_price": 95,
            "taker_side": "yes"
        },
        {
            "trade_id": "7c939ebd-a66d-45db-bae8-72abd23ec9f1",
            "ticker": "KXHIGHCHI-25JAN05-B23.5",
            "count": 150,
            "created_time": "2025-01-05T20:45:41.822524Z",
            "yes_price": 5,
            "no_price": 95,
            "taker_side": "yes"
        },
        {
            "trade_id": "6d2a0e2b-38e5-4167-961b-fb48f0478ef2",
            "ticker": "KXHIGHCHI-25JAN05-B23.5",
            "count": 200,
            "created_time": "2025-01-05T20:45:41.822524Z",
            "yes_price": 5,
            "no_price": 95,
            "taker_side": "yes"
        },
        {
            "trade_id": "6b4aa1ec-6d0b-4bf8-b0d7-97d34081e2f5",
            "ticker": "KXHIGHCHI-25JAN05-B23.5",
            "count": 312,
            "created_time": "2025-01-05T20:45:41.822524Z",
            "yes_price": 5,
            "no_price": 95,
            "taker_side": "yes"
        },
        {
            "trade_id": "6b3a7650-2df1-4885-9a1a-ac53072a6d73",
            "ticker": "KXHIGHCHI-25JAN05-B23.5",
            "count": 63,
            "created_time": "2025-01-05T20:45:41.822524Z",
            "yes_price": 5,
            "no_price": 95,
            "taker_side": "yes"
        },
        {
            "trade_id": "e2b88b06-aad5-4b17-80b6-eb7400ba6334",
            "ticker": "KXHIGHCHI-25JAN05-B23.5",
            "count": 22,
            "created_time": "2025-01-05T20:44:34.115627Z",
            "yes_price": 3,
            "no_price": 97,
            "taker_side": "no"
        },
        {
            "trade_id": "8bb02f6c-155e-4bdc-a595-7352b74b17da",
            "ticker": "KXHIGHCHI-25JAN05-B23.5",
            "count": 2,
            "created_time": "2025-01-05T20:44:11.395022Z",
            "yes_price": 3,
            "no_price": 97,
            "taker_side": "no"
        },
        {
            "trade_id": "baf0427b-6d9e-4991-8ca9-957087834654",
            "ticker": "KXHIGHCHI-25JAN05-B23.5",
            "count": 73,
            "created_time": "2025-01-05T20:43:01.8729Z",
            "yes_price": 3,
            "no_price": 97,
            "taker_side": "no"
        },
        {
            "trade_id": "0ce3f07b-275b-4664-8b44-a5f04ea88a67",
            "ticker": "KXHIGHCHI-25JAN05-B23.5",
            "count": 37,
            "created_time": "2025-01-05T20:39:50.131318Z",
            "yes_price": 5,
            "no_price": 95,
            "taker_side": "yes"
        },
        {
            "trade_id": "196c9210-e594-492e-9672-b23110fd81f9",
            "ticker": "KXHIGHCHI-25JAN05-B23.5",
            "count": 27,
            "created_time": "2025-01-05T20:38:17.884789Z",
            "yes_price": 3,
            "no_price": 97,
            "taker_side": "no"
        },
        {
            "trade_id": "d321aa40-2bf0-464c-9028-ca5b60559151",
            "ticker": "KXHIGHCHI-25JAN05-B23.5",
            "count": 152,
            "created_time": "2025-01-05T20:22:35.841035Z",
            "yes_price": 5,
            "no_price": 95,
            "taker_side": "yes"
        },
        {
            "trade_id": "08bc69f2-e7e6-415c-b54f-5d32ff27bcf0",
            "ticker": "KXHIGHCHI-25JAN05-B23.5",
            "count": 300,
            "created_time": "2025-01-05T20:22:35.841035Z",
            "yes_price": 5,
            "no_price": 95,
            "taker_side": "yes"
        },
        {
            "trade_id": "f40fd64d-8d58-417e-a5a2-ff54b0883705",
            "ticker": "KXHIGHCHI-25JAN05-B23.5",
            "count": 168,
            "created_time": "2025-01-05T20:16:48.286109Z",
            "yes_price": 14,
            "no_price": 86,
            "taker_side": "yes"
        },
        {
            "trade_id": "e52a6b46-ef4c-4782-9850-3fc251401aa2",
            "ticker": "KXHIGHCHI-25JAN05-B23.5",
            "count": 1,
            "created_time": "2025-01-05T20:16:48.286109Z",
            "yes_price": 15,
            "no_price": 85,
            "taker_side": "yes"
        },
        {
            "trade_id": "9c3eaca6-c396-4602-be7e-832e198c533c",
            "ticker": "KXHIGHCHI-25JAN05-B23.5",
            "count": 1,
            "created_time": "2025-01-05T20:16:48.286109Z",
            "yes_price": 14,
            "no_price": 86,
            "taker_side": "yes"
        },
        {
            "trade_id": "717e2941-4543-431c-ade6-b2198e38df13",
            "ticker": "KXHIGHCHI-25JAN05-B23.5",
            "count": 13,
            "created_time": "2025-01-05T20:16:48.286109Z",
            "yes_price": 14,
            "no_price": 86,
            "taker_side": "yes"
        },
        {
            "trade_id": "35b13404-17ba-43fc-b0ff-15498d91acad",
            "ticker": "KXHIGHCHI-25JAN05-B23.5",
            "count": 13,
            "created_time": "2025-01-05T20:16:48.286109Z",
            "yes_price": 3,
            "no_price": 97,
            "taker_side": "yes"
        },
        {
            "trade_id": "2cf36619-4c62-47db-b085-570e450922b9",
            "ticker": "KXHIGHCHI-25JAN05-B23.5",
            "count": 143,
            "created_time": "2025-01-05T20:16:48.286109Z",
            "yes_price": 15,
            "no_price": 85,
            "taker_side": "yes"
        },
        {
            "trade_id": "230ce8bf-3d43-4c37-b9f2-fc5b6e0b3ecf",
            "ticker": "KXHIGHCHI-25JAN05-B23.5",
            "count": 301,
            "created_time": "2025-01-05T20:16:48.286109Z",
            "yes_price": 15,
            "no_price": 85,
            "taker_side": "yes"
        },
        {
            "trade_id": "110523cb-d92b-40a6-bddb-ac769ebca2c9",
            "ticker": "KXHIGHCHI-25JAN05-B23.5",
            "count": 13,
            "created_time": "2025-01-05T20:16:48.286109Z",
            "yes_price": 13,
            "no_price": 87,
            "taker_side": "yes"
        },
        {
            "trade_id": "cd2ec62b-bcca-405f-9064-802134bf174f",
            "ticker": "KXHIGHCHI-25JAN05-B23.5",
            "count": 7,
            "created_time": "2025-01-05T20:08:17.110856Z",
            "yes_price": 4,
            "no_price": 96,
            "taker_side": "yes"
        },
        {
            "trade_id": "fde5bfd2-f6b2-4466-a464-a3095e214f1d",
            "ticker": "KXHIGHCHI-25JAN05-B23.5",
            "count": 7,
            "created_time": "2025-01-05T20:07:00.221116Z",
            "yes_price": 1,
            "no_price": 99,
            "taker_side": "yes"
        },
        {
            "trade_id": "b697ad90-2d5a-4291-963b-720de758a713",
            "ticker": "KXHIGHCHI-25JAN05-B23.5",
            "count": 150,
            "created_time": "2025-01-05T20:07:00.221116Z",
            "yes_price": 2,
            "no_price": 98,
            "taker_side": "yes"
        },
        {
            "trade_id": "8dd0cb68-a5f3-4096-a087-5fd3e557f341",
            "ticker": "KXHIGHCHI-25JAN05-B23.5",
            "count": 77,
            "created_time": "2025-01-05T20:07:00.221116Z",
            "yes_price": 2,
            "no_price": 98,
            "taker_side": "yes"
        },
        {
            "trade_id": "c57ae9a0-7c27-423d-9c47-b9084e6bff44",
            "ticker": "KXHIGHCHI-25JAN05-B23.5",
            "count": 500,
            "created_time": "2025-01-05T20:01:12.849714Z",
            "yes_price": 1,
            "no_price": 99,
            "taker_side": "yes"
        },
        {
            "trade_id": "8bf37d59-76f2-4a89-86ca-a928f494146d",
            "ticker": "KXHIGHCHI-25JAN05-B23.5",
            "count": 110,
            "created_time": "2025-01-05T19:57:51.774955Z",
            "yes_price": 1,
            "no_price": 99,
            "taker_side": "yes"
        },
        {
            "trade_id": "1167ee2e-b014-4665-b775-cf25b75f1674",
            "ticker": "KXHIGHCHI-25JAN05-B23.5",
            "count": 50,
            "created_time": "2025-01-05T19:18:38.664313Z",
            "yes_price": 1,
            "no_price": 99,
            "taker_side": "no"
        },
        {
            "trade_id": "9e034fd6-72c1-434b-a93a-620202b0a029",
            "ticker": "KXHIGHCHI-25JAN05-B23.5",
            "count": 20,
            "created_time": "2025-01-05T18:56:05.523056Z",
            "yes_price": 4,
            "no_price": 96,
            "taker_side": "yes"
        },
        {
            "trade_id": "6c737f72-ce7d-462f-9d58-5aa0f68aaaf2",
            "ticker": "KXHIGHCHI-25JAN05-B23.5",
            "count": 4,
            "created_time": "2025-01-05T18:38:17.946315Z",
            "yes_price": 5,
            "no_price": 95,
            "taker_side": "yes"
        },
        {
            "trade_id": "7fcf7895-0598-423d-9c76-40d0bde745cc",
            "ticker": "KXHIGHCHI-25JAN05-B23.5",
            "count": 7,
            "created_time": "2025-01-05T18:37:32.730081Z",
            "yes_price": 3,
            "no_price": 97,
            "taker_side": "no"
        },
        {
            "trade_id": "57e57047-a7f9-4340-858b-7ae0bff20dda",
            "ticker": "KXHIGHCHI-25JAN05-B23.5",
            "count": 200,
            "created_time": "2025-01-05T18:37:15.248361Z",
            "yes_price": 6,
            "no_price": 94,
            "taker_side": "yes"
        },
        {
            "trade_id": "48183751-8e88-4947-b762-fc15bbbab923",
            "ticker": "KXHIGHCHI-25JAN05-B23.5",
            "count": 149,
            "created_time": "2025-01-05T18:37:02.470626Z",
            "yes_price": 5,
            "no_price": 95,
            "taker_side": "yes"
        },
        {
            "trade_id": "97403fdb-c587-46c6-97a3-0fb14fdf022e",
            "ticker": "KXHIGHCHI-25JAN05-B23.5",
            "count": 2,
            "created_time": "2025-01-05T18:36:36.655786Z",
            "yes_price": 3,
            "no_price": 97,
            "taker_side": "yes"
        },
        {
            "trade_id": "afcc15d5-1384-467e-9c57-dd3af62aa276",
            "ticker": "KXHIGHCHI-25JAN05-B23.5",
            "count": 107,
            "created_time": "2025-01-05T18:36:23.632733Z",
            "yes_price": 4,
            "no_price": 96,
            "taker_side": "yes"
        },
        {
            "trade_id": "31ce69bf-2519-4cda-8d75-3869e00521df",
            "ticker": "KXHIGHCHI-25JAN05-B23.5",
            "count": 300,
            "created_time": "2025-01-05T18:36:23.632733Z",
            "yes_price": 5,
            "no_price": 95,
            "taker_side": "yes"
        },
        {
            "trade_id": "003525f6-1cef-4c91-a65e-14e5a8ec7008",
            "ticker": "KXHIGHCHI-25JAN05-B23.5",
            "count": 500,
            "created_time": "2025-01-05T18:36:23.632733Z",
            "yes_price": 5,
            "no_price": 95,
            "taker_side": "yes"
        },
        {
            "trade_id": "4695cbea-8b33-4a98-8a0b-c4ff87796a5b",
            "ticker": "KXHIGHCHI-25JAN05-B23.5",
            "count": 3,
            "created_time": "2025-01-05T18:36:07.752331Z",
            "yes_price": 3,
            "no_price": 97,
            "taker_side": "yes"
        },
        {
            "trade_id": "1fe5f031-876d-4e8f-848f-da01bf9c1503",
            "ticker": "KXHIGHCHI-25JAN05-B23.5",
            "count": 53,
            "created_time": "2025-01-05T18:36:00.315829Z",
            "yes_price": 4,
            "no_price": 96,
            "taker_side": "yes"
        },
        {
            "trade_id": "5c95643b-fc2e-428c-8508-4de5a1f51696",
            "ticker": "KXHIGHCHI-25JAN05-B23.5",
            "count": 100,
            "created_time": "2025-01-05T18:35:13.170088Z",
            "yes_price": 4,
            "no_price": 96,
            "taker_side": "yes"
        },
        {
            "trade_id": "941daa70-347d-44a6-bd3d-2882e766820d",
            "ticker": "KXHIGHCHI-25JAN05-B23.5",
            "count": 12,
            "created_time": "2025-01-05T18:28:30.150753Z",
            "yes_price": 3,
            "no_price": 97,
            "taker_side": "yes"
        },
        {
            "trade_id": "69ae794b-e487-43de-979c-7c108beaa9d2",
            "ticker": "KXHIGHCHI-25JAN05-B23.5",
            "count": 88,
            "created_time": "2025-01-05T18:10:53.999966Z",
            "yes_price": 3,
            "no_price": 97,
            "taker_side": "yes"
        },
        {
            "trade_id": "14759b0e-4cb1-4fb3-b84b-c64d92d06275",
            "ticker": "KXHIGHCHI-25JAN05-B23.5",
            "count": 12,
            "created_time": "2025-01-05T18:10:53.999966Z",
            "yes_price": 2,
            "no_price": 98,
            "taker_side": "yes"
        },
        {
            "trade_id": "b47d1978-046c-4cc6-922f-1eb1d7ee06f1",
            "ticker": "KXHIGHCHI-25JAN05-B23.5",
            "count": 27,
            "created_time": "2025-01-05T15:42:33.025314Z",
            "yes_price": 3,
            "no_price": 97,
            "taker_side": "yes"
        },
        {
            "trade_id": "f2a6af5b-276f-427c-bee9-502ebf643a56",
            "ticker": "KXHIGHCHI-25JAN05-B23.5",
            "count": 50,
            "created_time": "2025-01-05T14:56:01.592746Z",
            "yes_price": 1,
            "no_price": 99,
            "taker_side": "no"
        },
        {
            "trade_id": "fcf8fa03-bcbf-4e72-bb45-5fb3b1af7f9f",
            "ticker": "KXHIGHCHI-25JAN05-B23.5",
            "count": 98,
            "created_time": "2025-01-05T14:53:25.759146Z",
            "yes_price": 1,
            "no_price": 99,
            "taker_side": "no"
        },
        {
            "trade_id": "e9ae37cb-5fff-42cb-9a90-6acb2d3bd79f",
            "ticker": "KXHIGHCHI-25JAN05-B23.5",
            "count": 14,
            "created_time": "2025-01-05T14:53:25.759146Z",
            "yes_price": 1,
            "no_price": 99,
            "taker_side": "no"
        },
        {
            "trade_id": "6f1dba43-7005-427f-a551-607f6619419c",
            "ticker": "KXHIGHCHI-25JAN05-B23.5",
            "count": 6,
            "created_time": "2025-01-05T14:50:26.721617Z",
            "yes_price": 1,
            "no_price": 99,
            "taker_side": "no"
        },
        {
            "trade_id": "16e7f6f0-7ee0-4384-86ac-04741daec15e",
            "ticker": "KXHIGHCHI-25JAN05-B23.5",
            "count": 1,
            "created_time": "2025-01-05T14:50:26.721617Z",
            "yes_price": 1,
            "no_price": 99,
            "taker_side": "no"
        },
        {
            "trade_id": "7afbac0d-4121-4094-ab49-c9b674ec1684",
            "ticker": "KXHIGHCHI-25JAN05-B23.5",
            "count": 8,
            "created_time": "2025-01-05T14:50:17.281639Z",
            "yes_price": 1,
            "no_price": 99,
            "taker_side": "no"
        },
        {
            "trade_id": "899af177-fcd7-41bf-98f7-4a6a1d033570",
            "ticker": "KXHIGHCHI-25JAN05-B23.5",
            "count": 6,
            "created_time": "2025-01-05T14:50:03.085387Z",
            "yes_price": 1,
            "no_price": 99,
            "taker_side": "no"
        },
        {
            "trade_id": "1cb5c9fa-e401-4894-8dbd-5d6725da8a2e",
            "ticker": "KXHIGHCHI-25JAN05-B23.5",
            "count": 7,
            "created_time": "2025-01-05T14:49:55.687944Z",
            "yes_price": 1,
            "no_price": 99,
            "taker_side": "no"
        },
        {
            "trade_id": "04761ccc-45e5-4afc-bc1c-907a87c73cd1",
            "ticker": "KXHIGHCHI-25JAN05-B23.5",
            "count": 20,
            "created_time": "2025-01-05T14:08:59.410084Z",
            "yes_price": 1,
            "no_price": 99,
            "taker_side": "no"
        },
        {
            "trade_id": "ecdc5b14-521c-4545-a402-5b0f8d53d52a",
            "ticker": "KXHIGHCHI-25JAN05-B23.5",
            "count": 3,
            "created_time": "2025-01-05T13:53:38.810283Z",
            "yes_price": 1,
            "no_price": 99,
            "taker_side": "no"
        },
        {
            "trade_id": "b9c9843f-526e-45a7-849a-e19912371c3e",
            "ticker": "KXHIGHCHI-25JAN05-B23.5",
            "count": 70,
            "created_time": "2025-01-05T13:19:18.187463Z",
            "yes_price": 2,
            "no_price": 98,
            "taker_side": "no"
        },
        {
            "trade_id": "4f7d112a-9ad8-4965-bcb9-65414060eae6",
            "ticker": "KXHIGHCHI-25JAN05-B23.5",
            "count": 2,
            "created_time": "2025-01-05T13:19:18.187463Z",
            "yes_price": 2,
            "no_price": 98,
            "taker_side": "no"
        },
        {
            "trade_id": "a33de497-cbe0-4eef-baa3-da0681e793dd",
            "ticker": "KXHIGHCHI-25JAN05-B23.5",
            "count": 54,
            "created_time": "2025-01-05T13:15:47.853601Z",
            "yes_price": 2,
            "no_price": 98,
            "taker_side": "no"
        },
        {
            "trade_id": "f1f04e01-c78d-44d6-87c1-9822c0603ac6",
            "ticker": "KXHIGHCHI-25JAN05-B23.5",
            "count": 20,
            "created_time": "2025-01-05T13:12:47.826208Z",
            "yes_price": 2,
            "no_price": 98,
            "taker_side": "no"
        },
        {
            "trade_id": "1879e899-9b26-4b13-aa69-42fc25520ed5",
            "ticker": "KXHIGHCHI-25JAN05-B23.5",
            "count": 15,
            "created_time": "2025-01-05T13:11:02.52267Z",
            "yes_price": 2,
            "no_price": 98,
            "taker_side": "no"
        },
        {
            "trade_id": "84b70312-b2e5-4a64-89ae-acb9f1ae1ce7",
            "ticker": "KXHIGHCHI-25JAN05-B23.5",
            "count": 13,
            "created_time": "2025-01-05T13:09:52.365534Z",
            "yes_price": 3,
            "no_price": 97,
            "taker_side": "no"
        },
        {
            "trade_id": "229bad87-7cd9-4ebd-8b6c-7297107bc6a9",
            "ticker": "KXHIGHCHI-25JAN05-B23.5",
            "count": 45,
            "created_time": "2025-01-05T07:45:16.288432Z",
            "yes_price": 2,
            "no_price": 98,
            "taker_side": "no"
        },
        {
            "trade_id": "4ca7fbdd-18dd-4dd1-bdc9-f3c99d330433",
            "ticker": "KXHIGHCHI-25JAN05-B23.5",
            "count": 2,
            "created_time": "2025-01-05T06:34:28.819613Z",
            "yes_price": 4,
            "no_price": 96,
            "taker_side": "yes"
        },
        {
            "trade_id": "149b745b-60ac-4ee4-a049-adc7d3736c43",
            "ticker": "KXHIGHCHI-25JAN05-B23.5",
            "count": 9,
            "created_time": "2025-01-05T06:34:28.819613Z",
            "yes_price": 5,
            "no_price": 95,
            "taker_side": "yes"
        },
        {
            "trade_id": "54c1035a-1191-497b-be93-97c369522eec",
            "ticker": "KXHIGHCHI-25JAN05-B23.5",
            "count": 1,
            "created_time": "2025-01-05T06:19:11.396387Z",
            "yes_price": 2,
            "no_price": 98,
            "taker_side": "no"
        },
        {
            "trade_id": "78f94a1d-bb4f-435b-8977-963f7df5d081",
            "ticker": "KXHIGHCHI-25JAN05-B23.5",
            "count": 95,
            "created_time": "2025-01-05T05:35:43.882837Z",
            "yes_price": 2,
            "no_price": 98,
            "taker_side": "no"
        },
        {
            "trade_id": "652153d2-213a-454d-a294-83b82153aeb5",
            "ticker": "KXHIGHCHI-25JAN05-B23.5",
            "count": 20,
            "created_time": "2025-01-05T05:12:12.837689Z",
            "yes_price": 2,
            "no_price": 98,
            "taker_side": "no"
        },
        {
            "trade_id": "6bc11160-a020-425d-b8c0-cb8bc92e95ed",
            "ticker": "KXHIGHCHI-25JAN05-B23.5",
            "count": 1,
            "created_time": "2025-01-05T04:09:05.885175Z",
            "yes_price": 5,
            "no_price": 95,
            "taker_side": "yes"
        },
        {
            "trade_id": "8efd629a-37ab-47e8-88e4-5b366473eb49",
            "ticker": "KXHIGHCHI-25JAN05-B23.5",
            "count": 96,
            "created_time": "2025-01-05T03:53:32.479253Z",
            "yes_price": 3,
            "no_price": 97,
            "taker_side": "no"
        },
        {
            "trade_id": "1b7e6955-693e-4aa5-bdd4-47af0454b135",
            "ticker": "KXHIGHCHI-25JAN05-B23.5",
            "count": 110,
            "created_time": "2025-01-05T03:51:55.639809Z",
            "yes_price": 3,
            "no_price": 97,
            "taker_side": "no"
        },
        {
            "trade_id": "33d110b3-469a-4dfe-94b5-b6da1d3e9697",
            "ticker": "KXHIGHCHI-25JAN05-B23.5",
            "count": 36,
            "created_time": "2025-01-05T02:35:07.900979Z",
            "yes_price": 3,
            "no_price": 97,
            "taker_side": "no"
        },
        {
            "trade_id": "530e54e7-da99-437d-b7f3-ed6034c78b05",
            "ticker": "KXHIGHCHI-25JAN05-B23.5",
            "count": 10,
            "created_time": "2025-01-05T02:29:16.622237Z",
            "yes_price": 7,
            "no_price": 93,
            "taker_side": "yes"
        },
        {
            "trade_id": "ba9c5ef6-c341-45a2-9dd3-4bce3f8786d9",
            "ticker": "KXHIGHCHI-25JAN05-B23.5",
            "count": 43,
            "created_time": "2025-01-05T02:19:44.568785Z",
            "yes_price": 4,
            "no_price": 96,
            "taker_side": "no"
        },
        {
            "trade_id": "4a403b8e-82ad-4f84-b622-553eda17b06f",
            "ticker": "KXHIGHCHI-25JAN05-B23.5",
            "count": 50,
            "created_time": "2025-01-05T02:19:32.878982Z",
            "yes_price": 4,
            "no_price": 96,
            "taker_side": "no"
        },
        {
            "trade_id": "82ac3ac4-13e7-4403-b144-f65700cb0eae",
            "ticker": "KXHIGHCHI-25JAN05-B23.5",
            "count": 1371,
            "created_time": "2025-01-05T02:10:48.627878Z",
            "yes_price": 8,
            "no_price": 92,
            "taker_side": "no"
        },
        {
            "trade_id": "f701dd62-df11-4494-b76d-40b9a7bf645b",
            "ticker": "KXHIGHCHI-25JAN05-B23.5",
            "count": 45,
            "created_time": "2025-01-05T00:10:26.407962Z",
            "yes_price": 9,
            "no_price": 91,
            "taker_side": "yes"
        },
        {
            "trade_id": "5a7a590b-45a8-4093-aaa2-e3608eb56e69",
            "ticker": "KXHIGHCHI-25JAN05-B23.5",
            "count": 99,
            "created_time": "2025-01-04T23:43:36.76481Z",
            "yes_price": 8,
            "no_price": 92,
            "taker_side": "no"
        },
        {
            "trade_id": "4c3c37ae-9695-4b89-a11f-571c94f4f7e8",
            "ticker": "KXHIGHCHI-25JAN05-B23.5",
            "count": 10,
            "created_time": "2025-01-04T23:32:39.118696Z",
            "yes_price": 9,
            "no_price": 91,
            "taker_side": "yes"
        },
        {
            "trade_id": "151565d3-224d-4c6c-88b1-13e5235f1c93",
            "ticker": "KXHIGHCHI-25JAN05-B23.5",
            "count": 150,
            "created_time": "2025-01-04T23:22:31.493167Z",
            "yes_price": 8,
            "no_price": 92,
            "taker_side": "yes"
        },
        {
            "trade_id": "0114a2a9-0a30-4a9c-aa8e-c5c137996599",
            "ticker": "KXHIGHCHI-25JAN05-B23.5",
            "count": 27,
            "created_time": "2025-01-04T23:17:16.478362Z",
            "yes_price": 7,
            "no_price": 93,
            "taker_side": "yes"
        },
        {
            "trade_id": "74f162d5-b0c8-42c3-94be-753da8a1a337",
            "ticker": "KXHIGHCHI-25JAN05-B23.5",
            "count": 20,
            "created_time": "2025-01-04T22:17:11.283019Z",
            "yes_price": 5,
            "no_price": 95,
            "taker_side": "no"
        },
        {
            "trade_id": "75f27a6b-db4f-4bf4-814d-977ef87f3c46",
            "ticker": "KXHIGHCHI-25JAN05-B23.5",
            "count": 9,
            "created_time": "2025-01-04T20:30:05.634148Z",
            "yes_price": 8,
            "no_price": 92,
            "taker_side": "yes"
        },
        {
            "trade_id": "a3bb7002-3bc1-40bf-80ee-bee8216e2342",
            "ticker": "KXHIGHCHI-25JAN05-B23.5",
            "count": 300,
            "created_time": "2025-01-04T20:25:07.131229Z",
            "yes_price": 8,
            "no_price": 92,
            "taker_side": "yes"
        },
        {
            "trade_id": "a098235e-6854-4c18-ba93-4a07de051abc",
            "ticker": "KXHIGHCHI-25JAN05-B23.5",
            "count": 9,
            "created_time": "2025-01-04T20:25:07.131229Z",
            "yes_price": 46,
            "no_price": 54,
            "taker_side": "yes"
        },
        {
            "trade_id": "6eeec5a1-cfd2-4e71-834e-9a374ae73e12",
            "ticker": "KXHIGHCHI-25JAN05-B23.5",
            "count": 300,
            "created_time": "2025-01-04T20:25:07.131229Z",
            "yes_price": 7,
            "no_price": 93,
            "taker_side": "yes"
        },
        {
            "trade_id": "454ea045-81b7-4270-bdcb-942ceb649b63",
            "ticker": "KXHIGHCHI-25JAN05-B23.5",
            "count": 27,
            "created_time": "2025-01-04T20:25:07.131229Z",
            "yes_price": 29,
            "no_price": 71,
            "taker_side": "yes"
        },
        {
            "trade_id": "3606f5ee-613c-4952-81ea-727beeb0ce44",
            "ticker": "KXHIGHCHI-25JAN05-B23.5",
            "count": 11,
            "created_time": "2025-01-04T20:25:07.131229Z",
            "yes_price": 19,
            "no_price": 81,
            "taker_side": "yes"
        },
        {
            "trade_id": "14949e7c-4ff3-431a-8978-a43cc7c133e8",
            "ticker": "KXHIGHCHI-25JAN05-B23.5",
            "count": 300,
            "created_time": "2025-01-04T20:25:07.131229Z",
            "yes_price": 9,
            "no_price": 91,
            "taker_side": "yes"
        }
    ],
    "KXHIGHCHI-25JAN05-B25.5": [
        {
            "trade_id": "24c2c8dc-2304-4fa3-b5c3-2f9b5291421f",
            "ticker": "KXHIGHCHI-25JAN05-B25.5",
            "count": 130,
            "created_time": "2025-01-06T04:29:26.930465Z",
            "yes_price": 1,
            "no_price": 99,
            "taker_side": "yes"
        },
        {
            "trade_id": "254ac502-ede2-4033-95b6-f36185e38acd",
            "ticker": "KXHIGHCHI-25JAN05-B25.5",
            "count": 157,
            "created_time": "2025-01-06T00:48:00.090078Z",
            "yes_price": 1,
            "no_price": 99,
            "taker_side": "yes"
        },
        {
            "trade_id": "ee4a019c-6160-4219-87a9-1f113614bbbb",
            "ticker": "KXHIGHCHI-25JAN05-B25.5",
            "count": 267,
            "created_time": "2025-01-06T00:45:35.909372Z",
            "yes_price": 1,
            "no_price": 99,
            "taker_side": "yes"
        },
        {
            "trade_id": "67e1c500-17c2-49a8-950e-7bfbad808a5d",
            "ticker": "KXHIGHCHI-25JAN05-B25.5",
            "count": 3,
            "created_time": "2025-01-06T00:35:02.527465Z",
            "yes_price": 1,
            "no_price": 99,
            "taker_side": "yes"
        },
        {
            "trade_id": "655676fd-e08b-4226-90db-3265ebb696e6",
            "ticker": "KXHIGHCHI-25JAN05-B25.5",
            "count": 38,
            "created_time": "2025-01-06T00:23:23.958784Z",
            "yes_price": 1,
            "no_price": 99,
            "taker_side": "yes"
        },
        {
            "trade_id": "df9a75fa-e8e2-4202-a5fc-ccc5855eb098",
            "ticker": "KXHIGHCHI-25JAN05-B25.5",
            "count": 37,
            "created_time": "2025-01-06T00:22:35.962445Z",
            "yes_price": 1,
            "no_price": 99,
            "taker_side": "yes"
        },
        {
            "trade_id": "53385037-547d-4bd0-8f4a-d77394b055c8",
            "ticker": "KXHIGHCHI-25JAN05-B25.5",
            "count": 100,
            "created_time": "2025-01-06T00:19:11.97652Z",
            "yes_price": 1,
            "no_price": 99,
            "taker_side": "yes"
        },
        {
            "trade_id": "f0b06a97-71cf-4fbe-970a-2fc4eb057c59",
            "ticker": "KXHIGHCHI-25JAN05-B25.5",
            "count": 1,
            "created_time": "2025-01-06T00:15:07.239731Z",
            "yes_price": 1,
            "no_price": 99,
            "taker_side": "no"
        },
        {
            "trade_id": "e7e1dc29-fef8-456f-80a2-2ba6df44a9a0",
            "ticker": "KXHIGHCHI-25JAN05-B25.5",
            "count": 3000,
            "created_time": "2025-01-06T00:15:07.239731Z",
            "yes_price": 1,
            "no_price": 99,
            "taker_side": "no"
        },
        {
            "trade_id": "a638cb2b-3c72-480d-9f65-f5ee43fe81bf",
            "ticker": "KXHIGHCHI-25JAN05-B25.5",
            "count": 1014,
            "created_time": "2025-01-06T00:15:07.239731Z",
            "yes_price": 1,
            "no_price": 99,
            "taker_side": "no"
        },
        {
            "trade_id": "9b7c46f5-27c6-4db6-86a1-c2e5b6dd3577",
            "ticker": "KXHIGHCHI-25JAN05-B25.5",
            "count": 100,
            "created_time": "2025-01-06T00:15:07.239731Z",
            "yes_price": 1,
            "no_price": 99,
            "taker_side": "no"
        },
        {
            "trade_id": "8cfc35d6-fab9-4999-bf7c-8159b992fae1",
            "ticker": "KXHIGHCHI-25JAN05-B25.5",
            "count": 250,
            "created_time": "2025-01-06T00:15:07.239731Z",
            "yes_price": 1,
            "no_price": 99,
            "taker_side": "no"
        },
        {
            "trade_id": "7419ed05-bed5-474a-8c09-fa44aea515ba",
            "ticker": "KXHIGHCHI-25JAN05-B25.5",
            "count": 420,
            "created_time": "2025-01-06T00:15:07.239731Z",
            "yes_price": 1,
            "no_price": 99,
            "taker_side": "no"
        },
        {
            "trade_id": "3e810561-d7b4-481d-a7cc-5403c81b684f",
            "ticker": "KXHIGHCHI-25JAN05-B25.5",
            "count": 65,
            "created_time": "2025-01-06T00:15:07.239731Z",
            "yes_price": 1,
            "no_price": 99,
            "taker_side": "no"
        },
        {
            "trade_id": "34727ee6-b7ea-4788-a1d0-fc9a6907c1d5",
            "ticker": "KXHIGHCHI-25JAN05-B25.5",
            "count": 2700,
            "created_time": "2025-01-06T00:15:07.239731Z",
            "yes_price": 1,
            "no_price": 99,
            "taker_side": "no"
        },
        {
            "trade_id": "12691a73-dac9-430e-88b3-aa5e86140920",
            "ticker": "KXHIGHCHI-25JAN05-B25.5",
            "count": 1832,
            "created_time": "2025-01-06T00:15:07.239731Z",
            "yes_price": 1,
            "no_price": 99,
            "taker_side": "no"
        },
        {
            "trade_id": "0bef5b23-09fd-49ab-bd8b-ac635448bacc",
            "ticker": "KXHIGHCHI-25JAN05-B25.5",
            "count": 72,
            "created_time": "2025-01-06T00:15:07.239731Z",
            "yes_price": 1,
            "no_price": 99,
            "taker_side": "no"
        },
        {
            "trade_id": "029b752f-23ff-4d52-8cf4-4dd9f6fc3c76",
            "ticker": "KXHIGHCHI-25JAN05-B25.5",
            "count": 2039,
            "created_time": "2025-01-06T00:15:07.239731Z",
            "yes_price": 1,
            "no_price": 99,
            "taker_side": "no"
        },
        {
            "trade_id": "1f08c3af-af65-432e-9015-2bb97c4e6b01",
            "ticker": "KXHIGHCHI-25JAN05-B25.5",
            "count": 1231,
            "created_time": "2025-01-06T00:15:06.328092Z",
            "yes_price": 1,
            "no_price": 99,
            "taker_side": "no"
        },
        {
            "trade_id": "f0f015f6-a7e3-493e-8bb9-612045a62a5b",
            "ticker": "KXHIGHCHI-25JAN05-B25.5",
            "count": 1355,
            "created_time": "2025-01-06T00:14:59.267839Z",
            "yes_price": 1,
            "no_price": 99,
            "taker_side": "no"
        },
        {
            "trade_id": "c5cfb635-da9e-4311-9d54-4ab226a3183c",
            "ticker": "KXHIGHCHI-25JAN05-B25.5",
            "count": 1145,
            "created_time": "2025-01-06T00:14:59.267839Z",
            "yes_price": 1,
            "no_price": 99,
            "taker_side": "no"
        },
        {
            "trade_id": "929db6af-3733-4072-afd3-f662ef4ad0cd",
            "ticker": "KXHIGHCHI-25JAN05-B25.5",
            "count": 100,
            "created_time": "2025-01-06T00:14:47.629375Z",
            "yes_price": 1,
            "no_price": 99,
            "taker_side": "no"
        },
        {
            "trade_id": "49ea1d1f-6c9e-4d54-8fbc-d8949a5ad462",
            "ticker": "KXHIGHCHI-25JAN05-B25.5",
            "count": 56,
            "created_time": "2025-01-06T00:14:34.595845Z",
            "yes_price": 1,
            "no_price": 99,
            "taker_side": "no"
        },
        {
            "trade_id": "a6982fc2-6d8c-49cd-81d8-ec55ef35d7cd",
            "ticker": "KXHIGHCHI-25JAN05-B25.5",
            "count": 69,
            "created_time": "2025-01-06T00:13:59.40879Z",
            "yes_price": 1,
            "no_price": 99,
            "taker_side": "no"
        },
        {
            "trade_id": "eff82bd3-d5f1-404b-9ae2-a33d161de561",
            "ticker": "KXHIGHCHI-25JAN05-B25.5",
            "count": 1,
            "created_time": "2025-01-06T00:13:20.703885Z",
            "yes_price": 2,
            "no_price": 98,
            "taker_side": "yes"
        },
        {
            "trade_id": "ce06c402-2826-4e37-b1e1-744a3837a5fa",
            "ticker": "KXHIGHCHI-25JAN05-B25.5",
            "count": 739,
            "created_time": "2025-01-06T00:13:20.703885Z",
            "yes_price": 3,
            "no_price": 97,
            "taker_side": "yes"
        },
        {
            "trade_id": "2e63eac3-86c4-4db1-a2b0-98249455cdbf",
            "ticker": "KXHIGHCHI-25JAN05-B25.5",
            "count": 200,
            "created_time": "2025-01-06T00:13:20.703885Z",
            "yes_price": 2,
            "no_price": 98,
            "taker_side": "yes"
        },
        {
            "trade_id": "abbdd8a7-b645-4102-b20e-a751cdf2d947",
            "ticker": "KXHIGHCHI-25JAN05-B25.5",
            "count": 776,
            "created_time": "2025-01-06T00:12:24.367918Z",
            "yes_price": 3,
            "no_price": 97,
            "taker_side": "yes"
        },
        {
            "trade_id": "878a9b96-39af-42f0-bb21-b56a95fabd75",
            "ticker": "KXHIGHCHI-25JAN05-B25.5",
            "count": 1,
            "created_time": "2025-01-06T00:12:24.367918Z",
            "yes_price": 3,
            "no_price": 97,
            "taker_side": "yes"
        },
        {
            "trade_id": "79efc287-ca08-4b27-9c30-58ec655e743d",
            "ticker": "KXHIGHCHI-25JAN05-B25.5",
            "count": 1,
            "created_time": "2025-01-06T00:12:24.367918Z",
            "yes_price": 3,
            "no_price": 97,
            "taker_side": "yes"
        },
        {
            "trade_id": "37f3b6e2-41f5-49f3-b671-23224c408b31",
            "ticker": "KXHIGHCHI-25JAN05-B25.5",
            "count": 163,
            "created_time": "2025-01-06T00:11:53.540983Z",
            "yes_price": 2,
            "no_price": 98,
            "taker_side": "no"
        },
        {
            "trade_id": "777e317c-5e21-41b1-ae99-5c7fd352d05b",
            "ticker": "KXHIGHCHI-25JAN05-B25.5",
            "count": 209,
            "created_time": "2025-01-06T00:11:43.88068Z",
            "yes_price": 2,
            "no_price": 98,
            "taker_side": "no"
        },
        {
            "trade_id": "023385fd-1b2b-4e49-b91d-076d5085a2a4",
            "ticker": "KXHIGHCHI-25JAN05-B25.5",
            "count": 135,
            "created_time": "2025-01-06T00:11:43.88068Z",
            "yes_price": 2,
            "no_price": 98,
            "taker_side": "no"
        },
        {
            "trade_id": "c0a47f4b-80d2-45ef-9d86-48c86d03e152",
            "ticker": "KXHIGHCHI-25JAN05-B25.5",
            "count": 73,
            "created_time": "2025-01-06T00:10:50.128407Z",
            "yes_price": 2,
