{
    "KXHIGHCHI-25APR30-T56": [
        {
            "trade_id": "5bc43852-df4c-4ac7-b8d8-713e13e81fd7",
            "ticker": "KXHIGHCHI-25APR30-T56",
            "count": 102,
            "created_time": "2025-05-01T03:09:46.482294Z",
            "yes_price": 1,
            "no_price": 99,
            "taker_side": "yes"
        },
        {
            "trade_id": "e1d27024-725b-410b-a6b5-39e825076f98",
            "ticker": "KXHIGHCHI-25APR30-T56",
            "count": 150,
            "created_time": "2025-05-01T03:07:18.423711Z",
            "yes_price": 1,
            "no_price": 99,
            "taker_side": "yes"
        },
        {
            "trade_id": "3bdb7b97-4af5-48b6-be1b-31937e795e11",
            "ticker": "KXHIGHCHI-25APR30-T56",
            "count": 29,
            "created_time": "2025-05-01T03:05:43.655236Z",
            "yes_price": 1,
            "no_price": 99,
            "taker_side": "yes"
        },
        {
            "trade_id": "7774b0c2-cdfd-4a9e-976b-c5ab568d0fc6",
            "ticker": "KXHIGHCHI-25APR30-T56",
            "count": 14,
            "created_time": "2025-05-01T02:56:06.115132Z",
            "yes_price": 1,
            "no_price": 99,
            "taker_side": "yes"
        },
        {
            "trade_id": "222876d7-d6d7-4bf8-95cc-87e16b541fe1",
            "ticker": "KXHIGHCHI-25APR30-T56",
            "count": 109,
            "created_time": "2025-05-01T02:56:06.115132Z",
            "yes_price": 1,
            "no_price": 99,
            "taker_side": "yes"
        },
        {
            "trade_id": "cbf123a5-8e88-4532-ac6e-5853de094fc3",
            "ticker": "KXHIGHCHI-25APR30-T56",
            "count": 236,
            "created_time": "2025-05-01T02:36:30.63037Z",
            "yes_price": 1,
            "no_price": 99,
            "taker_side": "yes"
        },
        {
            "trade_id": "4e6f0d15-e7e4-4b2f-ab8e-780c8f22de40",
            "ticker": "KXHIGHCHI-25APR30-T56",
            "count": 30,
            "created_time": "2025-04-29T22:27:48.616121Z",
            "yes_price": 12,
            "no_price": 88,
            "taker_side": "yes"
        },
        {
            "trade_id": "90f9bdfe-3868-4429-881c-e89b573be7ad",
            "ticker": "KXHIGHCHI-25APR30-T56",
            "count": 20,
            "created_time": "2025-04-29T20:02:49.26259Z",
            "yes_price": 18,
            "no_price": 82,
            "taker_side": "yes"
        },
        {
            "trade_id": "8b75c30d-77a7-4dd0-a106-de651f617658",
            "ticker": "KXHIGHCHI-25APR30-T56",
            "count": 9,
            "created_time": "2025-04-29T20:02:49.26259Z",
            "yes_price": 12,
            "no_price": 88,
            "taker_side": "yes"
        },
        {
            "trade_id": "736c5ff7-969f-4ca2-998b-e1bc9003c9bd",
            "ticker": "KXHIGHCHI-25APR30-T56",
            "count": 9,
            "created_time": "2025-04-29T18:26:39.752705Z",
            "yes_price": 10,
            "no_price": 90,
            "taker_side": "yes"
        },
        {
            "trade_id": "28f50f1e-55f6-464f-a1b5-52edf25e2128",
            "ticker": "KXHIGHCHI-25APR30-T56",
            "count": 25,
            "created_time": "2025-04-29T18:26:39.752705Z",
            "yes_price": 18,
            "no_price": 82,
            "taker_side": "yes"
        }
    ],
    "KXHIGHCHI-25APR30-B56.5": [
        {
            "trade_id": "e9818a52-2388-4ff6-8998-4340def92dd3",
            "ticker": "KXHIGHCHI-25APR30-B56.5",
            "count": 82,
            "created_time": "2025-05-01T03:11:15.324854Z",
            "yes_price": 1,
            "no_price": 99,
            "taker_side": "yes"
        },
        {
            "trade_id": "ced32857-c633-4dfb-a9b5-87215b88e9a8",
            "ticker": "KXHIGHCHI-25APR30-B56.5",
            "count": 213,
            "created_time": "2025-05-01T03:01:33.450521Z",
            "yes_price": 1,
            "no_price": 99,
            "taker_side": "yes"
        },
        {
            "trade_id": "c11a56c0-fe78-48ee-ae62-0f10cc825f9d",
            "ticker": "KXHIGHCHI-25APR30-B56.5",
            "count": 123,
            "created_time": "2025-05-01T02:58:14.699599Z",
            "yes_price": 1,
            "no_price": 99,
            "taker_side": "yes"
        },
        {
            "trade_id": "366ab61f-6f35-4b37-afb8-5c119a1d1d6c",
            "ticker": "KXHIGHCHI-25APR30-B56.5",
            "count": 123,
            "created_time": "2025-05-01T02:56:20.186193Z",
            "yes_price": 1,
            "no_price": 99,
            "taker_side": "yes"
        },
        {
            "trade_id": "a7c15bb7-375d-49b0-b0bc-912997c598b2",
            "ticker": "KXHIGHCHI-25APR30-B56.5",
            "count": 321,
            "created_time": "2025-05-01T02:38:00.701315Z",
            "yes_price": 1,
            "no_price": 99,
            "taker_side": "yes"
        },
        {
            "trade_id": "7b6a6e79-7178-4cd9-af7e-ec685aa6aacd",
            "ticker": "KXHIGHCHI-25APR30-B56.5",
            "count": 1,
            "created_time": "2025-04-30T13:44:54.35043Z",
            "yes_price": 2,
            "no_price": 98,
            "taker_side": "yes"
        },
        {
            "trade_id": "623e8623-80a0-41fd-98be-0fa71ac53b46",
            "ticker": "KXHIGHCHI-25APR30-B56.5",
            "count": 30,
            "created_time": "2025-04-29T22:28:18.260673Z",
            "yes_price": 11,
            "no_price": 89,
            "taker_side": "yes"
        },
        {
            "trade_id": "7c54a946-c35d-4c5f-9431-eb6f7bb3941f",
            "ticker": "KXHIGHCHI-25APR30-B56.5",
            "count": 12,
            "created_time": "2025-04-29T20:03:22.805215Z",
            "yes_price": 12,
            "no_price": 88,
            "taker_side": "yes"
        },
        {
            "trade_id": "6a0f1073-6efe-4d2d-915d-909c72ba3407",
            "ticker": "KXHIGHCHI-25APR30-B56.5",
            "count": 31,
            "created_time": "2025-04-29T20:03:22.805215Z",
            "yes_price": 10,
            "no_price": 90,
            "taker_side": "yes"
        },
        {
            "trade_id": "1032171d-5d74-4eb2-bcb7-32c2a64440bf",
            "ticker": "KXHIGHCHI-25APR30-B56.5",
            "count": 1,
            "created_time": "2025-04-29T20:03:22.805215Z",
            "yes_price": 10,
            "no_price": 90,
            "taker_side": "yes"
        }
    ],
    "KXHIGHCHI-25APR30-B58.5": [
        {
            "trade_id": "053dec2c-06b3-4f74-bb2e-416a354a97c9",
            "ticker": "KXHIGHCHI-25APR30-B58.5",
            "count": 92,
            "created_time": "2025-05-01T03:00:59.844559Z",
            "yes_price": 1,
            "no_price": 99,
            "taker_side": "yes"
        },
        {
            "trade_id": "61ca1181-fa67-486d-850a-f9d7df667bf5",
            "ticker": "KXHIGHCHI-25APR30-B58.5",
            "count": 81,
            "created_time": "2025-05-01T02:59:47.978557Z",
            "yes_price": 1,
            "no_price": 99,
            "taker_side": "yes"
        },
        {
            "trade_id": "3f87283c-3813-43d6-9014-f3eb59084ab3",
            "ticker": "KXHIGHCHI-25APR30-B58.5",
            "count": 123,
            "created_time": "2025-05-01T02:57:21.708146Z",
            "yes_price": 1,
            "no_price": 99,
            "taker_side": "yes"
        },
        {
            "trade_id": "999252fb-fea2-40f4-9c0f-5bece074c6ee",
            "ticker": "KXHIGHCHI-25APR30-B58.5",
            "count": 123,
            "created_time": "2025-05-01T02:56:35.584636Z",
            "yes_price": 1,
            "no_price": 99,
            "taker_side": "yes"
        },
        {
            "trade_id": "81798d98-0907-49b2-9a21-860295db7493",
            "ticker": "KXHIGHCHI-25APR30-B58.5",
            "count": 236,
            "created_time": "2025-05-01T02:54:31.970325Z",
            "yes_price": 1,
            "no_price": 99,
            "taker_side": "yes"
        },
        {
            "trade_id": "67637609-bafb-4bae-8f93-d153aced4572",
            "ticker": "KXHIGHCHI-25APR30-B58.5",
            "count": 5,
            "created_time": "2025-04-30T22:39:30.817273Z",
            "yes_price": 1,
            "no_price": 99,
            "taker_side": "yes"
        },
        {
            "trade_id": "178aeef5-e848-4810-a307-b16eccfa7a1b",
            "ticker": "KXHIGHCHI-25APR30-B58.5",
            "count": 187,
            "created_time": "2025-04-30T18:41:05.040652Z",
            "yes_price": 1,
            "no_price": 99,
            "taker_side": "yes"
        },
        {
            "trade_id": "48133d66-a208-4fb5-8de5-f846ea9ef1a7",
            "ticker": "KXHIGHCHI-25APR30-B58.5",
            "count": 46,
            "created_time": "2025-04-30T17:45:27.434369Z",
            "yes_price": 1,
            "no_price": 99,
            "taker_side": "yes"
        },
        {
            "trade_id": "9114dda5-2a05-4203-b05d-c61e2141132b",
            "ticker": "KXHIGHCHI-25APR30-B58.5",
            "count": 935,
            "created_time": "2025-04-30T17:20:51.551483Z",
            "yes_price": 1,
            "no_price": 99,
            "taker_side": "yes"
        },
        {
            "trade_id": "2df7fd23-b8a0-4d4b-a73b-f549e93c9fd4",
            "ticker": "KXHIGHCHI-25APR30-B58.5",
            "count": 187,
            "created_time": "2025-04-30T16:28:22.20116Z",
            "yes_price": 1,
            "no_price": 99,
            "taker_side": "yes"
        },
        {
            "trade_id": "ae42aadb-0671-4318-926b-7c3b0618c19f",
            "ticker": "KXHIGHCHI-25APR30-B58.5",
            "count": 50,
            "created_time": "2025-04-30T16:25:30.785227Z",
            "yes_price": 1,
            "no_price": 99,
            "taker_side": "yes"
        },
        {
            "trade_id": "5c6beb34-2873-448e-8a6b-877724646054",
            "ticker": "KXHIGHCHI-25APR30-B58.5",
            "count": 308,
            "created_time": "2025-04-30T16:19:12.922243Z",
            "yes_price": 1,
            "no_price": 99,
            "taker_side": "yes"
        },
        {
            "trade_id": "4568c089-c6bb-4633-946a-b77cc9ade006",
            "ticker": "KXHIGHCHI-25APR30-B58.5",
            "count": 74,
            "created_time": "2025-04-30T16:10:39.721769Z",
            "yes_price": 1,
            "no_price": 99,
            "taker_side": "yes"
        },
        {
            "trade_id": "217432e6-4063-437f-b0a0-75887252aa08",
            "ticker": "KXHIGHCHI-25APR30-B58.5",
            "count": 1,
            "created_time": "2025-04-30T15:02:29.254955Z",
            "yes_price": 3,
            "no_price": 97,
            "taker_side": "no"
        },
        {
            "trade_id": "92f28ed1-cd4f-4b78-8cfb-49920ea2500a",
            "ticker": "KXHIGHCHI-25APR30-B58.5",
            "count": 1,
            "created_time": "2025-04-30T14:58:54.300426Z",
            "yes_price": 4,
            "no_price": 96,
            "taker_side": "no"
        },
        {
            "trade_id": "01f9675d-ec13-41cb-871a-65f1149d09ff",
            "ticker": "KXHIGHCHI-25APR30-B58.5",
            "count": 2,
            "created_time": "2025-04-30T14:58:54.300426Z",
            "yes_price": 3,
            "no_price": 97,
            "taker_side": "no"
        },
        {
            "trade_id": "7f22d192-4e77-4ec6-931a-8e2cfd4fb484",
            "ticker": "KXHIGHCHI-25APR30-B58.5",
            "count": 2,
            "created_time": "2025-04-30T14:57:03.346041Z",
            "yes_price": 5,
            "no_price": 95,
            "taker_side": "no"
        },
        {
            "trade_id": "cc6b876c-6c86-4ade-ab8a-7fd83e51eca9",
            "ticker": "KXHIGHCHI-25APR30-B58.5",
            "count": 38,
            "created_time": "2025-04-30T14:51:08.557468Z",
            "yes_price": 8,
            "no_price": 92,
            "taker_side": "yes"
        },
        {
            "trade_id": "9880e331-e2e6-4a00-9dad-39bd07b68d02",
            "ticker": "KXHIGHCHI-25APR30-B58.5",
            "count": 1,
            "created_time": "2025-04-30T14:51:08.557468Z",
            "yes_price": 7,
            "no_price": 93,
            "taker_side": "yes"
        },
        {
            "trade_id": "6d1924ab-e6e8-4503-8338-a0bcc56b951d",
            "ticker": "KXHIGHCHI-25APR30-B58.5",
            "count": 2,
            "created_time": "2025-04-30T14:51:08.557468Z",
            "yes_price": 4,
            "no_price": 96,
            "taker_side": "yes"
        },
        {
            "trade_id": "6356fe07-a3d2-452a-a49f-6bd5e69ade02",
            "ticker": "KXHIGHCHI-25APR30-B58.5",
            "count": 2,
            "created_time": "2025-04-30T14:51:08.557468Z",
            "yes_price": 6,
            "no_price": 94,
            "taker_side": "yes"
        },
        {
            "trade_id": "55de9f13-faf8-4244-9f8d-02e2bbaa1d03",
            "ticker": "KXHIGHCHI-25APR30-B58.5",
            "count": 1,
            "created_time": "2025-04-30T14:51:08.557468Z",
            "yes_price": 5,
            "no_price": 95,
            "taker_side": "yes"
        },
        {
            "trade_id": "e4479e3b-aae7-496b-8e4a-10bc8d06ceb2",
            "ticker": "KXHIGHCHI-25APR30-B58.5",
            "count": 1,
            "created_time": "2025-04-30T14:40:20.868102Z",
            "yes_price": 3,
            "no_price": 97,
            "taker_side": "no"
        },
        {
            "trade_id": "cf11faf6-0f5b-42f0-ba88-01f538b43034",
            "ticker": "KXHIGHCHI-25APR30-B58.5",
            "count": 2,
            "created_time": "2025-04-30T14:30:50.940502Z",
            "yes_price": 3,
            "no_price": 97,
            "taker_side": "no"
        },
        {
            "trade_id": "06db1f34-0f6e-4d2f-9152-48b43450b8ed",
            "ticker": "KXHIGHCHI-25APR30-B58.5",
            "count": 1,
            "created_time": "2025-04-30T14:30:50.099322Z",
            "yes_price": 4,
            "no_price": 96,
            "taker_side": "no"
        },
        {
            "trade_id": "db45a61e-b4e2-41c6-8f48-b90b662168ae",
            "ticker": "KXHIGHCHI-25APR30-B58.5",
            "count": 391,
            "created_time": "2025-04-30T14:29:07.364447Z",
            "yes_price": 2,
            "no_price": 98,
            "taker_side": "yes"
        },
        {
            "trade_id": "875f7c71-e455-4512-8079-d4f0a5fba371",
            "ticker": "KXHIGHCHI-25APR30-B58.5",
            "count": 50,
            "created_time": "2025-04-30T14:29:07.364447Z",
            "yes_price": 1,
            "no_price": 99,
            "taker_side": "yes"
        },
        {
            "trade_id": "0c31a1da-2199-46a8-93f3-8e3f8e3b09cb",
            "ticker": "KXHIGHCHI-25APR30-B58.5",
            "count": 50,
            "created_time": "2025-04-30T14:23:43.067146Z",
            "yes_price": 1,
            "no_price": 99,
            "taker_side": "yes"
        },
        {
            "trade_id": "354d1be5-c2f1-425f-9fef-44f8b90c87d2",
            "ticker": "KXHIGHCHI-25APR30-B58.5",
            "count": 2,
            "created_time": "2025-04-30T13:44:48.728409Z",
            "yes_price": 1,
            "no_price": 99,
            "taker_side": "yes"
        },
        {
            "trade_id": "ae6ac5c5-daad-493f-a10e-a64e0b3a63f4",
            "ticker": "KXHIGHCHI-25APR30-B58.5",
            "count": 3,
            "created_time": "2025-04-30T13:35:52.750582Z",
            "yes_price": 1,
            "no_price": 99,
            "taker_side": "yes"
        },
        {
            "trade_id": "5f797d81-8a91-4624-9275-e70b45299318",
            "ticker": "KXHIGHCHI-25APR30-B58.5",
            "count": 8,
            "created_time": "2025-04-30T13:32:03.124972Z",
            "yes_price": 2,
            "no_price": 98,
            "taker_side": "yes"
        },
        {
            "trade_id": "7d95fdfa-dc62-44b9-a7cf-5253f70b4583",
            "ticker": "KXHIGHCHI-25APR30-B58.5",
            "count": 1,
            "created_time": "2025-04-30T12:57:57.245834Z",
            "yes_price": 2,
            "no_price": 98,
            "taker_side": "yes"
        },
        {
            "trade_id": "067a3532-87d2-4488-937a-2c18f24495b0",
            "ticker": "KXHIGHCHI-25APR30-B58.5",
            "count": 17,
            "created_time": "2025-04-30T12:06:27.38231Z",
            "yes_price": 1,
            "no_price": 99,
            "taker_side": "no"
        },
        {
            "trade_id": "3a73b6ba-2255-461e-bfe4-d5cb98296b38",
            "ticker": "KXHIGHCHI-25APR30-B58.5",
            "count": 18,
            "created_time": "2025-04-30T12:06:26.538629Z",
            "yes_price": 1,
            "no_price": 99,
            "taker_side": "no"
        },
        {
            "trade_id": "7535f8d5-4b9f-4b35-964d-0883501d63e3",
            "ticker": "KXHIGHCHI-25APR30-B58.5",
            "count": 14,
            "created_time": "2025-04-30T12:06:25.658893Z",
            "yes_price": 1,
            "no_price": 99,
            "taker_side": "no"
        },
        {
            "trade_id": "59990540-d80e-4bc3-9341-bc0cb908ea07",
            "ticker": "KXHIGHCHI-25APR30-B58.5",
            "count": 38,
            "created_time": "2025-04-30T12:03:29.088598Z",
            "yes_price": 1,
            "no_price": 99,
            "taker_side": "no"
        },
        {
            "trade_id": "83f78536-6360-4321-ad0c-24ae15bfc875",
            "ticker": "KXHIGHCHI-25APR30-B58.5",
            "count": 1,
            "created_time": "2025-04-30T12:03:28.21297Z",
            "yes_price": 3,
            "no_price": 97,
            "taker_side": "no"
        },
        {
            "trade_id": "eed4e8cd-5680-4f47-b018-c49a9458a4da",
            "ticker": "KXHIGHCHI-25APR30-B58.5",
            "count": 1,
            "created_time": "2025-04-30T12:03:22.418255Z",
            "yes_price": 4,
            "no_price": 96,
            "taker_side": "no"
        },
        {
            "trade_id": "1fd91467-0d09-4c72-bf66-d6cfcad91bf9",
            "ticker": "KXHIGHCHI-25APR30-B58.5",
            "count": 5,
            "created_time": "2025-04-30T12:00:48.507385Z",
            "yes_price": 1,
            "no_price": 99,
            "taker_side": "no"
        },
        {
            "trade_id": "6848f46b-13f9-44ee-adbe-18fc1f06c6d9",
            "ticker": "KXHIGHCHI-25APR30-B58.5",
            "count": 7,
            "created_time": "2025-04-30T12:00:42.311182Z",
            "yes_price": 1,
            "no_price": 99,
            "taker_side": "no"
        },
        {
            "trade_id": "10eee97e-cc4e-4789-9079-64beebe20cc9",
            "ticker": "KXHIGHCHI-25APR30-B58.5",
            "count": 8,
            "created_time": "2025-04-30T12:00:42.311182Z",
            "yes_price": 1,
            "no_price": 99,
            "taker_side": "no"
        },
        {
            "trade_id": "ab3a9b91-7eeb-4f71-8ab8-84cf2580d829",
            "ticker": "KXHIGHCHI-25APR30-B58.5",
            "count": 102,
            "created_time": "2025-04-30T12:00:41.433108Z",
            "yes_price": 1,
            "no_price": 99,
            "taker_side": "no"
        },
        {
            "trade_id": "ecdcf4e1-7490-47a6-a749-151721c176a2",
            "ticker": "KXHIGHCHI-25APR30-B58.5",
            "count": 1,
            "created_time": "2025-04-30T12:00:40.028932Z",
            "yes_price": 4,
            "no_price": 96,
            "taker_side": "no"
        },
        {
            "trade_id": "036393cb-07a8-4f09-a2dd-12388b8cfd3d",
            "ticker": "KXHIGHCHI-25APR30-B58.5",
            "count": 3,
            "created_time": "2025-04-30T12:00:40.028932Z",
            "yes_price": 1,
            "no_price": 99,
            "taker_side": "no"
        },
        {
            "trade_id": "fd0dc964-c02f-4248-98ff-5f72a0cefcf1",
            "ticker": "KXHIGHCHI-25APR30-B58.5",
            "count": 1,
            "created_time": "2025-04-30T12:00:23.798838Z",
            "yes_price": 5,
            "no_price": 95,
            "taker_side": "no"
        },
        {
            "trade_id": "1c676427-304f-4618-ade5-f1367a2f8388",
            "ticker": "KXHIGHCHI-25APR30-B58.5",
            "count": 1,
            "created_time": "2025-04-30T12:00:22.862303Z",
            "yes_price": 7,
            "no_price": 93,
            "taker_side": "no"
        },
        {
            "trade_id": "ef69a164-13b7-4262-a564-688abb3fcb2b",
            "ticker": "KXHIGHCHI-25APR30-B58.5",
            "count": 5,
            "created_time": "2025-04-30T12:00:07.25322Z",
            "yes_price": 1,
            "no_price": 99,
            "taker_side": "no"
        },
        {
            "trade_id": "a239d9e7-a09a-4308-9b74-235b43b183a6",
            "ticker": "KXHIGHCHI-25APR30-B58.5",
            "count": 1,
            "created_time": "2025-04-30T06:54:19.282971Z",
            "yes_price": 5,
            "no_price": 95,
            "taker_side": "no"
        },
        {
            "trade_id": "392934b0-c26c-46db-80dc-e12dce1f0cbf",
            "ticker": "KXHIGHCHI-25APR30-B58.5",
            "count": 9,
            "created_time": "2025-04-30T06:38:21.268007Z",
            "yes_price": 9,
            "no_price": 91,
            "taker_side": "yes"
        },
        {
            "trade_id": "2e74748b-8683-4265-a309-072c6e7a6ef9",
            "ticker": "KXHIGHCHI-25APR30-B58.5",
            "count": 1,
            "created_time": "2025-04-30T06:38:21.268007Z",
            "yes_price": 8,
            "no_price": 92,
            "taker_side": "yes"
        },
        {
            "trade_id": "389cdef0-88bf-4594-9f21-9671167b8aa9",
            "ticker": "KXHIGHCHI-25APR30-B58.5",
            "count": 1,
            "created_time": "2025-04-30T06:26:06.623457Z",
            "yes_price": 5,
            "no_price": 95,
            "taker_side": "no"
        },
        {
            "trade_id": "e1bb342f-235b-4c2d-ad72-73771f061faa",
            "ticker": "KXHIGHCHI-25APR30-B58.5",
            "count": 1,
            "created_time": "2025-04-30T06:15:26.157671Z",
            "yes_price": 6,
            "no_price": 94,
            "taker_side": "yes"
        },
        {
            "trade_id": "4a100e6a-9407-4f23-8fa3-28a3583c75b3",
            "ticker": "KXHIGHCHI-25APR30-B58.5",
            "count": 1,
            "created_time": "2025-04-30T06:15:26.157671Z",
            "yes_price": 8,
            "no_price": 92,
            "taker_side": "yes"
        },
        {
            "trade_id": "1d4c1a0a-929c-4507-bba4-3de6dbd247d8",
            "ticker": "KXHIGHCHI-25APR30-B58.5",
            "count": 1,
            "created_time": "2025-04-30T06:15:26.157671Z",
            "yes_price": 4,
            "no_price": 96,
            "taker_side": "yes"
        },
        {
            "trade_id": "0ff6f860-26bc-4a9a-8d9d-228731d40208",
            "ticker": "KXHIGHCHI-25APR30-B58.5",
            "count": 50,
            "created_time": "2025-04-30T06:15:26.157671Z",
            "yes_price": 9,
            "no_price": 91,
            "taker_side": "yes"
        },
        {
            "trade_id": "0650e7b5-3c80-4cdf-bef0-203936279473",
            "ticker": "KXHIGHCHI-25APR30-B58.5",
            "count": 51,
            "created_time": "2025-04-30T05:06:33.747112Z",
            "yes_price": 3,
            "no_price": 97,
            "taker_side": "yes"
        },
        {
            "trade_id": "959732a5-3e16-489e-8a66-cbbdf0eeb2ef",
            "ticker": "KXHIGHCHI-25APR30-B58.5",
            "count": 50,
            "created_time": "2025-04-30T04:01:54.073495Z",
            "yes_price": 8,
            "no_price": 92,
            "taker_side": "yes"
        },
        {
            "trade_id": "8b88d754-8bfd-4e3e-b168-147438b3be17",
            "ticker": "KXHIGHCHI-25APR30-B58.5",
            "count": 59,
            "created_time": "2025-04-30T04:01:54.073495Z",
            "yes_price": 9,
            "no_price": 91,
            "taker_side": "yes"
        },
        {
            "trade_id": "9973a066-52cb-48e5-b5c8-5b026ced4907",
            "ticker": "KXHIGHCHI-25APR30-B58.5",
            "count": 14,
            "created_time": "2025-04-30T03:35:05.538541Z",
            "yes_price": 2,
            "no_price": 98,
            "taker_side": "no"
        },
        {
            "trade_id": "89499bea-487e-4ed5-a89c-fef4c522acfd",
            "ticker": "KXHIGHCHI-25APR30-B58.5",
            "count": 50,
            "created_time": "2025-04-30T03:35:05.538541Z",
            "yes_price": 3,
            "no_price": 97,
            "taker_side": "no"
        },
        {
            "trade_id": "3694c792-365a-4d26-b9d2-3f33fd1dd2a1",
            "ticker": "KXHIGHCHI-25APR30-B58.5",
            "count": 11,
            "created_time": "2025-04-30T03:09:04.568969Z",
            "yes_price": 8,
            "no_price": 92,
            "taker_side": "yes"
        },
        {
            "trade_id": "99813335-247d-4ad9-923f-877b02951cb4",
            "ticker": "KXHIGHCHI-25APR30-B58.5",
            "count": 18,
            "created_time": "2025-04-30T03:05:56.197652Z",
            "yes_price": 4,
            "no_price": 96,
            "taker_side": "no"
        },
        {
            "trade_id": "21eb1455-3bfd-4f68-b5a9-e29637c93999",
            "ticker": "KXHIGHCHI-25APR30-B58.5",
            "count": 4,
            "created_time": "2025-04-30T02:50:57.958588Z",
            "yes_price": 4,
            "no_price": 96,
            "taker_side": "no"
        },
        {
            "trade_id": "de634193-4e9f-433f-9e1a-953e951d3eef",
            "ticker": "KXHIGHCHI-25APR30-B58.5",
            "count": 50,
            "created_time": "2025-04-30T02:45:06.32366Z",
            "yes_price": 7,
            "no_price": 93,
            "taker_side": "yes"
        },
        {
            "trade_id": "4aa214dd-083b-4e9d-95be-23daa70651dd",
            "ticker": "KXHIGHCHI-25APR30-B58.5",
            "count": 14,
            "created_time": "2025-04-30T02:45:06.32366Z",
            "yes_price": 8,
            "no_price": 92,
            "taker_side": "yes"
        },
        {
            "trade_id": "3c271851-f163-4fa9-bb3a-2bdaa68aee9b",
            "ticker": "KXHIGHCHI-25APR30-B58.5",
            "count": 43,
            "created_time": "2025-04-30T01:53:46.243327Z",
            "yes_price": 13,
            "no_price": 87,
            "taker_side": "yes"
        },
        {
            "trade_id": "aacd8abe-6860-420d-949f-062bce5ba4dc",
            "ticker": "KXHIGHCHI-25APR30-B58.5",
            "count": 50,
            "created_time": "2025-04-30T00:25:43.091779Z",
            "yes_price": 11,
            "no_price": 89,
            "taker_side": "yes"
        },
        {
            "trade_id": "48fa6b51-e829-4f51-89f0-eb2bc9ccf4f9",
            "ticker": "KXHIGHCHI-25APR30-B58.5",
            "count": 32,
            "created_time": "2025-04-30T00:25:43.091779Z",
            "yes_price": 12,
            "no_price": 88,
            "taker_side": "yes"
        },
        {
            "trade_id": "ce94f570-d685-4f93-b99d-96003e8df182",
            "ticker": "KXHIGHCHI-25APR30-B58.5",
            "count": 13,
            "created_time": "2025-04-29T23:03:18.153721Z",
            "yes_price": 10,
            "no_price": 90,
            "taker_side": "yes"
        },
        {
            "trade_id": "bb263538-b3ed-4fbc-8bf2-659e7e602628",
            "ticker": "KXHIGHCHI-25APR30-B58.5",
            "count": 5,
            "created_time": "2025-04-29T23:03:18.153721Z",
            "yes_price": 10,
            "no_price": 90,
            "taker_side": "yes"
        },
        {
            "trade_id": "f07414b7-bd35-4594-af03-ef128b0d9108",
            "ticker": "KXHIGHCHI-25APR30-B58.5",
            "count": 45,
            "created_time": "2025-04-29T22:34:55.99726Z",
            "yes_price": 7,
            "no_price": 93,
            "taker_side": "no"
        },
        {
            "trade_id": "aaec140a-7e1d-4468-bfa3-465829b7bdca",
            "ticker": "KXHIGHCHI-25APR30-B58.5",
            "count": 5,
            "created_time": "2025-04-29T22:34:55.99726Z",
            "yes_price": 8,
            "no_price": 92,
            "taker_side": "no"
        },
        {
            "trade_id": "3887e875-28a4-4e8b-a3b6-5a32e37de4e0",
            "ticker": "KXHIGHCHI-25APR30-B58.5",
            "count": 24,
            "created_time": "2025-04-29T22:34:55.99726Z",
            "yes_price": 5,
            "no_price": 95,
            "taker_side": "no"
        },
        {
            "trade_id": "dc9df34e-826a-45e3-9564-8676a525a9b9",
            "ticker": "KXHIGHCHI-25APR30-B58.5",
            "count": 35,
            "created_time": "2025-04-29T22:06:44.763181Z",
            "yes_price": 12,
            "no_price": 88,
            "taker_side": "yes"
        },
        {
            "trade_id": "469255a8-1754-4b5b-9f7d-4ea248882a68",
            "ticker": "KXHIGHCHI-25APR30-B58.5",
            "count": 240,
            "created_time": "2025-04-29T22:06:44.763181Z",
            "yes_price": 14,
            "no_price": 86,
            "taker_side": "yes"
        },
        {
            "trade_id": "2af209ec-71bd-437b-96d1-6ae29b3d52d6",
            "ticker": "KXHIGHCHI-25APR30-B58.5",
            "count": 5,
            "created_time": "2025-04-29T21:10:08.360252Z",
            "yes_price": 16,
            "no_price": 84,
            "taker_side": "yes"
        },
        {
            "trade_id": "c568bbc7-6e10-4a92-8e19-f434c717a99f",
            "ticker": "KXHIGHCHI-25APR30-B58.5",
            "count": 1,
            "created_time": "2025-04-29T20:56:11.756108Z",
            "yes_price": 11,
            "no_price": 89,
            "taker_side": "no"
        },
        {
            "trade_id": "a479b50b-04b2-49aa-b7d4-852f2d9e7ba2",
            "ticker": "KXHIGHCHI-25APR30-B58.5",
            "count": 13,
            "created_time": "2025-04-29T16:13:17.920284Z",
            "yes_price": 12,
            "no_price": 88,
            "taker_side": "no"
        }
    ],
    "KXHIGHCHI-25APR30-B60.5": [
        {
            "trade_id": "6ca9b23a-d370-4b8a-a978-e93cd54dd3e6",
            "ticker": "KXHIGHCHI-25APR30-B60.5",
            "count": 9,
            "created_time": "2025-05-01T04:29:03.131925Z",
            "yes_price": 99,
            "no_price": 1,
            "taker_side": "no"
        },
        {
            "trade_id": "07338d5c-0d3f-417e-98d6-106f688521dc",
            "ticker": "KXHIGHCHI-25APR30-B60.5",
            "count": 22,
            "created_time": "2025-05-01T04:28:20.36428Z",
            "yes_price": 99,
            "no_price": 1,
            "taker_side": "no"
        },
        {
            "trade_id": "72d76e07-dabc-42ec-b829-2eae956f9b3a",
            "ticker": "KXHIGHCHI-25APR30-B60.5",
            "count": 88,
            "created_time": "2025-05-01T04:12:57.100031Z",
            "yes_price": 99,
            "no_price": 1,
            "taker_side": "no"
        },
        {
            "trade_id": "6f60c9c9-5c3b-403d-b60a-071f1d892aa6",
            "ticker": "KXHIGHCHI-25APR30-B60.5",
            "count": 15,
            "created_time": "2025-05-01T03:13:49.271813Z",
            "yes_price": 99,
            "no_price": 1,
            "taker_side": "no"
        },
        {
            "trade_id": "297d3dca-2676-4d97-a0fc-e9dcd2503d1d",
            "ticker": "KXHIGHCHI-25APR30-B60.5",
            "count": 84,
            "created_time": "2025-05-01T03:13:49.271813Z",
            "yes_price": 99,
            "no_price": 1,
            "taker_side": "no"
        },
        {
            "trade_id": "75b7be53-6a69-4be1-a372-0ceebc46058f",
            "ticker": "KXHIGHCHI-25APR30-B60.5",
            "count": 201,
            "created_time": "2025-05-01T03:13:15.271653Z",
            "yes_price": 99,
            "no_price": 1,
            "taker_side": "no"
        },
        {
            "trade_id": "f1416c0f-40ce-4ffe-8a6e-cbd202829ec3",
            "ticker": "KXHIGHCHI-25APR30-B60.5",
            "count": 61,
            "created_time": "2025-05-01T03:11:52.786959Z",
            "yes_price": 99,
            "no_price": 1,
            "taker_side": "no"
        },
        {
            "trade_id": "9323d750-5f48-41d4-9060-f6781d9a95b3",
            "ticker": "KXHIGHCHI-25APR30-B60.5",
            "count": 123,
            "created_time": "2025-05-01T02:57:45.638501Z",
            "yes_price": 99,
            "no_price": 1,
            "taker_side": "no"
        },
        {
            "trade_id": "d93449d3-22f9-4c3e-9cae-f3f89be744b0",
            "ticker": "KXHIGHCHI-25APR30-B60.5",
            "count": 500,
            "created_time": "2025-04-30T23:13:26.722535Z",
            "yes_price": 99,
            "no_price": 1,
            "taker_side": "no"
        },
        {
            "trade_id": "52d6364e-2034-4239-a84b-000e0b118f71",
            "ticker": "KXHIGHCHI-25APR30-B60.5",
            "count": 10,
            "created_time": "2025-04-30T23:02:35.552198Z",
            "yes_price": 98,
            "no_price": 2,
            "taker_side": "no"
        },
        {
            "trade_id": "dd970413-e3c8-4bc4-b9cf-6d58bb821d29",
            "ticker": "KXHIGHCHI-25APR30-B60.5",
            "count": 2,
            "created_time": "2025-04-30T22:51:45.733426Z",
            "yes_price": 98,
            "no_price": 2,
            "taker_side": "no"
        },
        {
            "trade_id": "cced2ed5-a313-4dbc-8be6-cb9f39109ae0",
            "ticker": "KXHIGHCHI-25APR30-B60.5",
            "count": 400,
            "created_time": "2025-04-30T22:27:21.25088Z",
            "yes_price": 99,
            "no_price": 1,
            "taker_side": "no"
        },
        {
            "trade_id": "d930a79e-44ac-431e-90b6-c8561737cf91",
            "ticker": "KXHIGHCHI-25APR30-B60.5",
            "count": 94,
            "created_time": "2025-04-30T21:44:25.464771Z",
            "yes_price": 98,
            "no_price": 2,
            "taker_side": "no"
        },
        {
            "trade_id": "d12aba56-fdd1-4034-9dcd-fe5dfb9a1235",
            "ticker": "KXHIGHCHI-25APR30-B60.5",
            "count": 13,
            "created_time": "2025-04-30T21:44:25.464771Z",
            "yes_price": 99,
            "no_price": 1,
            "taker_side": "no"
        },
        {
            "trade_id": "b2678185-a1f4-416a-8fbd-e10616b4db77",
            "ticker": "KXHIGHCHI-25APR30-B60.5",
            "count": 187,
            "created_time": "2025-04-30T21:23:40.882803Z",
            "yes_price": 99,
            "no_price": 1,
            "taker_side": "no"
        },
        {
            "trade_id": "953eb41f-7525-4fe9-a158-d86d4457fd66",
            "ticker": "KXHIGHCHI-25APR30-B60.5",
            "count": 439,
            "created_time": "2025-04-30T21:17:59.346875Z",
            "yes_price": 99,
            "no_price": 1,
            "taker_side": "yes"
        },
        {
            "trade_id": "4419017a-8f6a-4e5a-a7cf-388f60cf8227",
            "ticker": "KXHIGHCHI-25APR30-B60.5",
            "count": 1500,
            "created_time": "2025-04-30T21:17:59.346875Z",
            "yes_price": 99,
            "no_price": 1,
            "taker_side": "yes"
        },
        {
            "trade_id": "1b6963d6-2f8f-4b11-8f62-405b95d5d0c8",
            "ticker": "KXHIGHCHI-25APR30-B60.5",
            "count": 933,
            "created_time": "2025-04-30T21:17:59.346875Z",
            "yes_price": 99,
            "no_price": 1,
            "taker_side": "yes"
        },
        {
            "trade_id": "0a130e62-52f8-4a87-96b2-297e135bc62c",
            "ticker": "KXHIGHCHI-25APR30-B60.5",
            "count": 41,
            "created_time": "2025-04-30T21:12:11.775086Z",
            "yes_price": 99,
            "no_price": 1,
            "taker_side": "yes"
        },
        {
            "trade_id": "95311403-93fb-4a0c-83de-6c3bfed72873",
            "ticker": "KXHIGHCHI-25APR30-B60.5",
            "count": 1,
            "created_time": "2025-04-30T20:38:11.648953Z",
            "yes_price": 88,
            "no_price": 12,
            "taker_side": "no"
        },
        {
            "trade_id": "a90c9795-4d8c-4745-a096-cfa32087b242",
            "ticker": "KXHIGHCHI-25APR30-B60.5",
            "count": 20,
            "created_time": "2025-04-30T20:15:18.16263Z",
            "yes_price": 99,
            "no_price": 1,
            "taker_side": "yes"
        },
        {
            "trade_id": "3aef366b-0701-4d0d-b890-f745711543b1",
            "ticker": "KXHIGHCHI-25APR30-B60.5",
            "count": 11,
            "created_time": "2025-04-30T20:05:45.494359Z",
            "yes_price": 88,
            "no_price": 12,
            "taker_side": "no"
        },
        {
            "trade_id": "bdbec6f2-d192-4ae5-8bab-0e420c1af350",
            "ticker": "KXHIGHCHI-25APR30-B60.5",
            "count": 30,
            "created_time": "2025-04-30T19:49:07.88711Z",
            "yes_price": 98,
            "no_price": 2,
            "taker_side": "yes"
        },
        {
            "trade_id": "34517135-a3dc-4f6e-b2f3-3fd42bd48a36",
            "ticker": "KXHIGHCHI-25APR30-B60.5",
            "count": 1,
            "created_time": "2025-04-30T19:38:24.517012Z",
            "yes_price": 98,
            "no_price": 2,
            "taker_side": "yes"
        },
        {
            "trade_id": "b5f66ef5-0b0b-4d46-8447-0c716af99dea",
            "ticker": "KXHIGHCHI-25APR30-B60.5",
            "count": 1,
            "created_time": "2025-04-30T19:37:43.319956Z",
            "yes_price": 80,
            "no_price": 20,
            "taker_side": "no"
        },
        {
            "trade_id": "f6e35e71-d276-4fca-9198-23edde56640b",
            "ticker": "KXHIGHCHI-25APR30-B60.5",
            "count": 10,
            "created_time": "2025-04-30T19:27:09.853184Z",
            "yes_price": 98,
            "no_price": 2,
            "taker_side": "yes"
        },
        {
            "trade_id": "ef8ea3fe-c836-4d0d-8499-6c42691c42df",
            "ticker": "KXHIGHCHI-25APR30-B60.5",
            "count": 50,
            "created_time": "2025-04-30T19:23:22.787749Z",
            "yes_price": 98,
            "no_price": 2,
            "taker_side": "yes"
        },
        {
            "trade_id": "95a8d0fb-ffc5-451c-a844-f7b34e39d08c",
            "ticker": "KXHIGHCHI-25APR30-B60.5",
            "count": 50,
            "created_time": "2025-04-30T19:23:22.787749Z",
            "yes_price": 98,
            "no_price": 2,
            "taker_side": "yes"
        },
        {
            "trade_id": "08383968-387f-4bec-9517-3c6c372d9adc",
            "ticker": "KXHIGHCHI-25APR30-B60.5",
            "count": 24,
            "created_time": "2025-04-30T19:23:22.787749Z",
            "yes_price": 98,
            "no_price": 2,
            "taker_side": "yes"
        },
        {
            "trade_id": "0d2e0f42-171a-4b13-9229-fed6236f934f",
            "ticker": "KXHIGHCHI-25APR30-B60.5",
            "count": 9,
            "created_time": "2025-04-30T19:18:37.436404Z",
            "yes_price": 80,
            "no_price": 20,
            "taker_side": "no"
        },
        {
            "trade_id": "f725fc7b-6937-42bb-85bf-4e20d9bcfcf6",
            "ticker": "KXHIGHCHI-25APR30-B60.5",
            "count": 50,
            "created_time": "2025-04-30T19:13:26.561194Z",
            "yes_price": 97,
            "no_price": 3,
            "taker_side": "yes"
        },
        {
            "trade_id": "cfb4c27b-cdbf-42f0-adf2-9d300bb35e7f",
            "ticker": "KXHIGHCHI-25APR30-B60.5",
            "count": 648,
            "created_time": "2025-04-30T19:13:26.561194Z",
            "yes_price": 97,
            "no_price": 3,
            "taker_side": "yes"
        },
        {
            "trade_id": "8f650027-0a1b-4462-96b5-c37768f2814e",
            "ticker": "KXHIGHCHI-25APR30-B60.5",
            "count": 50,
            "created_time": "2025-04-30T19:13:26.561194Z",
            "yes_price": 95,
            "no_price": 5,
            "taker_side": "yes"
        },
        {
            "trade_id": "4ab4755a-5026-4168-b23b-02525b1db180",
            "ticker": "KXHIGHCHI-25APR30-B60.5",
            "count": 50,
            "created_time": "2025-04-30T19:13:26.561194Z",
            "yes_price": 95,
            "no_price": 5,
            "taker_side": "yes"
        },
        {
            "trade_id": "380e0cf0-cdaf-42fe-8c17-b78b734bcde5",
            "ticker": "KXHIGHCHI-25APR30-B60.5",
            "count": 60,
            "created_time": "2025-04-30T19:13:26.561194Z",
            "yes_price": 97,
            "no_price": 3,
            "taker_side": "yes"
        },
        {
            "trade_id": "27f37525-0afc-4def-8f9a-1e0c490c088b",
            "ticker": "KXHIGHCHI-25APR30-B60.5",
            "count": 50,
            "created_time": "2025-04-30T19:13:26.561194Z",
            "yes_price": 95,
            "no_price": 5,
            "taker_side": "yes"
        },
        {
            "trade_id": "84b2c790-605a-4dbf-9a7c-4539a418f7be",
            "ticker": "KXHIGHCHI-25APR30-B60.5",
            "count": 50,
            "created_time": "2025-04-30T19:13:02.238465Z",
            "yes_price": 93,
            "no_price": 7,
            "taker_side": "yes"
        },
        {
            "trade_id": "14ba6b49-94fd-471f-847f-902ecbbc9580",
            "ticker": "KXHIGHCHI-25APR30-B60.5",
            "count": 313,
            "created_time": "2025-04-30T19:13:02.238465Z",
            "yes_price": 94,
            "no_price": 6,
            "taker_side": "yes"
        },
        {
            "trade_id": "bb92a186-9fc0-4e32-bc33-f11b122a63ca",
            "ticker": "KXHIGHCHI-25APR30-B60.5",
            "count": 41,
            "created_time": "2025-04-30T19:05:28.54935Z",
            "yes_price": 77,
            "no_price": 23,
            "taker_side": "no"
        },
        {
            "trade_id": "dc7d19f4-efd8-42cd-8015-74351ee60a2e",
            "ticker": "KXHIGHCHI-25APR30-B60.5",
            "count": 3,
            "created_time": "2025-04-30T19:00:13.600273Z",
            "yes_price": 94,
            "no_price": 6,
            "taker_side": "yes"
        },
        {
            "trade_id": "af3b47ce-4d88-41db-8680-c78d0014d8ab",
            "ticker": "KXHIGHCHI-25APR30-B60.5",
            "count": 50,
            "created_time": "2025-04-30T18:59:29.482843Z",
            "yes_price": 93,
            "no_price": 7,
            "taker_side": "yes"
        },
        {
            "trade_id": "49abeef9-152f-452d-a1b8-8452f8a00aa4",
            "ticker": "KXHIGHCHI-25APR30-B60.5",
            "count": 26,
            "created_time": "2025-04-30T18:59:29.482843Z",
            "yes_price": 91,
            "no_price": 9,
            "taker_side": "yes"
        },
        {
            "trade_id": "3ccb6b5a-a940-4699-80f9-42fa5652169a",
            "ticker": "KXHIGHCHI-25APR30-B60.5",
            "count": 24,
            "created_time": "2025-04-30T18:59:29.482843Z",
            "yes_price": 94,
            "no_price": 6,
            "taker_side": "yes"
        },
        {
            "trade_id": "6192e664-778c-42e7-bfd9-3baaab22f6e1",
            "ticker": "KXHIGHCHI-25APR30-B60.5",
            "count": 13,
            "created_time": "2025-04-30T18:59:03.15387Z",
            "yes_price": 91,
            "no_price": 9,
            "taker_side": "yes"
        },
        {
            "trade_id": "3eb2fcb8-bd41-4bd0-af16-687df25f6b97",
            "ticker": "KXHIGHCHI-25APR30-B60.5",
            "count": 83,
            "created_time": "2025-04-30T18:55:14.752087Z",
            "yes_price": 76,
            "no_price": 24,
            "taker_side": "no"
        },
        {
            "trade_id": "1efdbdd8-83ed-4564-ad90-a75dda1fb457",
            "ticker": "KXHIGHCHI-25APR30-B60.5",
            "count": 11,
            "created_time": "2025-04-30T18:55:14.752087Z",
            "yes_price": 77,
            "no_price": 23,
            "taker_side": "no"
        },
        {
            "trade_id": "e738a753-6ec5-44a8-b3e8-82585e6e1819",
            "ticker": "KXHIGHCHI-25APR30-B60.5",
            "count": 4,
            "created_time": "2025-04-30T18:51:03.514655Z",
            "yes_price": 75,
            "no_price": 25,
            "taker_side": "no"
        },
        {
            "trade_id": "bd3f58fb-4289-4fea-bcc4-4de9fbd19687",
            "ticker": "KXHIGHCHI-25APR30-B60.5",
            "count": 1,
            "created_time": "2025-04-30T18:51:03.514655Z",
            "yes_price": 76,
            "no_price": 24,
            "taker_side": "no"
        },
        {
            "trade_id": "b06bb580-8e32-4556-8c6f-b151abe60600",
            "ticker": "KXHIGHCHI-25APR30-B60.5",
            "count": 25,
            "created_time": "2025-04-30T18:51:03.514655Z",
            "yes_price": 76,
            "no_price": 24,
            "taker_side": "no"
        },
        {
            "trade_id": "1aa8e834-ffe8-4db6-9a99-78b496daffb0",
            "ticker": "KXHIGHCHI-25APR30-B60.5",
            "count": 50,
            "created_time": "2025-04-30T18:51:00.755256Z",
            "yes_price": 82,
            "no_price": 18,
            "taker_side": "yes"
        },
        {
            "trade_id": "bd1888b7-3525-4258-b578-a3f210b2728e",
            "ticker": "KXHIGHCHI-25APR30-B60.5",
            "count": 24,
            "created_time": "2025-04-30T18:50:27.644724Z",
            "yes_price": 76,
            "no_price": 24,
            "taker_side": "no"
        },
        {
            "trade_id": "44a235d9-c2a4-4ae9-8862-9eb8a7f3411f",
            "ticker": "KXHIGHCHI-25APR30-B60.5",
            "count": 15,
            "created_time": "2025-04-30T18:50:27.644724Z",
            "yes_price": 76,
            "no_price": 24,
            "taker_side": "no"
        },
        {
            "trade_id": "a3759f9d-e298-4a1a-8fcc-d288baf41143",
            "ticker": "KXHIGHCHI-25APR30-B60.5",
            "count": 50,
            "created_time": "2025-04-30T18:49:29.235482Z",
            "yes_price": 89,
            "no_price": 11,
            "taker_side": "yes"
        },
        {
            "trade_id": "63eaf0ef-3c13-4eb8-8281-44ccc2d6de0b",
            "ticker": "KXHIGHCHI-25APR30-B60.5",
            "count": 50,
            "created_time": "2025-04-30T18:49:29.235482Z",
            "yes_price": 89,
            "no_price": 11,
            "taker_side": "yes"
        },
        {
            "trade_id": "a8fdd286-f0db-4e6f-9f64-0483ea90a18e",
            "ticker": "KXHIGHCHI-25APR30-B60.5",
            "count": 50,
            "created_time": "2025-04-30T18:48:45.920912Z",
            "yes_price": 86,
            "no_price": 14,
            "taker_side": "yes"
        },
        {
            "trade_id": "5edc9d24-69df-4cf2-ad56-67a89c94a175",
            "ticker": "KXHIGHCHI-25APR30-B60.5",
            "count": 15,
            "created_time": "2025-04-30T18:48:37.210827Z",
            "yes_price": 84,
            "no_price": 16,
            "taker_side": "no"
        },
        {
            "trade_id": "5c5cb7ba-1060-4051-82b3-8e8f8eb60d22",
            "ticker": "KXHIGHCHI-25APR30-B60.5",
            "count": 50,
            "created_time": "2025-04-30T18:48:37.152273Z",
            "yes_price": 83,
            "no_price": 17,
            "taker_side": "yes"
        },
        {
            "trade_id": "530021e6-6497-4fbf-b513-42136d8303b1",
            "ticker": "KXHIGHCHI-25APR30-B60.5",
            "count": 46,
            "created_time": "2025-04-30T18:48:37.152273Z",
            "yes_price": 84,
            "no_price": 16,
            "taker_side": "yes"
        },
        {
            "trade_id": "b11336f8-d8f9-4c64-abfe-9d276e18b128",
            "ticker": "KXHIGHCHI-25APR30-B60.5",
            "count": 50,
            "created_time": "2025-04-30T18:45:51.054426Z",
            "yes_price": 70,
            "no_price": 30,
            "taker_side": "yes"
        },
        {
            "trade_id": "c672877d-73a9-4ff1-b4c4-5bc9b1838bba",
            "ticker": "KXHIGHCHI-25APR30-B60.5",
            "count": 29,
            "created_time": "2025-04-30T18:45:25.06214Z",
            "yes_price": 87,
            "no_price": 13,
            "taker_side": "yes"
        },
        {
            "trade_id": "c069b049-e734-43a0-a36f-41095add0763",
            "ticker": "KXHIGHCHI-25APR30-B60.5",
            "count": 10,
            "created_time": "2025-04-30T18:45:25.06214Z",
            "yes_price": 81,
            "no_price": 19,
            "taker_side": "yes"
        },
        {
            "trade_id": "88ebec4f-b84d-4e56-8372-614159157c3b",
            "ticker": "KXHIGHCHI-25APR30-B60.5",
            "count": 50,
            "created_time": "2025-04-30T18:45:25.06214Z",
            "yes_price": 75,
            "no_price": 25,
            "taker_side": "yes"
        },
        {
            "trade_id": "3feba828-73d4-40b6-841c-f364e5d217e8",
            "ticker": "KXHIGHCHI-25APR30-B60.5",
            "count": 46,
            "created_time": "2025-04-30T18:45:25.06214Z",
            "yes_price": 82,
            "no_price": 18,
            "taker_side": "yes"
        },
        {
            "trade_id": "365c30a6-37ae-49a8-8857-323097580840",
            "ticker": "KXHIGHCHI-25APR30-B60.5",
            "count": 50,
            "created_time": "2025-04-30T18:45:25.06214Z",
            "yes_price": 74,
            "no_price": 26,
            "taker_side": "yes"
        },
        {
            "trade_id": "0fdeac1c-f220-4e69-87a0-2d4c93452244",
            "ticker": "KXHIGHCHI-25APR30-B60.5",
            "count": 15,
            "created_time": "2025-04-30T18:45:25.06214Z",
            "yes_price": 86,
            "no_price": 14,
            "taker_side": "yes"
        },
        {
            "trade_id": "aa152fa0-738f-4d0d-a789-5ec9fa659aed",
            "ticker": "KXHIGHCHI-25APR30-B60.5",
            "count": 50,
            "created_time": "2025-04-30T18:44:42.909404Z",
            "yes_price": 70,
            "no_price": 30,
            "taker_side": "yes"
        },
        {
            "trade_id": "48c21449-aaf3-44e3-9a5b-e56fb39ec1ce",
            "ticker": "KXHIGHCHI-25APR30-B60.5",
            "count": 50,
            "created_time": "2025-04-30T18:44:42.909404Z",
            "yes_price": 71,
            "no_price": 29,
            "taker_side": "yes"
        },
        {
            "trade_id": "be161ca8-7dfe-434d-ac4b-cf5776f357ac",
            "ticker": "KXHIGHCHI-25APR30-B60.5",
            "count": 1000,
            "created_time": "2025-04-30T18:44:07.620641Z",
            "yes_price": 70,
            "no_price": 30,
            "taker_side": "yes"
        },
        {
            "trade_id": "5d26972a-97c5-493d-bf5e-982f402eaf97",
            "ticker": "KXHIGHCHI-25APR30-B60.5",
            "count": 100,
            "created_time": "2025-04-30T18:44:07.620641Z",
            "yes_price": 65,
            "no_price": 35,
            "taker_side": "yes"
        },
        {
            "trade_id": "357ef7ce-a9df-404b-8c00-f3527558f4c6",
            "ticker": "KXHIGHCHI-25APR30-B60.5",
            "count": 100,
            "created_time": "2025-04-30T18:44:07.620641Z",
            "yes_price": 69,
            "no_price": 31,
            "taker_side": "yes"
        },
        {
            "trade_id": "c841cdaf-2b74-49a9-9322-10c23a3abfde",
            "ticker": "KXHIGHCHI-25APR30-B60.5",
            "count": 50,
            "created_time": "2025-04-30T18:43:44.725129Z",
            "yes_price": 63,
            "no_price": 37,
            "taker_side": "yes"
        },
        {
            "trade_id": "5f0ae165-7419-4f88-9f4e-1ef37573653b",
            "ticker": "KXHIGHCHI-25APR30-B60.5",
            "count": 50,
            "created_time": "2025-04-30T18:43:44.725129Z",
            "yes_price": 63,
            "no_price": 37,
            "taker_side": "yes"
        },
        {
            "trade_id": "c94c6f30-a761-4d52-8747-a904b5d6461d",
            "ticker": "KXHIGHCHI-25APR30-B60.5",
            "count": 50,
            "created_time": "2025-04-30T18:41:51.283769Z",
            "yes_price": 58,
            "no_price": 42,
            "taker_side": "yes"
        },
        {
            "trade_id": "c7222761-160d-470d-8d21-88b523ef7f29",
            "ticker": "KXHIGHCHI-25APR30-B60.5",
            "count": 43,
            "created_time": "2025-04-30T18:41:38.224914Z",
            "yes_price": 57,
            "no_price": 43,
            "taker_side": "yes"
        },
        {
            "trade_id": "516cbc31-f0ff-49da-bcfd-64e98f9e04d4",
            "ticker": "KXHIGHCHI-25APR30-B60.5",
            "count": 50,
            "created_time": "2025-04-30T18:41:38.224914Z",
            "yes_price": 56,
            "no_price": 44,
            "taker_side": "yes"
        },
        {
            "trade_id": "2dd44cd6-ee55-4802-ae50-ba6b00674c62",
            "ticker": "KXHIGHCHI-25APR30-B60.5",
            "count": 45,
            "created_time": "2025-04-30T18:33:49.993666Z",
            "yes_price": 54,
            "no_price": 46,
            "taker_side": "yes"
        },
        {
            "trade_id": "7ec1b7ab-d3bc-449a-9c2f-73897d864026",
            "ticker": "KXHIGHCHI-25APR30-B60.5",
            "count": 15,
            "created_time": "2025-04-30T18:33:18.691146Z",
            "yes_price": 53,
            "no_price": 47,
            "taker_side": "yes"
        },
        {
            "trade_id": "3e6f9e51-bd1b-45aa-8520-74bd1ca2cd74",
            "ticker": "KXHIGHCHI-25APR30-B60.5",
            "count": 25,
            "created_time": "2025-04-30T18:33:18.691146Z",
            "yes_price": 53,
            "no_price": 47,
            "taker_side": "yes"
        },
        {
            "trade_id": "247541aa-fdbc-42e0-a46e-d1eb2f519337",
            "ticker": "KXHIGHCHI-25APR30-B60.5",
            "count": 1,
            "created_time": "2025-04-30T18:32:58.35697Z",
            "yes_price": 46,
            "no_price": 54,
            "taker_side": "no"
        },
        {
            "trade_id": "a01b6a6c-d36c-496d-9740-09b087d1ddc9",
            "ticker": "KXHIGHCHI-25APR30-B60.5",
            "count": 17,
            "created_time": "2025-04-30T18:32:57.366108Z",
            "yes_price": 44,
            "no_price": 56,
            "taker_side": "yes"
        },
        {
            "trade_id": "78619bdb-be6b-49e8-9c22-1581778701bf",
            "ticker": "KXHIGHCHI-25APR30-B60.5",
            "count": 12,
            "created_time": "2025-04-30T18:32:57.366108Z",
            "yes_price": 44,
            "no_price": 56,
            "taker_side": "yes"
        },
        {
            "trade_id": "22a81731-e92d-43c8-b9c7-0d558a3fc5ce",
            "ticker": "KXHIGHCHI-25APR30-B60.5",
            "count": 149,
            "created_time": "2025-04-30T18:32:57.366108Z",
            "yes_price": 45,
            "no_price": 55,
            "taker_side": "yes"
        },
        {
            "trade_id": "1aae25bf-c9f2-4a39-9757-31142ec6c2bf",
            "ticker": "KXHIGHCHI-25APR30-B60.5",
            "count": 77,
            "created_time": "2025-04-30T18:32:57.366108Z",
            "yes_price": 40,
            "no_price": 60,
            "taker_side": "yes"
        },
        {
            "trade_id": "fd3377c2-535a-4f13-95f3-10f0ba9c8612",
            "ticker": "KXHIGHCHI-25APR30-B60.5",
            "count": 40,
            "created_time": "2025-04-30T18:32:50.206583Z",
            "yes_price": 39,
            "no_price": 61,
            "taker_side": "no"
        },
        {
            "trade_id": "df65b55b-afe2-4c38-8366-f9107c9ab690",
            "ticker": "KXHIGHCHI-25APR30-B60.5",
            "count": 50,
            "created_time": "2025-04-30T18:32:50.03375Z",
            "yes_price": 39,
            "no_price": 61,
            "taker_side": "yes"
        },
        {
            "trade_id": "b1dc822e-412b-4e44-901b-bc5ad2ae876d",
            "ticker": "KXHIGHCHI-25APR30-B60.5",
            "count": 1,
            "created_time": "2025-04-30T18:32:50.03375Z",
            "yes_price": 36,
            "no_price": 64,
            "taker_side": "yes"
        },
        {
            "trade_id": "b9de1f2f-b33e-4784-a340-be1d11ada1cc",
            "ticker": "KXHIGHCHI-25APR30-B60.5",
            "count": 50,
            "created_time": "2025-04-30T18:26:29.584993Z",
            "yes_price": 25,
            "no_price": 75,
            "taker_side": "no"
        },
        {
            "trade_id": "b7d2edf9-a0d9-4efd-be14-c3483c55c466",
            "ticker": "KXHIGHCHI-25APR30-B60.5",
            "count": 200,
            "created_time": "2025-04-30T18:26:29.584993Z",
            "yes_price": 25,
            "no_price": 75,
            "taker_side": "no"
        },
        {
            "trade_id": "9b994045-7ac7-4134-9540-74a9517e0d43",
            "ticker": "KXHIGHCHI-25APR30-B60.5",
            "count": 1,
            "created_time": "2025-04-30T18:26:29.584993Z",
            "yes_price": 21,
            "no_price": 79,
            "taker_side": "no"
        },
        {
            "trade_id": "85f6effe-4ffb-46c1-b7b8-9128458fa030",
            "ticker": "KXHIGHCHI-25APR30-B60.5",
            "count": 149,
            "created_time": "2025-04-30T18:26:29.584993Z",
            "yes_price": 26,
            "no_price": 74,
            "taker_side": "no"
        },
        {
            "trade_id": "6c90d6ae-ab00-4ba3-9568-4c78330129d0",
            "ticker": "KXHIGHCHI-25APR30-B60.5",
            "count": 100,
            "created_time": "2025-04-30T18:24:40.33168Z",
            "yes_price": 23,
            "no_price": 77,
            "taker_side": "no"
        },
        {
            "trade_id": "db7aab3e-6598-4a87-8295-7e746c854d18",
            "ticker": "KXHIGHCHI-25APR30-B60.5",
            "count": 33,
            "created_time": "2025-04-30T18:24:27.728586Z",
            "yes_price": 24,
            "no_price": 76,
            "taker_side": "no"
        },
        {
            "trade_id": "3336d33d-220f-4d5c-bdea-b6fa9a9b62c2",
            "ticker": "KXHIGHCHI-25APR30-B60.5",
            "count": 150,
            "created_time": "2025-04-30T18:21:32.217401Z",
            "yes_price": 26,
            "no_price": 74,
            "taker_side": "no"
        },
        {
            "trade_id": "0e41efff-b642-4029-8fc6-cc2ad1460f62",
            "ticker": "KXHIGHCHI-25APR30-B60.5",
            "count": 50,
            "created_time": "2025-04-30T18:21:32.217401Z",
            "yes_price": 25,
            "no_price": 75,
            "taker_side": "no"
        },
        {
            "trade_id": "21c73bdb-6630-4a83-920a-ab955773ce24",
            "ticker": "KXHIGHCHI-25APR30-B60.5",
            "count": 10,
            "created_time": "2025-04-30T18:20:31.344968Z",
            "yes_price": 27,
            "no_price": 73,
            "taker_side": "no"
        },
        {
            "trade_id": "e884e0bf-ac2b-4507-93ae-aa5c32036a4b",
            "ticker": "KXHIGHCHI-25APR30-B60.5",
            "count": 2,
            "created_time": "2025-04-30T18:19:55.198604Z",
            "yes_price": 39,
            "no_price": 61,
            "taker_side": "yes"
        },
        {
            "trade_id": "f14ca9b0-f7d1-40e4-aae7-5679ebb5540f",
            "ticker": "KXHIGHCHI-25APR30-B60.5",
            "count": 50,
            "created_time": "2025-04-30T18:18:09.468423Z",
            "yes_price": 39,
            "no_price": 61,
            "taker_side": "yes"
        },
        {
            "trade_id": "050ceff1-73a2-4e78-9f2d-cf49fcb182be",
            "ticker": "KXHIGHCHI-25APR30-B60.5",
            "count": 5,
            "created_time": "2025-04-30T18:11:08.728546Z",
            "yes_price": 21,
            "no_price": 79,
            "taker_side": "no"
        },
        {
            "trade_id": "cde09e13-03bb-46c6-9e38-6dae7d55f45d",
            "ticker": "KXHIGHCHI-25APR30-B60.5",
            "count": 40,
            "created_time": "2025-04-30T18:10:00.970072Z",
            "yes_price": 25,
            "no_price": 75,
            "taker_side": "no"
        },
        {
            "trade_id": "bf37f346-6eba-4f9e-83c9-b2a29828e801",
            "ticker": "KXHIGHCHI-25APR30-B60.5",
            "count": 50,
            "created_time": "2025-04-30T18:10:00.970072Z",
            "yes_price": 25,
            "no_price": 75,
            "taker_side": "no"
        },
        {
            "trade_id": "9d515cbe-2510-4a19-ad84-91b87703f663",
            "ticker": "KXHIGHCHI-25APR30-B60.5",
            "count": 500,
            "created_time": "2025-04-30T18:10:00.970072Z",
            "yes_price": 21,
            "no_price": 79,
            "taker_side": "no"
        },
        {
            "trade_id": "ef014e9e-285b-4a28-89ca-49d463a00a96",
            "ticker": "KXHIGHCHI-25APR30-B60.5",
            "count": 176,
            "created_time": "2025-04-30T18:09:08.446924Z",
            "yes_price": 31,
            "no_price": 69,
            "taker_side": "no"
        },
        {
            "trade_id": "6ceaceff-49ac-48ed-a7f3-1d21748a0236",
            "ticker": "KXHIGHCHI-25APR30-B60.5",
            "count": 46,
            "created_time": "2025-04-30T18:09:08.446924Z",
            "yes_price": 30,
            "no_price": 70,
            "taker_side": "no"
        },
        {
            "trade_id": "098e525f-fdd4-44b3-80e1-b0929de2030b",
            "ticker": "KXHIGHCHI-25APR30-B60.5",
            "count": 1,
            "created_time": "2025-04-30T18:09:08.446924Z",
            "yes_price": 30,
            "no_price": 70,
            "taker_side": "no"
        },
        {
            "trade_id": "72d20cf4-5a5a-4600-92cf-730231a44266",
            "ticker": "KXHIGHCHI-25APR30-B60.5",
            "count": 99,
            "created_time": "2025-04-30T18:08:27.28931Z",
            "yes_price": 31,
            "no_price": 69,
            "taker_side": "no"
        },
        {
            "trade_id": "c8ba4942-d3bc-41b8-bacb-eb86f5ce6e83",
            "ticker": "KXHIGHCHI-25APR30-B60.5",
            "count": 20,
            "created_time": "2025-04-30T18:08:21.774157Z",
            "yes_price": 31,
            "no_price": 69,
            "taker_side": "no"
        },
        {
            "trade_id": "9984b05f-879a-4c52-98e0-b88e2d89f3c3",
            "ticker": "KXHIGHCHI-25APR30-B60.5",
            "count": 2,
            "created_time": "2025-04-30T18:05:55.008084Z",
            "yes_price": 31,
            "no_price": 69,
            "taker_side": "no"
        },
        {
            "trade_id": "6d1d6a2a-276f-4e3d-aef2-b22b47190fa8",
            "ticker": "KXHIGHCHI-25APR30-B60.5",
            "count": 1,
            "created_time": "2025-04-30T18:05:48.822102Z",
            "yes_price": 31,
            "no_price": 69,
            "taker_side": "no"
        },
        {
            "trade_id": "9950089c-4bd3-4d78-83bf-12eac48693cc",
            "ticker": "KXHIGHCHI-25APR30-B60.5",
            "count": 2,
            "created_time": "2025-04-30T18:03:59.14915Z",
            "yes_price": 31,
            "no_price": 69,
            "taker_side": "no"
        },
        {
            "trade_id": "e6e563b6-fb53-4f64-99c0-f6bd4b2ac9e9",
            "ticker": "KXHIGHCHI-25APR30-B60.5",
            "count": 349,
            "created_time": "2025-04-30T18:00:37.52855Z",
            "yes_price": 32,
            "no_price": 68,
            "taker_side": "no"
        },
        {
            "trade_id": "20aaa7d9-63ef-4634-8a6c-2acb83941697",
            "ticker": "KXHIGHCHI-25APR30-B60.5",
            "count": 154,
            "created_time": "2025-04-30T18:00:37.52855Z",
            "yes_price": 30,
            "no_price": 70,
            "taker_side": "no"
        },
        {
            "trade_id": "828d984f-256d-4ce2-8f7f-5c0e5edd00eb",
            "ticker": "KXHIGHCHI-25APR30-B60.5",
            "count": 39,
            "created_time": "2025-04-30T17:57:18.643081Z",
            "yes_price": 33,
            "no_price": 67,
            "taker_side": "no"
        },
        {
            "trade_id": "401db649-d118-4398-8dc7-57e8a3b25660",
            "ticker": "KXHIGHCHI-25APR30-B60.5",
            "count": 151,
            "created_time": "2025-04-30T17:48:24.265022Z",
            "yes_price": 32,
            "no_price": 68,
            "taker_side": "no"
        },
        {
            "trade_id": "2253b417-a816-4078-be7f-a2369921cfa9",
            "ticker": "KXHIGHCHI-25APR30-B60.5",
            "count": 36,
            "created_time": "2025-04-30T17:48:11.460351Z",
            "yes_price": 34,
            "no_price": 66,
            "taker_side": "no"
        },
        {
            "trade_id": "f9725e60-9c52-423c-a0c8-63e8e5d2a646",
            "ticker": "KXHIGHCHI-25APR30-B60.5",
            "count": 1,
            "created_time": "2025-04-30T17:47:14.445365Z",
            "yes_price": 48,
            "no_price": 52,
            "taker_side": "yes"
        },
        {
            "trade_id": "56a79fa2-5cfe-4a61-8608-609b1c5a6d8c",
            "ticker": "KXHIGHCHI-25APR30-B60.5",
            "count": 2,
            "created_time": "2025-04-30T17:46:58.642188Z",
            "yes_price": 45,
            "no_price": 55,
            "taker_side": "yes"
        },
        {
            "trade_id": "bd905815-535c-46fc-8a38-dff3c7b92b4c",
            "ticker": "KXHIGHCHI-25APR30-B60.5",
            "count": 250,
            "created_time": "2025-04-30T17:45:54.033757Z",
            "yes_price": 44,
            "no_price": 56,
            "taker_side": "yes"
        },
        {
            "trade_id": "f41ad4a2-1611-4a2e-8617-f2151612474d",
            "ticker": "KXHIGHCHI-25APR30-B60.5",
            "count": 6,
            "created_time": "2025-04-30T17:39:41.304535Z",
            "yes_price": 44,
            "no_price": 56,
            "taker_side": "yes"
        },
        {
            "trade_id": "a2147c2b-1958-467f-afb9-a884ae862536",
            "ticker": "KXHIGHCHI-25APR30-B60.5",
            "count": 1,
            "created_time": "2025-04-30T17:39:41.304535Z",
            "yes_price": 44,
            "no_price": 56,
            "taker_side": "yes"
        },
        {
            "trade_id": "26a04196-f93f-425c-add7-a35732c914ae",
            "ticker": "KXHIGHCHI-25APR30-B60.5",
            "count": 28,
            "created_time": "2025-04-30T17:39:41.304535Z",
            "yes_price": 44,
            "no_price": 56,
            "taker_side": "yes"
        },
        {
            "trade_id": "ce245b1f-146e-4476-8622-8500ee5c08fe",
            "ticker": "KXHIGHCHI-25APR30-B60.5",
            "count": 18,
            "created_time": "2025-04-30T17:36:42.589664Z",
            "yes_price": 43,
            "no_price": 57,
            "taker_side": "yes"
        },
        {
            "trade_id": "cabb2926-a064-4408-b859-72496dc2a354",
            "ticker": "KXHIGHCHI-25APR30-B60.5",
            "count": 15,
            "created_time": "2025-04-30T17:36:42.589664Z",
            "yes_price": 43,
            "no_price": 57,
            "taker_side": "yes"
        },
        {
            "trade_id": "6ef60d40-5b86-4b6e-a526-8e98f3b02cf5",
            "ticker": "KXHIGHCHI-25APR30-B60.5",
            "count": 10,
            "created_time": "2025-04-30T17:29:57.566147Z",
            "yes_price": 48,
            "no_price": 52,
            "taker_side": "yes"
        },
        {
            "trade_id": "eeec55d0-2ef6-4f7c-9fe0-44a541393dcf",
            "ticker": "KXHIGHCHI-25APR30-B60.5",
            "count": 43,
            "created_time": "2025-04-30T17:27:14.997095Z",
            "yes_price": 29,
            "no_price": 71,
            "taker_side": "no"
        },
        {
            "trade_id": "c1a46000-bc92-4a9e-85fa-5e10cc60f1e9",
            "ticker": "KXHIGHCHI-25APR30-B60.5",
            "count": 24,
            "created_time": "2025-04-30T17:27:14.997095Z",
            "yes_price": 30,
            "no_price": 70,
            "taker_side": "no"
        },
        {
            "trade_id": "7761c1c9-e8c6-4b70-ba49-0c6067417d48",
            "ticker": "KXHIGHCHI-25APR30-B60.5",
            "count": 15,
            "created_time": "2025-04-30T17:27:14.997095Z",
            "yes_price": 30,
            "no_price": 70,
            "taker_side": "no"
        },
        {
            "trade_id": "1a9359d1-c11c-450d-baa5-9b51f1fe9b97",
            "ticker": "KXHIGHCHI-25APR30-B60.5",
            "count": 6,
            "created_time": "2025-04-30T17:27:14.997095Z",
            "yes_price": 29,
            "no_price": 71,
            "taker_side": "no"
        },
        {
            "trade_id": "8598b87e-ef44-4b54-902a-83f6766ba028",
            "ticker": "KXHIGHCHI-25APR30-B60.5",
            "count": 1,
            "created_time": "2025-04-30T17:25:51.225098Z",
            "yes_price": 26,
            "no_price": 74,
            "taker_side": "no"
        },
        {
            "trade_id": "c70c3343-41fa-429c-9d94-b09405722acc",
            "ticker": "KXHIGHCHI-25APR30-B60.5",
            "count": 24,
            "created_time": "2025-04-30T17:25:44.258252Z",
            "yes_price": 34,
            "no_price": 66,
            "taker_side": "yes"
        },
        {
            "trade_id": "a75a5090-3a93-46fc-8495-621b15601d3f",
            "ticker": "KXHIGHCHI-25APR30-B60.5",
            "count": 43,
            "created_time": "2025-04-30T17:25:44.258252Z",
            "yes_price": 42,
            "no_price": 58,
            "taker_side": "yes"
        },
        {
            "trade_id": "a495e9d3-0222-4573-a0d0-5b2f35eb1d9c",
            "ticker": "KXHIGHCHI-25APR30-B60.5",
            "count": 50,
            "created_time": "2025-04-30T17:25:44.258252Z",
            "yes_price": 39,
            "no_price": 61,
            "taker_side": "yes"
        },
        {
            "trade_id": "741fb881-65b7-4215-9f0d-99d1f6a11ed0",
            "ticker": "KXHIGHCHI-25APR30-B60.5",
            "count": 6,
            "created_time": "2025-04-30T17:25:44.258252Z",
            "yes_price": 40,
            "no_price": 60,
            "taker_side": "yes"
        },
        {
            "trade_id": "41d60ce3-588f-45f5-a26d-4f035dcd02af",
            "ticker": "KXHIGHCHI-25APR30-B60.5",
            "count": 75,
            "created_time": "2025-04-30T17:25:44.258252Z",
            "yes_price": 43,
            "no_price": 57,
            "taker_side": "yes"
        },
        {
            "trade_id": "41ea1424-71e0-4ca2-84bb-5779f8d914a2",
            "ticker": "KXHIGHCHI-25APR30-B60.5",
            "count": 71,
            "created_time": "2025-04-30T17:20:45.750109Z",
            "yes_price": 22,
            "no_price": 78,
            "taker_side": "no"
        },
        {
            "trade_id": "227fc263-d695-476a-a374-5c334d52285e",
            "ticker": "KXHIGHCHI-25APR30-B60.5",
            "count": 50,
            "created_time": "2025-04-30T17:20:45.750109Z",
            "yes_price": 23,
            "no_price": 77,
            "taker_side": "no"
        },
        {
            "trade_id": "02b349ad-c353-45f0-bd54-08729d20eda3",
            "ticker": "KXHIGHCHI-25APR30-B60.5",
            "count": 4,
            "created_time": "2025-04-30T17:20:45.750109Z",
            "yes_price": 24,
            "no_price": 76,
            "taker_side": "no"
        },
        {
            "trade_id": "f1b1ef0a-9f3d-4e99-bb35-80966c88b19b",
            "ticker": "KXHIGHCHI-25APR30-B60.5",
            "count": 150,
            "created_time": "2025-04-30T17:15:17.95665Z",
            "yes_price": 39,
            "no_price": 61,
            "taker_side": "yes"
        },
        {
            "trade_id": "bd3c0191-461b-4844-b874-394b55153aa5",
            "ticker": "KXHIGHCHI-25APR30-B60.5",
            "count": 50,
            "created_time": "2025-04-30T17:15:17.95665Z",
            "yes_price": 34,
            "no_price": 66,
            "taker_side": "yes"
        },
        {
            "trade_id": "9a1237b8-fc3b-4228-9f11-c4190968927d",
            "ticker": "KXHIGHCHI-25APR30-B60.5",
            "count": 4,
            "created_time": "2025-04-30T17:15:17.95665Z",
            "yes_price": 33,
            "no_price": 67,
            "taker_side": "yes"
        },
        {
            "trade_id": "94b2b15c-64c6-4c59-9328-ce2485fbc18a",
            "ticker": "KXHIGHCHI-25APR30-B60.5",
            "count": 149,
            "created_time": "2025-04-30T17:15:17.95665Z",
            "yes_price": 38,
            "no_price": 62,
            "taker_side": "yes"
        },
        {
            "trade_id": "7e8427d0-012e-4d11-928f-63c448bf843a",
            "ticker": "KXHIGHCHI-25APR30-B60.5",
            "count": 14,
            "created_time": "2025-04-30T17:15:17.95665Z",
            "yes_price": 28,
            "no_price": 72,
            "taker_side": "yes"
        },
        {
            "trade_id": "7a496aa5-731d-43c7-8fbd-aac8f89feac2",
            "ticker": "KXHIGHCHI-25APR30-B60.5",
            "count": 100,
            "created_time": "2025-04-30T17:15:17.95665Z",
            "yes_price": 40,
            "no_price": 60,
            "taker_side": "yes"
        },
        {
            "trade_id": "6bdf052c-4b3b-4458-8aa0-70f8e6f08a6f",
            "ticker": "KXHIGHCHI-25APR30-B60.5",
            "count": 20,
            "created_time": "2025-04-30T17:15:17.95665Z",
            "yes_price": 35,
            "no_price": 65,
            "taker_side": "yes"
        },
        {
            "trade_id": "513e4b25-809a-4f6d-bf90-9c6410cd4c9f",
            "ticker": "KXHIGHCHI-25APR30-B60.5",
            "count": 42,
            "created_time": "2025-04-30T17:15:17.95665Z",
            "yes_price": 36,
            "no_price": 64,
            "taker_side": "yes"
        },
        {
            "trade_id": "e9b979a5-a400-4e3d-9a67-2d56f0d988df",
            "ticker": "KXHIGHCHI-25APR30-B60.5",
            "count": 6,
            "created_time": "2025-04-30T17:11:07.475352Z",
            "yes_price": 28,
            "no_price": 72,
            "taker_side": "yes"
        },
        {
            "trade_id": "8e72c77a-a0ef-4e56-917e-493cc1b06118",
            "ticker": "KXHIGHCHI-25APR30-B60.5",
            "count": 1,
            "created_time": "2025-04-30T17:10:05.889228Z",
            "yes_price": 28,
            "no_price": 72,
            "taker_side": "yes"
        },
        {
            "trade_id": "7476f557-83b1-48bc-be26-ac7faa6bc28b",
            "ticker": "KXHIGHCHI-25APR30-B60.5",
            "count": 19,
            "created_time": "2025-04-30T17:00:30.148588Z",
            "yes_price": 26,
            "no_price": 74,
            "taker_side": "no"
        },
        {
            "trade_id": "a7d25d5d-9a33-4aaa-90b1-cd52ca7c1c99",
            "ticker": "KXHIGHCHI-25APR30-B60.5",
            "count": 41,
            "created_time": "2025-04-30T16:56:09.618568Z",
            "yes_price": 28,
            "no_price": 72,
            "taker_side": "yes"
        },
        {
            "trade_id": "09212170-bf24-47f8-a81c-103b2ef5a466",
            "ticker": "KXHIGHCHI-25APR30-B60.5",
            "count": 15,
            "created_time": "2025-04-30T16:56:09.618568Z",
            "yes_price": 27,
            "no_price": 73,
            "taker_side": "yes"
        },
        {
            "trade_id": "f7e4e7d6-f2fc-45d9-9035-0d2aa4387770",
            "ticker": "KXHIGHCHI-25APR30-B60.5",
            "count": 7,
            "created_time": "2025-04-30T16:55:37.292212Z",
            "yes_price": 22,
            "no_price": 78,
            "taker_side": "no"
        },
        {
            "trade_id": "2bd738c8-b532-49c8-98d4-e60c74670a48",
            "ticker": "KXHIGHCHI-25APR30-B60.5",
            "count": 15,
            "created_time": "2025-04-30T16:55:37.292212Z",
            "yes_price": 22,
            "no_price": 78,
            "taker_side": "no"
        },
        {
            "trade_id": "d344b8a9-eea5-4132-96e2-f14a033784eb",
            "ticker": "KXHIGHCHI-25APR30-B60.5",
            "count": 50,
            "created_time": "2025-04-30T16:53:54.409002Z",
            "yes_price": 23,
            "no_price": 77,
            "taker_side": "yes"
        },
        {
            "trade_id": "c4a8d428-211f-487e-84f3-9d60f5330717",
            "ticker": "KXHIGHCHI-25APR30-B60.5",
            "count": 41,
            "created_time": "2025-04-30T16:53:54.409002Z",
            "yes_price": 24,
            "no_price": 76,
            "taker_side": "yes"
        },
        {
            "trade_id": "723def9b-8f53-435f-a4de-2acf1cef9667",
            "ticker": "KXHIGHCHI-25APR30-B60.5",
            "count": 149,
            "created_time": "2025-04-30T16:53:54.409002Z",
            "yes_price": 30,
            "no_price": 70,
            "taker_side": "yes"
        },
        {
            "trade_id": "5041f7f1-2381-4d09-beb9-ec12f05bf3fa",
            "ticker": "KXHIGHCHI-25APR30-B60.5",
            "count": 14,
            "created_time": "2025-04-30T16:53:54.409002Z",
            "yes_price": 28,
            "no_price": 72,
            "taker_side": "yes"
        },
        {
            "trade_id": "366c895f-f373-4421-99ee-3bb97d542c8e",
            "ticker": "KXHIGHCHI-25APR30-B60.5",
            "count": 200,
            "created_time": "2025-04-30T16:53:54.409002Z",
            "yes_price": 30,
            "no_price": 70,
            "taker_side": "yes"
        },
        {
            "trade_id": "f404a025-266f-40e7-85a0-5b96d277518d",
            "ticker": "KXHIGHCHI-25APR30-B60.5",
            "count": 100,
            "created_time": "2025-04-30T16:51:46.438358Z",
            "yes_price": 21,
            "no_price": 79,
            "taker_side": "yes"
        },
        {
            "trade_id": "af88ae7d-e13c-4dbb-be08-9b9fa96db4c8",
            "ticker": "KXHIGHCHI-25APR30-B60.5",
            "count": 16,
            "created_time": "2025-04-30T16:51:46.438358Z",
            "yes_price": 14,
            "no_price": 86,
            "taker_side": "yes"
        },
        {
            "trade_id": "77560c4e-c67e-4507-9b49-64443613abab",
            "ticker": "KXHIGHCHI-25APR30-B60.5",
            "count": 12,
            "created_time": "2025-04-30T16:51:46.438358Z",
            "yes_price": 20,
            "no_price": 80,
            "taker_side": "yes"
        },
        {
            "trade_id": "53a475d3-2384-4184-8b16-174d8b6c20cb",
            "ticker": "KXHIGHCHI-25APR30-B60.5",
            "count": 50,
            "created_time": "2025-04-30T16:51:46.438358Z",
            "yes_price": 19,
            "no_price": 81,
            "taker_side": "yes"
        },
        {
            "trade_id": "0f09bb33-f1f0-4a4c-a88c-debacbf99d46",
            "ticker": "KXHIGHCHI-25APR30-B60.5",
            "count": 149,
            "created_time": "2025-04-30T16:51:46.438358Z",
            "yes_price": 21,
            "no_price": 79,
            "taker_side": "yes"
        },
        {
            "trade_id": "244d4abc-8d39-4fb5-aa5c-810150a09054",
            "ticker": "KXHIGHCHI-25APR30-B60.5",
            "count": 50,
            "created_time": "2025-04-30T16:41:01.38957Z",
            "yes_price": 13,
            "no_price": 87,
            "taker_side": "yes"
        },
        {
            "trade_id": "effe2036-4b6e-4c1c-8551-8c7b00f02a37",
            "ticker": "KXHIGHCHI-25APR30-B60.5",
            "count": 17,
            "created_time": "2025-04-30T16:37:54.919971Z",
            "yes_price": 13,
            "no_price": 87,
            "taker_side": "yes"
        },
        {
            "trade_id": "5ca9661f-ab09-4443-b2a9-dd95e6cdfa46",
            "ticker": "KXHIGHCHI-25APR30-B60.5",
            "count": 3,
            "created_time": "2025-04-30T16:37:54.919971Z",
            "yes_price": 12,
            "no_price": 88,
            "taker_side": "yes"
        },
        {
            "trade_id": "1d609482-eba1-4d7e-ab59-e54417766208",
            "ticker": "KXHIGHCHI-25APR30-B60.5",
            "count": 50,
            "created_time": "2025-04-30T16:37:54.919971Z",
            "yes_price": 12,
            "no_price": 88,
            "taker_side": "yes"
        },
        {
            "trade_id": "c62fed84-beab-435d-ae35-ffccfad1d58b",
            "ticker": "KXHIGHCHI-25APR30-B60.5",
            "count": 50,
            "created_time": "2025-04-30T16:33:59.805326Z",
            "yes_price": 12,
            "no_price": 88,
            "taker_side": "yes"
        },
        {
            "trade_id": "f5efb0b1-ac62-420e-a01f-815384ae24b3",
            "ticker": "KXHIGHCHI-25APR30-B60.5",
            "count": 40,
            "created_time": "2025-04-30T16:21:17.20403Z",
            "yes_price": 18,
            "no_price": 82,
            "taker_side": "yes"
        },
        {
            "trade_id": "6d8bdebb-7b6b-4d60-b4c6-6f8ec7fa3a0f",
            "ticker": "KXHIGHCHI-25APR30-B60.5",
            "count": 50,
            "created_time": "2025-04-30T16:21:17.20403Z",
            "yes_price": 17,
            "no_price": 83,
            "taker_side": "yes"
        },
        {
            "trade_id": "67476170-8f06-48ad-86d0-c9b4e2352a6a",
            "ticker": "KXHIGHCHI-25APR30-B60.5",
            "count": 50,
            "created_time": "2025-04-30T16:21:17.20403Z",
            "yes_price": 15,
            "no_price": 85,
            "taker_side": "yes"
        },
        {
            "trade_id": "d6af58fd-32ce-4cb0-8405-0fa49c0daf3c",
            "ticker": "KXHIGHCHI-25APR30-B60.5",
            "count": 50,
            "created_time": "2025-04-30T16:20:40.450344Z",
            "yes_price": 11,
            "no_price": 89,
            "taker_side": "yes"
        },
        {
            "trade_id": "88754083-732a-4f9d-b679-1e8ba34a6e2a",
            "ticker": "KXHIGHCHI-25APR30-B60.5",
            "count": 17,
            "created_time": "2025-04-30T16:20:40.450344Z",
            "yes_price": 11,
            "no_price": 89,
            "taker_side": "yes"
        },
        {
            "trade_id": "191ed18f-da18-419b-97ed-5606b48ae430",
            "ticker": "KXHIGHCHI-25APR30-B60.5",
            "count": 1,
            "created_time": "2025-04-30T16:19:56.627195Z",
            "yes_price": 6,
            "no_price": 94,
            "taker_side": "no"
        },
        {
            "trade_id": "963e5aca-a70d-452d-b302-439a742f60d9",
            "ticker": "KXHIGHCHI-25APR30-B60.5",
            "count": 50,
            "created_time": "2025-04-30T16:19:25.383518Z",
            "yes_price": 9,
            "no_price": 91,
            "taker_side": "yes"
        },
        {
            "trade_id": "5ee7f453-b7a1-4c2a-b581-c7e094953f12",
            "ticker": "KXHIGHCHI-25APR30-B60.5",
            "count": 300,
            "created_time": "2025-04-30T16:19:25.383518Z",
            "yes_price": 10,
            "no_price": 90,
            "taker_side": "yes"
        },
        {
            "trade_id": "cdaad14e-2469-43bb-81f1-28fe81739e42",
            "ticker": "KXHIGHCHI-25APR30-B60.5",
            "count": 50,
            "created_time": "2025-04-30T16:14:30.249229Z",
            "yes_price": 9,
            "no_price": 91,
            "taker_side": "yes"
        },
        {
            "trade_id": "5ad7176a-627b-4798-bc98-5ca97a0c30f1",
            "ticker": "KXHIGHCHI-25APR30-B60.5",
            "count": 200,
            "created_time": "2025-04-30T16:11:53.8127Z",
            "yes_price": 10,
            "no_price": 90,
            "taker_side": "yes"
        },
        {
            "trade_id": "4b978511-8a29-4792-95ce-75b0b678ccc1",
            "ticker": "KXHIGHCHI-25APR30-B60.5",
            "count": 50,
            "created_time": "2025-04-30T16:10:56.93076Z",
            "yes_price": 9,
            "no_price": 91,
            "taker_side": "yes"
        },
        {
            "trade_id": "5a80a6e2-d73b-419d-bd39-0147dcc91ec8",
            "ticker": "KXHIGHCHI-25APR30-B60.5",
            "count": 50,
            "created_time": "2025-04-30T16:09:40.120129Z",
            "yes_price": 9,
            "no_price": 91,
            "taker_side": "yes"
        },
        {
            "trade_id": "e984e220-a2f8-41b3-9f9e-392fc930babd",
            "ticker": "KXHIGHCHI-25APR30-B60.5",
            "count": 50,
            "created_time": "2025-04-30T15:57:48.956163Z",
            "yes_price": 4,
            "no_price": 96,
            "taker_side": "yes"
        },
        {
            "trade_id": "74009929-c87b-4eb4-a202-1bc5c9f860e7",
            "ticker": "KXHIGHCHI-25APR30-B60.5",
            "count": 100,
            "created_time": "2025-04-30T15:57:48.956163Z",
            "yes_price": 4,
            "no_price": 96,
            "taker_side": "yes"
        },
        {
            "trade_id": "d728f70b-bb8e-401f-8a74-367c13bc79df",
            "ticker": "KXHIGHCHI-25APR30-B60.5",
            "count": 50,
            "created_time": "2025-04-30T15:45:27.767957Z",
            "yes_price": 3,
            "no_price": 97,
            "taker_side": "yes"
        },
        {
            "trade_id": "9c53baa7-7fce-4665-9901-5e960a794b5f",
            "ticker": "KXHIGHCHI-25APR30-B60.5",
            "count": 49,
            "created_time": "2025-04-30T15:24:03.144767Z",
            "yes_price": 3,
            "no_price": 97,
            "taker_side": "yes"
        },
        {
            "trade_id": "9350b36a-6439-434d-8440-0d6938f1e17f",
            "ticker": "KXHIGHCHI-25APR30-B60.5",
            "count": 50,
            "created_time": "2025-04-30T15:24:03.144767Z",
            "yes_price": 3,
            "no_price": 97,
            "taker_side": "yes"
        },
        {
            "trade_id": "c1b17394-f1a3-4801-9350-c69c9e9151b2",
            "ticker": "KXHIGHCHI-25APR30-B60.5",
            "count": 201,
            "created_time": "2025-04-30T15:22:28.90691Z",
            "yes_price": 3,
            "no_price": 97,
            "taker_side": "yes"
        },
        {
            "trade_id": "c899f205-1fa9-46da-a082-a5039e2d08f9",
            "ticker": "KXHIGHCHI-25APR30-B60.5",
            "count": 50,
            "created_time": "2025-04-30T15:21:48.259908Z",
            "yes_price": 2,
            "no_price": 98,
            "taker_side": "yes"
        },
        {
            "trade_id": "bef6c813-1996-40e0-b756-0ff1acc23b54",
            "ticker": "KXHIGHCHI-25APR30-B60.5",
            "count": 10,
            "created_time": "2025-04-30T15:05:12.119953Z",
            "yes_price": 3,
            "no_price": 97,
            "taker_side": "yes"
        },
        {
            "trade_id": "dc60bf0c-5292-4ee0-90b2-c8119feb5968",
            "ticker": "KXHIGHCHI-25APR30-B60.5",
            "count": 2,
            "created_time": "2025-04-30T14:57:03.348668Z",
            "yes_price": 3,
            "no_price": 97,
            "taker_side": "no"
        },
        {
            "trade_id": "f7f45042-a1a6-4c5f-82c7-b16be21dcfc9",
            "ticker": "KXHIGHCHI-25APR30-B60.5",
            "count": 3,
            "created_time": "2025-04-30T14:50:16.379307Z",
            "yes_price": 3,
            "no_price": 97,
            "taker_side": "yes"
        },
        {
            "trade_id": "f9ce58f6-069c-4b0f-b177-2b4802433038",
            "ticker": "KXHIGHCHI-25APR30-B60.5",
            "count": 6,
            "created_time": "2025-04-30T14:49:28.370963Z",
            "yes_price": 4,
            "no_price": 96,
            "taker_side": "no"
        },
        {
            "trade_id": "92c328e4-dfa9-4fec-ad02-76effb439af9",
            "ticker": "KXHIGHCHI-25APR30-B60.5",
            "count": 164,
            "created_time": "2025-04-30T14:49:28.370963Z",
            "yes_price": 4,
            "no_price": 96,
            "taker_side": "no"
        },
        {
            "trade_id": "fa9e0507-6bb8-490e-96d5-0a871285a6c0",
            "ticker": "KXHIGHCHI-25APR30-B60.5",
            "count": 4,
            "created_time": "2025-04-30T14:41:56.851457Z",
            "yes_price": 4,
            "no_price": 96,
            "taker_side": "no"
        },
        {
            "trade_id": "e5a32b93-5a9f-4f9d-9adf-aa36bba1f392",
            "ticker": "KXHIGHCHI-25APR30-B60.5",
            "count": 64,
            "created_time": "2025-04-30T14:40:22.555338Z",
            "yes_price": 4,
            "no_price": 96,
            "taker_side": "no"
        },
        {
            "trade_id": "70ebba66-3188-4c48-aabe-48fe9bd687e2",
            "ticker": "KXHIGHCHI-25APR30-B60.5",
            "count": 1,
            "created_time": "2025-04-30T14:40:20.869065Z",
            "yes_price": 4,
            "no_price": 96,
            "taker_side": "no"
        },
        {
            "trade_id": "ff46a4eb-4504-4037-87a7-b4861b2c5a54",
            "ticker": "KXHIGHCHI-25APR30-B60.5",
            "count": 2,
            "created_time": "2025-04-30T14:30:50.938474Z",
            "yes_price": 4,
            "no_price": 96,
            "taker_side": "no"
        },
        {
            "trade_id": "b4e48f0c-f2cc-415c-a261-9f36e9b5f1e1",
            "ticker": "KXHIGHCHI-25APR30-B60.5",
            "count": 1,
            "created_time": "2025-04-30T14:30:50.095116Z",
            "yes_price": 4,
            "no_price": 96,
            "taker_side": "no"
        },
        {
            "trade_id": "caac9c67-b9eb-41a3-bd6a-33cfbb88d110",
            "ticker": "KXHIGHCHI-25APR30-B60.5",
            "count": 7,
            "created_time": "2025-04-30T14:27:33.052573Z",
            "yes_price": 4,
            "no_price": 96,
            "taker_side": "yes"
        },
        {
            "trade_id": "8dc0375a-7e2f-4400-abfe-57c6fa241eee",
            "ticker": "KXHIGHCHI-25APR30-B60.5",
            "count": 7,
            "created_time": "2025-04-30T14:27:33.052573Z",
            "yes_price": 5,
            "no_price": 95,
            "taker_side": "yes"
        },
        {
            "trade_id": "675368dc-037c-4e21-a4ac-804215a72a01",
            "ticker": "KXHIGHCHI-25APR30-B60.5",
            "count": 50,
            "created_time": "2025-04-30T14:27:33.052573Z",
            "yes_price": 5,
            "no_price": 95,
            "taker_side": "yes"
        },
        {
            "trade_id": "9b35958e-32a4-45ab-b9f1-c543f5375bd8",
            "ticker": "KXHIGHCHI-25APR30-B60.5",
            "count": 5,
            "created_time": "2025-04-30T14:26:47.99952Z",
            "yes_price": 3,
            "no_price": 97,
            "taker_side": "no"
        },
        {
            "trade_id": "a918d4e8-f789-454d-afc2-c2e45ee4f7fd",
            "ticker": "KXHIGHCHI-25APR30-B60.5",
            "count": 3,
            "created_time": "2025-04-30T14:23:09.570079Z",
            "yes_price": 3,
            "no_price": 97,
            "taker_side": "no"
        },
        {
            "trade_id": "b6c3a542-61a6-4efb-ad3e-95731b588e44",
            "ticker": "KXHIGHCHI-25APR30-B60.5",
            "count": 1,
            "created_time": "2025-04-30T14:10:11.813168Z",
            "yes_price": 4,
            "no_price": 96,
            "taker_side": "yes"
        },
        {
            "trade_id": "74329505-44f9-4c2f-9d59-2aafab745443",
            "ticker": "KXHIGHCHI-25APR30-B60.5",
            "count": 2,
            "created_time": "2025-04-30T14:09:17.128194Z",
            "yes_price": 4,
            "no_price": 96,
            "taker_side": "no"
        },
        {
            "trade_id": "652ab10e-e63f-43c1-aae8-17b905e2c3a1",
            "ticker": "KXHIGHCHI-25APR30-B60.5",
            "count": 3,
            "created_time": "2025-04-30T14:07:42.911288Z",
            "yes_price": 4,
            "no_price": 96,
            "taker_side": "no"
        },
        {
            "trade_id": "eb046347-db2b-4752-8999-1e0c708e9f34",
            "ticker": "KXHIGHCHI-25APR30-B60.5",
            "count": 4,
            "created_time": "2025-04-30T14:03:04.278944Z",
            "yes_price": 5,
            "no_price": 95,
            "taker_side": "no"
        },
        {
            "trade_id": "fe0cc121-a397-4cb8-ac9d-2a59370f024d",
            "ticker": "KXHIGHCHI-25APR30-B60.5",
            "count": 4,
            "created_time": "2025-04-30T14:03:03.433061Z",
            "yes_price": 6,
            "no_price": 94,
            "taker_side": "no"
        },
        {
            "trade_id": "b31ba4b1-4454-43f1-a6cc-3dc42704b8e7",
            "ticker": "KXHIGHCHI-25APR30-B60.5",
            "count": 4,
            "created_time": "2025-04-30T13:57:42.953524Z",
            "yes_price": 7,
            "no_price": 93,
            "taker_side": "no"
        },
        {
            "trade_id": "fe64466a-f622-40af-9491-816ec90c8947",
            "ticker": "KXHIGHCHI-25APR30-B60.5",
            "count": 64,
            "created_time": "2025-04-30T13:56:54.047399Z",
            "yes_price": 8,
            "no_price": 92,
            "taker_side": "no"
        },
        {
            "trade_id": "8b460bfa-dc6a-42ef-8a9c-95411afab7ac",
            "ticker": "KXHIGHCHI-25APR30-B60.5",
            "count": 1,
            "created_time": "2025-04-30T13:56:54.047399Z",
            "yes_price": 8,
            "no_price": 92,
            "taker_side": "no"
        },
        {
            "trade_id": "d3a29e11-35f0-41e8-a94d-78cd8fe8539f",
            "ticker": "KXHIGHCHI-25APR30-B60.5",
            "count": 5,
            "created_time": "2025-04-30T13:51:25.307373Z",
            "yes_price": 8,
            "no_price": 92,
            "taker_side": "no"
        },
        {
            "trade_id": "be442e0c-0c15-40de-a83c-75ef14ee8ab9",
            "ticker": "KXHIGHCHI-25APR30-B60.5",
            "count": 4,
            "created_time": "2025-04-30T13:51:22.050561Z",
            "yes_price": 8,
            "no_price": 92,
            "taker_side": "no"
        },
        {
            "trade_id": "5a8ccafa-79f3-414b-9776-fc885f5998c3",
            "ticker": "KXHIGHCHI-25APR30-B60.5",
            "count": 1,
            "created_time": "2025-04-30T13:44:09.881512Z",
            "yes_price": 9,
            "no_price": 91,
            "taker_side": "yes"
        },
        {
            "trade_id": "fa654eb7-a28b-4e67-8155-291111e94ba2",
            "ticker": "KXHIGHCHI-25APR30-B60.5",
            "count": 4,
            "created_time": "2025-04-30T13:42:15.942497Z",
            "yes_price": 8,
            "no_price": 92,
            "taker_side": "no"
        },
        {
            "trade_id": "3364393a-8478-4272-8bd8-516c7050a291",
            "ticker": "KXHIGHCHI-25APR30-B60.5",
            "count": 1,
            "created_time": "2025-04-30T13:42:15.00915Z",
            "yes_price": 8,
            "no_price": 92,
            "taker_side": "no"
        },
        {
            "trade_id": "714434e4-ec5a-40d8-a167-a9f98cc58e3a",
            "ticker": "KXHIGHCHI-25APR30-B60.5",
            "count": 2,
            "created_time": "2025-04-30T13:37:11.155607Z",
            "yes_price": 9,
            "no_price": 91,
            "taker_side": "yes"
        },
        {
            "trade_id": "5e34e765-aede-47e8-b5ca-5edf120188e7",
            "ticker": "KXHIGHCHI-25APR30-B60.5",
            "count": 1,
            "created_time": "2025-04-30T13:37:11.155607Z",
            "yes_price": 9,
            "no_price": 91,
            "taker_side": "yes"
        },
        {
            "trade_id": "040b33b9-7c2a-4f6f-ba2f-8258c8ce9a38",
            "ticker": "KXHIGHCHI-25APR30-B60.5",
            "count": 4,
            "created_time": "2025-04-30T13:37:11.155607Z",
            "yes_price": 8,
            "no_price": 92,
            "taker_side": "yes"
        },
        {
            "trade_id": "7a8a82d5-9550-4890-abee-d2cc290b1273",
            "ticker": "KXHIGHCHI-25APR30-B60.5",
            "count": 5,
            "created_time": "2025-04-30T13:33:38.581616Z",
            "yes_price": 6,
            "no_price": 94,
            "taker_side": "yes"
        },
        {
            "trade_id": "41b3939d-d7a6-445d-b7b2-fec0cff2c347",
            "ticker": "KXHIGHCHI-25APR30-B60.5",
            "count": 7,
            "created_time": "2025-04-30T13:33:38.581616Z",
            "yes_price": 5,
            "no_price": 95,
            "taker_side": "yes"
        },
        {
            "trade_id": "3ea0d46a-9948-422a-b424-13c03f27f6b7",
            "ticker": "KXHIGHCHI-25APR30-B60.5",
            "count": 4,
            "created_time": "2025-04-30T13:33:38.581616Z",
            "yes_price": 7,
            "no_price": 93,
            "taker_side": "yes"
        },
        {
            "trade_id": "06bc202a-fed2-4045-a8b4-fb2db7838405",
            "ticker": "KXHIGHCHI-25APR30-B60.5",
            "count": 2,
            "created_time": "2025-04-30T13:16:24.52769Z",
            "yes_price": 4,
            "no_price": 96,
            "taker_side": "no"
        },
        {
            "trade_id": "bd668798-f558-4967-9a54-659b052b92fd",
            "ticker": "KXHIGHCHI-25APR30-B60.5",
            "count": 6,
            "created_time": "2025-04-30T13:05:38.35226Z",
            "yes_price": 4,
            "no_price": 96,
            "taker_side": "no"
        },
        {
            "trade_id": "08e27632-2686-485b-9b21-33687ce690f0",
            "ticker": "KXHIGHCHI-25APR30-B60.5",
            "count": 5,
            "created_time": "2025-04-30T13:05:37.471136Z",
            "yes_price": 5,
            "no_price": 95,
            "taker_side": "no"
        },
        {
            "trade_id": "011bed18-f14b-4bcf-ba09-84a0a06669e0",
            "ticker": "KXHIGHCHI-25APR30-B60.5",
            "count": 2,
            "created_time": "2025-04-30T13:05:37.205814Z",
            "yes_price": 6,
            "no_price": 94,
            "taker_side": "yes"
        },
        {
            "trade_id": "90678b9e-f088-44e2-a9ae-95c24396c77c",
            "ticker": "KXHIGHCHI-25APR30-B60.5",
            "count": 2,
            "created_time": "2025-04-30T13:04:42.392347Z",
            "yes_price": 5,
            "no_price": 95,
            "taker_side": "no"
        },
        {
            "trade_id": "9b227702-bcfb-4b7d-8dfa-ff07532ea291",
            "ticker": "KXHIGHCHI-25APR30-B60.5",
            "count": 3,
            "created_time": "2025-04-30T13:03:52.884951Z",
            "yes_price": 6,
            "no_price": 94,
            "taker_side": "no"
        },
        {
            "trade_id": "413fb5c1-f0bf-4cbf-b37c-34cfb0810271",
            "ticker": "KXHIGHCHI-25APR30-B60.5",
            "count": 2,
            "created_time": "2025-04-30T13:03:52.325146Z",
            "yes_price": 7,
            "no_price": 93,
            "taker_side": "no"
        },
        {
            "trade_id": "ea3f01cc-78a7-49cf-99ed-19bcae0c2dcc",
            "ticker": "KXHIGHCHI-25APR30-B60.5",
            "count": 2,
            "created_time": "2025-04-30T13:03:51.963214Z",
            "yes_price": 8,
            "no_price": 92,
            "taker_side": "no"
        },
        {
            "trade_id": "edf4a459-183c-4ade-8d95-f098327812bb",
            "ticker": "KXHIGHCHI-25APR30-B60.5",
            "count": 2,
