{
    "KXHIGHCHI-25FEB24-T46": [
        {
            "trade_id": "fb9b9fe4-f84b-49d0-a274-e3aa60a45a59",
            "ticker": "KXHIGHCHI-25FEB24-T46",
            "count": 4,
            "created_time": "2025-02-24T22:16:39.009075Z",
            "yes_price": 1,
            "no_price": 99,
            "taker_side": "yes"
        },
        {
            "trade_id": "ed0fb97c-5841-4372-bf17-d2326bd32f21",
            "ticker": "KXHIGHCHI-25FEB24-T46",
            "count": 412,
            "created_time": "2025-02-24T22:16:39.009075Z",
            "yes_price": 1,
            "no_price": 99,
            "taker_side": "yes"
        },
        {
            "trade_id": "c8f49e84-c8c2-4509-8af0-f9cfa6aa0fba",
            "ticker": "KXHIGHCHI-25FEB24-T46",
            "count": 50,
            "created_time": "2025-02-24T22:16:39.009075Z",
            "yes_price": 1,
            "no_price": 99,
            "taker_side": "yes"
        },
        {
            "trade_id": "f7dbb815-908b-4163-b1d4-1ce09261f826",
            "ticker": "KXHIGHCHI-25FEB24-T46",
            "count": 52,
            "created_time": "2025-02-24T07:27:18.28788Z",
            "yes_price": 1,
            "no_price": 99,
            "taker_side": "no"
        },
        {
            "trade_id": "3488c3c3-d219-435a-bd4a-51d356660bfe",
            "ticker": "KXHIGHCHI-25FEB24-T46",
            "count": 20,
            "created_time": "2025-02-24T07:14:26.85398Z",
            "yes_price": 4,
            "no_price": 96,
            "taker_side": "yes"
        },
        {
            "trade_id": "334aece0-5b2b-4c30-b6fd-2323851f45dc",
            "ticker": "KXHIGHCHI-25FEB24-T46",
            "count": 50,
            "created_time": "2025-02-24T07:14:26.85398Z",
            "yes_price": 3,
            "no_price": 97,
            "taker_side": "yes"
        },
        {
            "trade_id": "d23f7f24-2fa8-408b-bd9b-50f560ba9b12",
            "ticker": "KXHIGHCHI-25FEB24-T46",
            "count": 6,
            "created_time": "2025-02-24T04:54:21.672618Z",
            "yes_price": 1,
            "no_price": 99,
            "taker_side": "no"
        },
        {
            "trade_id": "8c513831-d1ba-43fd-81f0-17dc7b80c341",
            "ticker": "KXHIGHCHI-25FEB24-T46",
            "count": 10,
            "created_time": "2025-02-24T04:42:51.097595Z",
            "yes_price": 1,
            "no_price": 99,
            "taker_side": "no"
        },
        {
            "trade_id": "5ec65b14-60a7-4b6e-9501-3809a89e2511",
            "ticker": "KXHIGHCHI-25FEB24-T46",
            "count": 10,
            "created_time": "2025-02-24T04:42:26.822903Z",
            "yes_price": 1,
            "no_price": 99,
            "taker_side": "no"
        },
        {
            "trade_id": "6814ff8c-10c6-46d3-bd93-6c1640c20f43",
            "ticker": "KXHIGHCHI-25FEB24-T46",
            "count": 2,
            "created_time": "2025-02-24T04:39:18.978861Z",
            "yes_price": 1,
            "no_price": 99,
            "taker_side": "no"
        },
        {
            "trade_id": "a61121e6-7c3a-4cab-89e2-81757c322045",
            "ticker": "KXHIGHCHI-25FEB24-T46",
            "count": 10,
            "created_time": "2025-02-24T04:38:33.51784Z",
            "yes_price": 1,
            "no_price": 99,
            "taker_side": "no"
        },
        {
            "trade_id": "257e6b98-4f04-44e5-9dbc-75b50a7288c6",
            "ticker": "KXHIGHCHI-25FEB24-T46",
            "count": 10,
            "created_time": "2025-02-24T04:38:23.725924Z",
            "yes_price": 1,
            "no_price": 99,
            "taker_side": "no"
        },
        {
            "trade_id": "e71e7365-1b36-4e16-bbed-fe9286d06315",
            "ticker": "KXHIGHCHI-25FEB24-T46",
            "count": 3,
            "created_time": "2025-02-24T02:08:53.40892Z",
            "yes_price": 1,
            "no_price": 99,
            "taker_side": "no"
        },
        {
            "trade_id": "c7c819f9-7aad-400f-bce2-b7c3d008f037",
            "ticker": "KXHIGHCHI-25FEB24-T46",
            "count": 12,
            "created_time": "2025-02-24T01:42:53.701007Z",
            "yes_price": 1,
            "no_price": 99,
            "taker_side": "no"
        },
        {
            "trade_id": "d9681008-7c98-4e27-8d55-fed0ef79b481",
            "ticker": "KXHIGHCHI-25FEB24-T46",
            "count": 10,
            "created_time": "2025-02-24T01:38:07.33602Z",
            "yes_price": 1,
            "no_price": 99,
            "taker_side": "no"
        }
    ],
    "KXHIGHCHI-25FEB24-B46.5": [
        {
            "trade_id": "3cd61a8d-f337-44ff-a026-35bdb356d82a",
            "ticker": "KXHIGHCHI-25FEB24-B46.5",
            "count": 5,
            "created_time": "2025-02-24T22:20:35.394879Z",
            "yes_price": 1,
            "no_price": 99,
            "taker_side": "yes"
        },
        {
            "trade_id": "18b5b21a-63fe-4695-9646-e1cfe702b5c3",
            "ticker": "KXHIGHCHI-25FEB24-B46.5",
            "count": 90,
            "created_time": "2025-02-24T18:54:21.714579Z",
            "yes_price": 1,
            "no_price": 99,
            "taker_side": "yes"
        },
        {
            "trade_id": "79e3391e-1788-4785-841c-b17df946278f",
            "ticker": "KXHIGHCHI-25FEB24-B46.5",
            "count": 152,
            "created_time": "2025-02-24T14:03:00.339489Z",
            "yes_price": 4,
            "no_price": 96,
            "taker_side": "yes"
        },
        {
            "trade_id": "149c9cdd-f911-4d55-a5a8-4285f89bd1fd",
            "ticker": "KXHIGHCHI-25FEB24-B46.5",
            "count": 50,
            "created_time": "2025-02-24T14:03:00.339489Z",
            "yes_price": 3,
            "no_price": 97,
            "taker_side": "yes"
        },
        {
            "trade_id": "145c2292-91d0-4d1f-b920-4efdd16e9a5a",
            "ticker": "KXHIGHCHI-25FEB24-B46.5",
            "count": 44,
            "created_time": "2025-02-24T14:03:00.339489Z",
            "yes_price": 4,
            "no_price": 96,
            "taker_side": "yes"
        },
        {
            "trade_id": "12074150-f591-4cbc-a82f-30981632c6d9",
            "ticker": "KXHIGHCHI-25FEB24-B46.5",
            "count": 52,
            "created_time": "2025-02-24T07:27:18.215287Z",
            "yes_price": 1,
            "no_price": 99,
            "taker_side": "no"
        },
        {
            "trade_id": "f56207a8-dd30-427e-838b-6716a2320d3b",
            "ticker": "KXHIGHCHI-25FEB24-B46.5",
            "count": 44,
            "created_time": "2025-02-24T07:22:23.039427Z",
            "yes_price": 4,
            "no_price": 96,
            "taker_side": "yes"
        },
        {
            "trade_id": "7e1c775e-4f59-42ad-a277-4685ee3a7696",
            "ticker": "KXHIGHCHI-25FEB24-B46.5",
            "count": 6,
            "created_time": "2025-02-24T07:22:23.039427Z",
            "yes_price": 8,
            "no_price": 92,
            "taker_side": "yes"
        },
        {
            "trade_id": "43cea8e6-6812-48f4-8a74-552f07f2b7e6",
            "ticker": "KXHIGHCHI-25FEB24-B46.5",
            "count": 5,
            "created_time": "2025-02-24T07:22:23.039427Z",
            "yes_price": 3,
            "no_price": 97,
            "taker_side": "yes"
        },
        {
            "trade_id": "d44bb0dc-e2f7-4ebd-84bf-f61f51d2deac",
            "ticker": "KXHIGHCHI-25FEB24-B46.5",
            "count": 46,
            "created_time": "2025-02-24T04:55:20.905016Z",
            "yes_price": 4,
            "no_price": 96,
            "taker_side": "yes"
        },
        {
            "trade_id": "88235df9-8109-48fe-8ee0-1978d6ca2abb",
            "ticker": "KXHIGHCHI-25FEB24-B46.5",
            "count": 6,
            "created_time": "2025-02-24T04:54:21.662916Z",
            "yes_price": 1,
            "no_price": 99,
            "taker_side": "no"
        },
        {
            "trade_id": "69ce0ad2-ce5a-40d3-a26b-6e6c9f2069f5",
            "ticker": "KXHIGHCHI-25FEB24-B46.5",
            "count": 10,
            "created_time": "2025-02-24T04:42:51.06171Z",
            "yes_price": 1,
            "no_price": 99,
            "taker_side": "no"
        },
        {
            "trade_id": "1a7a759d-78e9-4793-a9bd-8bf22c22266e",
            "ticker": "KXHIGHCHI-25FEB24-B46.5",
            "count": 10,
            "created_time": "2025-02-24T04:42:26.860992Z",
            "yes_price": 1,
            "no_price": 99,
            "taker_side": "no"
        },
        {
            "trade_id": "2a025ef4-eaa8-47dc-8858-98e6541e6936",
            "ticker": "KXHIGHCHI-25FEB24-B46.5",
            "count": 2,
            "created_time": "2025-02-24T04:39:18.996333Z",
            "yes_price": 1,
            "no_price": 99,
            "taker_side": "no"
        },
        {
            "trade_id": "fbee5a42-cb27-49af-a2bf-4ff6cadd16cc",
            "ticker": "KXHIGHCHI-25FEB24-B46.5",
            "count": 10,
            "created_time": "2025-02-24T04:38:33.513545Z",
            "yes_price": 1,
            "no_price": 99,
            "taker_side": "no"
        },
        {
            "trade_id": "f8baf212-57f4-4423-9857-483a71f26ade",
            "ticker": "KXHIGHCHI-25FEB24-B46.5",
            "count": 10,
            "created_time": "2025-02-24T04:38:23.720084Z",
            "yes_price": 1,
            "no_price": 99,
            "taker_side": "no"
        },
        {
            "trade_id": "26313d47-da99-480d-b38d-5fa6a89c6964",
            "ticker": "KXHIGHCHI-25FEB24-B46.5",
            "count": 100,
            "created_time": "2025-02-24T04:36:28.091726Z",
            "yes_price": 1,
            "no_price": 99,
            "taker_side": "no"
        },
        {
            "trade_id": "4ec2eb5c-b325-4e45-ab9a-1f1cce28291b",
            "ticker": "KXHIGHCHI-25FEB24-B46.5",
            "count": 5,
            "created_time": "2025-02-24T03:23:25.345262Z",
            "yes_price": 1,
            "no_price": 99,
            "taker_side": "no"
        },
        {
            "trade_id": "a6530340-71e5-43fa-8d39-0e2d47d47ff6",
            "ticker": "KXHIGHCHI-25FEB24-B46.5",
            "count": 22,
            "created_time": "2025-02-24T03:23:24.482497Z",
            "yes_price": 1,
            "no_price": 99,
            "taker_side": "no"
        },
        {
            "trade_id": "eaea4485-5b8e-410e-9598-0b77174a8b1d",
            "ticker": "KXHIGHCHI-25FEB24-B46.5",
            "count": 5,
            "created_time": "2025-02-24T02:36:52.417817Z",
            "yes_price": 1,
            "no_price": 99,
            "taker_side": "no"
        },
        {
            "trade_id": "3f843dd9-0220-4b93-8588-3dbc93dd080e",
            "ticker": "KXHIGHCHI-25FEB24-B46.5",
            "count": 5,
            "created_time": "2025-02-24T02:23:20.534467Z",
            "yes_price": 1,
            "no_price": 99,
            "taker_side": "no"
        },
        {
            "trade_id": "d53c2a0e-eb85-4c95-811c-9f0a61f6c2a8",
            "ticker": "KXHIGHCHI-25FEB24-B46.5",
            "count": 6,
            "created_time": "2025-02-24T02:23:20.269565Z",
            "yes_price": 1,
            "no_price": 99,
            "taker_side": "no"
        },
        {
            "trade_id": "ef9336f7-99cd-4a39-94b7-508f64ebcc8b",
            "ticker": "KXHIGHCHI-25FEB24-B46.5",
            "count": 4,
            "created_time": "2025-02-24T02:09:06.245133Z",
            "yes_price": 3,
            "no_price": 97,
            "taker_side": "no"
        },
        {
            "trade_id": "d2b46c44-46c1-486a-8ebc-2ac528b451ef",
            "ticker": "KXHIGHCHI-25FEB24-B46.5",
            "count": 3,
            "created_time": "2025-02-24T02:08:52.746299Z",
            "yes_price": 3,
            "no_price": 97,
            "taker_side": "no"
        },
        {
            "trade_id": "664e76eb-f776-4810-8e6a-ffb3c749d4a0",
            "ticker": "KXHIGHCHI-25FEB24-B46.5",
            "count": 5,
            "created_time": "2025-02-24T02:08:48.643244Z",
            "yes_price": 3,
            "no_price": 97,
            "taker_side": "no"
        },
        {
            "trade_id": "da68767a-dc65-4ca8-82d6-5b641e691f9c",
            "ticker": "KXHIGHCHI-25FEB24-B46.5",
            "count": 12,
            "created_time": "2025-02-24T01:42:53.70693Z",
            "yes_price": 3,
            "no_price": 97,
            "taker_side": "no"
        },
        {
            "trade_id": "e91b5508-c834-45ed-9ed0-5197811fe95d",
            "ticker": "KXHIGHCHI-25FEB24-B46.5",
            "count": 5,
            "created_time": "2025-02-24T00:19:53.151291Z",
            "yes_price": 2,
            "no_price": 98,
            "taker_side": "no"
        },
        {
            "trade_id": "6d26ead7-110c-4105-9bfa-305184f052ca",
            "ticker": "KXHIGHCHI-25FEB24-B46.5",
            "count": 5,
            "created_time": "2025-02-24T00:13:51.625691Z",
            "yes_price": 2,
            "no_price": 98,
            "taker_side": "no"
        },
        {
            "trade_id": "aafa21e1-39ce-4de0-a4d3-6ff11655a09c",
            "ticker": "KXHIGHCHI-25FEB24-B46.5",
            "count": 6,
            "created_time": "2025-02-24T00:10:56.433969Z",
            "yes_price": 1,
            "no_price": 99,
            "taker_side": "no"
        },
        {
            "trade_id": "d25fc6c2-9412-464a-9a8c-1679f3fbcbcc",
            "ticker": "KXHIGHCHI-25FEB24-B46.5",
            "count": 11,
            "created_time": "2025-02-24T00:10:55.580424Z",
            "yes_price": 1,
            "no_price": 99,
            "taker_side": "no"
        },
        {
            "trade_id": "a7d51a11-14aa-4772-9df9-5bd8021cb2bf",
            "ticker": "KXHIGHCHI-25FEB24-B46.5",
            "count": 13,
            "created_time": "2025-02-24T00:10:54.721824Z",
            "yes_price": 1,
            "no_price": 99,
            "taker_side": "no"
        },
        {
            "trade_id": "6432384b-159f-4a5a-9536-dee38a3d7727",
            "ticker": "KXHIGHCHI-25FEB24-B46.5",
            "count": 5,
            "created_time": "2025-02-24T00:07:33.288346Z",
            "yes_price": 2,
            "no_price": 98,
            "taker_side": "no"
        },
        {
            "trade_id": "e12e1312-bc51-4244-b493-bba2216f090b",
            "ticker": "KXHIGHCHI-25FEB24-B46.5",
            "count": 12,
            "created_time": "2025-02-23T23:54:54.534935Z",
            "yes_price": 1,
            "no_price": 99,
            "taker_side": "no"
        },
        {
            "trade_id": "ed02bbe4-6e8c-4be1-89e9-88bded21fa53",
            "ticker": "KXHIGHCHI-25FEB24-B46.5",
            "count": 5,
            "created_time": "2025-02-23T23:54:53.680749Z",
            "yes_price": 2,
            "no_price": 98,
            "taker_side": "no"
        },
        {
            "trade_id": "687d8083-b2ca-41f2-827d-c3d51a371674",
            "ticker": "KXHIGHCHI-25FEB24-B46.5",
            "count": 4,
            "created_time": "2025-02-23T23:38:46.907704Z",
            "yes_price": 2,
            "no_price": 98,
            "taker_side": "no"
        },
        {
            "trade_id": "7825255c-c85a-4dc9-ae12-8b77f5859c92",
            "ticker": "KXHIGHCHI-25FEB24-B46.5",
            "count": 5,
            "created_time": "2025-02-23T23:27:46.165569Z",
            "yes_price": 1,
            "no_price": 99,
            "taker_side": "no"
        },
        {
            "trade_id": "039eeba8-f655-4a3a-a972-5c6aa78c97f0",
            "ticker": "KXHIGHCHI-25FEB24-B46.5",
            "count": 10,
            "created_time": "2025-02-23T23:26:41.089678Z",
            "yes_price": 1,
            "no_price": 99,
            "taker_side": "no"
        },
        {
            "trade_id": "6734910e-553e-4783-8c25-dd9838187e7c",
            "ticker": "KXHIGHCHI-25FEB24-B46.5",
            "count": 5,
            "created_time": "2025-02-23T23:26:40.226653Z",
            "yes_price": 2,
            "no_price": 98,
            "taker_side": "no"
        },
        {
            "trade_id": "93f66baf-4bda-4120-ae75-b3220594f374",
            "ticker": "KXHIGHCHI-25FEB24-B46.5",
            "count": 5,
            "created_time": "2025-02-23T23:26:39.368263Z",
            "yes_price": 3,
            "no_price": 97,
            "taker_side": "no"
        },
        {
            "trade_id": "8f7ddbe9-eeaa-4051-87d4-c0fd882ca75c",
            "ticker": "KXHIGHCHI-25FEB24-B46.5",
            "count": 5,
            "created_time": "2025-02-23T22:21:32.240235Z",
            "yes_price": 20,
            "no_price": 80,
            "taker_side": "yes"
        },
        {
            "trade_id": "86c2cd32-05af-481c-8969-c3084b82a800",
            "ticker": "KXHIGHCHI-25FEB24-B46.5",
            "count": 17,
            "created_time": "2025-02-23T22:21:32.240235Z",
            "yes_price": 21,
            "no_price": 79,
            "taker_side": "yes"
        },
        {
            "trade_id": "c7a879cc-f517-45a7-9c71-c28ea673bdaa",
            "ticker": "KXHIGHCHI-25FEB24-B46.5",
            "count": 5,
            "created_time": "2025-02-23T22:21:19.552779Z",
            "yes_price": 3,
            "no_price": 97,
            "taker_side": "no"
        },
        {
            "trade_id": "d2c67b6b-84b9-4ad9-877b-24aa4a08be44",
            "ticker": "KXHIGHCHI-25FEB24-B46.5",
            "count": 2,
            "created_time": "2025-02-23T22:20:26.043126Z",
            "yes_price": 20,
            "no_price": 80,
            "taker_side": "yes"
        },
        {
            "trade_id": "94084f2d-3a82-487c-bbf0-95a924e5e904",
            "ticker": "KXHIGHCHI-25FEB24-B46.5",
            "count": 9,
            "created_time": "2025-02-23T22:20:26.043126Z",
            "yes_price": 11,
            "no_price": 89,
            "taker_side": "yes"
        },
        {
            "trade_id": "4ae4f512-e399-4bf5-a61f-487e5686e0dc",
            "ticker": "KXHIGHCHI-25FEB24-B46.5",
            "count": 3,
            "created_time": "2025-02-23T22:20:26.043126Z",
            "yes_price": 21,
            "no_price": 79,
            "taker_side": "yes"
        },
        {
            "trade_id": "429956fb-dbe9-4393-8b2c-9a8db3ea142e",
            "ticker": "KXHIGHCHI-25FEB24-B46.5",
            "count": 18,
            "created_time": "2025-02-23T22:20:26.043126Z",
            "yes_price": 12,
            "no_price": 88,
            "taker_side": "yes"
        },
        {
            "trade_id": "178f04b8-3b9c-46f3-a9f1-3349612fa732",
            "ticker": "KXHIGHCHI-25FEB24-B46.5",
            "count": 5,
            "created_time": "2025-02-23T22:20:26.043126Z",
            "yes_price": 10,
            "no_price": 90,
            "taker_side": "yes"
        },
        {
            "trade_id": "98dd99a2-257d-42ac-8379-9509727f3ffb",
            "ticker": "KXHIGHCHI-25FEB24-B46.5",
            "count": 5,
            "created_time": "2025-02-23T22:08:18.429236Z",
            "yes_price": 5,
            "no_price": 95,
            "taker_side": "yes"
        },
        {
            "trade_id": "7525d40f-a08e-4caf-8c77-3956b25b05eb",
            "ticker": "KXHIGHCHI-25FEB24-B46.5",
            "count": 6,
            "created_time": "2025-02-23T22:08:18.429236Z",
            "yes_price": 10,
            "no_price": 90,
            "taker_side": "yes"
        }
    ],
    "KXHIGHCHI-25FEB24-B48.5": [
        {
            "trade_id": "588994a2-cee8-4f68-b4ee-e8373cec7ceb",
            "ticker": "KXHIGHCHI-25FEB24-B48.5",
            "count": 4,
            "created_time": "2025-02-24T17:17:08.163544Z",
            "yes_price": 1,
            "no_price": 99,
            "taker_side": "no"
        },
        {
            "trade_id": "c7f91715-8e31-45df-a5ab-f5bebc50ac8a",
            "ticker": "KXHIGHCHI-25FEB24-B48.5",
            "count": 6,
            "created_time": "2025-02-24T16:16:11.830175Z",
            "yes_price": 6,
            "no_price": 94,
            "taker_side": "yes"
        },
        {
            "trade_id": "4e0ad275-1c3b-4d50-8cbe-a3e17fffbd5d",
            "ticker": "KXHIGHCHI-25FEB24-B48.5",
            "count": 50,
            "created_time": "2025-02-24T16:16:11.830175Z",
            "yes_price": 3,
            "no_price": 97,
            "taker_side": "yes"
        },
        {
            "trade_id": "0619d0b3-db34-4890-b102-573600db5f33",
            "ticker": "KXHIGHCHI-25FEB24-B48.5",
            "count": 70,
            "created_time": "2025-02-24T16:16:11.830175Z",
            "yes_price": 4,
            "no_price": 96,
            "taker_side": "yes"
        },
        {
            "trade_id": "68c7bc71-c066-4797-9119-01a15469093d",
            "ticker": "KXHIGHCHI-25FEB24-B48.5",
            "count": 231,
            "created_time": "2025-02-24T14:24:50.313591Z",
            "yes_price": 1,
            "no_price": 99,
            "taker_side": "no"
        },
        {
            "trade_id": "1e85df68-713c-41e4-844f-e8690f301dbb",
            "ticker": "KXHIGHCHI-25FEB24-B48.5",
            "count": 68,
            "created_time": "2025-02-24T14:24:50.313591Z",
            "yes_price": 1,
            "no_price": 99,
            "taker_side": "no"
        },
        {
            "trade_id": "3fbe36db-4e9f-4d4d-bce2-a558623cc66b",
            "ticker": "KXHIGHCHI-25FEB24-B48.5",
            "count": 18,
            "created_time": "2025-02-24T14:24:07.245749Z",
            "yes_price": 1,
            "no_price": 99,
            "taker_side": "no"
        },
        {
            "trade_id": "d0ff111c-9dbd-4eee-8a33-c4b20e7cc069",
            "ticker": "KXHIGHCHI-25FEB24-B48.5",
            "count": 30,
            "created_time": "2025-02-24T13:59:35.453545Z",
            "yes_price": 4,
            "no_price": 96,
            "taker_side": "yes"
        },
        {
            "trade_id": "1d1da32f-3a3e-4c93-a9b6-58f61fa39e2f",
            "ticker": "KXHIGHCHI-25FEB24-B48.5",
            "count": 4,
            "created_time": "2025-02-24T13:59:35.453545Z",
            "yes_price": 2,
            "no_price": 98,
            "taker_side": "yes"
        },
        {
            "trade_id": "1986e288-5996-4806-b7dc-21208e1b78b5",
            "ticker": "KXHIGHCHI-25FEB24-B48.5",
            "count": 50,
            "created_time": "2025-02-24T13:59:35.453545Z",
            "yes_price": 3,
            "no_price": 97,
            "taker_side": "yes"
        },
        {
            "trade_id": "da7b7287-b186-4023-9e93-759368b4a570",
            "ticker": "KXHIGHCHI-25FEB24-B48.5",
            "count": 36,
            "created_time": "2025-02-24T13:16:52.300129Z",
            "yes_price": 1,
            "no_price": 99,
            "taker_side": "no"
        },
        {
            "trade_id": "fc05921a-4eb7-40d7-ae5b-3b5512d3949d",
            "ticker": "KXHIGHCHI-25FEB24-B48.5",
            "count": 50,
            "created_time": "2025-02-24T13:01:37.226825Z",
            "yes_price": 1,
            "no_price": 99,
            "taker_side": "no"
        },
        {
            "trade_id": "86f5001d-e33d-4847-8606-a98c92091eb3",
            "ticker": "KXHIGHCHI-25FEB24-B48.5",
            "count": 28,
            "created_time": "2025-02-24T13:00:43.275155Z",
            "yes_price": 1,
            "no_price": 99,
            "taker_side": "no"
        },
        {
            "trade_id": "f6c53208-3e8e-470f-95cb-7b6d6a9303f5",
            "ticker": "KXHIGHCHI-25FEB24-B48.5",
            "count": 112,
            "created_time": "2025-02-24T07:37:16.843335Z",
            "yes_price": 1,
            "no_price": 99,
            "taker_side": "no"
        },
        {
            "trade_id": "3ec732d4-e5a5-46c0-bbf0-ffc30e6e5e70",
            "ticker": "KXHIGHCHI-25FEB24-B48.5",
            "count": 28,
            "created_time": "2025-02-24T07:37:16.843335Z",
            "yes_price": 2,
            "no_price": 98,
            "taker_side": "no"
        },
        {
            "trade_id": "554f8c2a-b903-4fee-9a60-694b2c7ad952",
            "ticker": "KXHIGHCHI-25FEB24-B48.5",
            "count": 129,
            "created_time": "2025-02-24T07:27:18.532189Z",
            "yes_price": 2,
            "no_price": 98,
            "taker_side": "no"
        },
        {
            "trade_id": "9d288fbd-1f97-41fa-a4b3-3982df71cd93",
            "ticker": "KXHIGHCHI-25FEB24-B48.5",
            "count": 6,
            "created_time": "2025-02-24T04:54:21.661344Z",
            "yes_price": 2,
            "no_price": 98,
            "taker_side": "no"
        },
        {
            "trade_id": "15ba8817-f419-4233-896b-4117f2231628",
            "ticker": "KXHIGHCHI-25FEB24-B48.5",
            "count": 17,
            "created_time": "2025-02-24T04:53:57.216439Z",
            "yes_price": 2,
            "no_price": 98,
            "taker_side": "no"
        },
        {
            "trade_id": "0601dad1-e9c7-455b-97f2-96c198cf5c2c",
            "ticker": "KXHIGHCHI-25FEB24-B48.5",
            "count": 10,
            "created_time": "2025-02-24T04:42:51.06289Z",
            "yes_price": 2,
            "no_price": 98,
            "taker_side": "no"
        },
        {
            "trade_id": "817a3701-5626-4af7-8bf2-7a7591464bc8",
            "ticker": "KXHIGHCHI-25FEB24-B48.5",
            "count": 10,
            "created_time": "2025-02-24T04:42:26.857728Z",
            "yes_price": 2,
            "no_price": 98,
            "taker_side": "no"
        },
        {
            "trade_id": "114891ae-8677-4911-aa16-2d7e667f2fe6",
            "ticker": "KXHIGHCHI-25FEB24-B48.5",
            "count": 2,
            "created_time": "2025-02-24T04:39:18.959755Z",
            "yes_price": 3,
            "no_price": 97,
            "taker_side": "no"
        },
        {
            "trade_id": "568d4a2e-b51e-4d90-88df-640602a61350",
            "ticker": "KXHIGHCHI-25FEB24-B48.5",
            "count": 10,
            "created_time": "2025-02-24T04:38:33.468222Z",
            "yes_price": 3,
            "no_price": 97,
            "taker_side": "no"
        },
        {
            "trade_id": "885a872f-8dcc-477a-828a-ffcaa7fafcae",
            "ticker": "KXHIGHCHI-25FEB24-B48.5",
            "count": 10,
            "created_time": "2025-02-24T04:38:23.719418Z",
            "yes_price": 3,
            "no_price": 97,
            "taker_side": "no"
        },
        {
            "trade_id": "c20798f2-025a-4bc1-8105-c41debdc3fdb",
            "ticker": "KXHIGHCHI-25FEB24-B48.5",
            "count": 5,
            "created_time": "2025-02-24T03:23:25.347305Z",
            "yes_price": 4,
            "no_price": 96,
            "taker_side": "no"
        },
        {
            "trade_id": "b3ae37b9-53ea-4199-9a30-9c1718e3db41",
            "ticker": "KXHIGHCHI-25FEB24-B48.5",
            "count": 22,
            "created_time": "2025-02-24T03:23:24.479243Z",
            "yes_price": 4,
            "no_price": 96,
            "taker_side": "no"
        },
        {
            "trade_id": "efaf93d9-d703-4210-98ea-d0debe90499b",
            "ticker": "KXHIGHCHI-25FEB24-B48.5",
            "count": 27,
            "created_time": "2025-02-24T03:13:35.477968Z",
            "yes_price": 4,
            "no_price": 96,
            "taker_side": "no"
        },
        {
            "trade_id": "b49a1e0f-4608-4bc5-98ed-d49c733fb086",
            "ticker": "KXHIGHCHI-25FEB24-B48.5",
            "count": 5,
            "created_time": "2025-02-24T02:36:52.42874Z",
            "yes_price": 4,
            "no_price": 96,
            "taker_side": "no"
        },
        {
            "trade_id": "f7f46d11-f3b3-4ff8-a40f-2e32099afd65",
            "ticker": "KXHIGHCHI-25FEB24-B48.5",
            "count": 5,
            "created_time": "2025-02-24T02:23:20.533823Z",
            "yes_price": 3,
            "no_price": 97,
            "taker_side": "no"
        },
        {
            "trade_id": "782b0ab3-fdf5-4d45-8649-04e36df8f95b",
            "ticker": "KXHIGHCHI-25FEB24-B48.5",
            "count": 6,
            "created_time": "2025-02-24T02:23:20.264558Z",
            "yes_price": 3,
            "no_price": 97,
            "taker_side": "no"
        },
        {
            "trade_id": "12a83402-b6da-4bb1-ad2b-72f7c30969f7",
            "ticker": "KXHIGHCHI-25FEB24-B48.5",
            "count": 4,
            "created_time": "2025-02-24T02:09:06.247705Z",
            "yes_price": 6,
            "no_price": 94,
            "taker_side": "no"
        },
        {
            "trade_id": "8482f919-acd7-4a17-85af-a3d9cc826d56",
            "ticker": "KXHIGHCHI-25FEB24-B48.5",
            "count": 3,
            "created_time": "2025-02-24T02:08:52.730873Z",
            "yes_price": 6,
            "no_price": 94,
            "taker_side": "no"
        },
        {
            "trade_id": "03c7f358-8700-411f-ab02-8ba9be9a93ed",
            "ticker": "KXHIGHCHI-25FEB24-B48.5",
            "count": 5,
            "created_time": "2025-02-24T02:08:48.642208Z",
            "yes_price": 6,
            "no_price": 94,
            "taker_side": "no"
        },
        {
            "trade_id": "1459db03-6c2a-4cd4-b2f8-c0faa84c367b",
            "ticker": "KXHIGHCHI-25FEB24-B48.5",
            "count": 12,
            "created_time": "2025-02-24T01:42:53.699474Z",
            "yes_price": 6,
            "no_price": 94,
            "taker_side": "no"
        },
        {
            "trade_id": "6a32e9c6-ac36-496d-b6be-4105862441c4",
            "ticker": "KXHIGHCHI-25FEB24-B48.5",
            "count": 60,
            "created_time": "2025-02-24T01:36:19.40786Z",
            "yes_price": 17,
            "no_price": 83,
            "taker_side": "yes"
        },
        {
            "trade_id": "b7b5a0d1-98d7-4f25-88ef-8409f8f2fdc9",
            "ticker": "KXHIGHCHI-25FEB24-B48.5",
            "count": 10,
            "created_time": "2025-02-24T00:26:41.139249Z",
            "yes_price": 16,
            "no_price": 84,
            "taker_side": "yes"
        },
        {
            "trade_id": "4f385af2-ffff-43bb-972f-d063d336d759",
            "ticker": "KXHIGHCHI-25FEB24-B48.5",
            "count": 17,
            "created_time": "2025-02-24T00:26:41.139249Z",
            "yes_price": 18,
            "no_price": 82,
            "taker_side": "yes"
        },
        {
            "trade_id": "575b0f69-f894-499a-bb54-7e8b0763d9db",
            "ticker": "KXHIGHCHI-25FEB24-B48.5",
            "count": 7,
            "created_time": "2025-02-24T00:24:54.036412Z",
            "yes_price": 15,
            "no_price": 85,
            "taker_side": "yes"
        },
        {
            "trade_id": "4eb2ca7b-3e4b-4db3-b2ff-513908c08d51",
            "ticker": "KXHIGHCHI-25FEB24-B48.5",
            "count": 20,
            "created_time": "2025-02-24T00:24:54.036412Z",
            "yes_price": 14,
            "no_price": 86,
            "taker_side": "yes"
        },
        {
            "trade_id": "0ed89604-7378-45c5-b75e-25bb122a82dc",
            "ticker": "KXHIGHCHI-25FEB24-B48.5",
            "count": 31,
            "created_time": "2025-02-24T00:24:54.036412Z",
            "yes_price": 18,
            "no_price": 82,
            "taker_side": "yes"
        },
        {
            "trade_id": "ad9dfd25-7b44-44a2-b8eb-020ed5890cbd",
            "ticker": "KXHIGHCHI-25FEB24-B48.5",
            "count": 5,
            "created_time": "2025-02-24T00:19:53.149113Z",
            "yes_price": 2,
            "no_price": 98,
            "taker_side": "no"
        },
        {
            "trade_id": "3d63bc60-1d51-45a3-80fd-632c18b8eb5e",
            "ticker": "KXHIGHCHI-25FEB24-B48.5",
            "count": 5,
            "created_time": "2025-02-24T00:13:51.623859Z",
            "yes_price": 2,
            "no_price": 98,
            "taker_side": "no"
        },
        {
            "trade_id": "4d3109a3-dbd4-4bf8-afb1-3428e7264474",
            "ticker": "KXHIGHCHI-25FEB24-B48.5",
            "count": 6,
            "created_time": "2025-02-24T00:10:56.435477Z",
            "yes_price": 1,
            "no_price": 99,
            "taker_side": "no"
        },
        {
            "trade_id": "f20746c9-2f52-46b3-b910-1ed521c7de22",
            "ticker": "KXHIGHCHI-25FEB24-B48.5",
            "count": 11,
            "created_time": "2025-02-24T00:10:55.581506Z",
            "yes_price": 1,
            "no_price": 99,
            "taker_side": "no"
        },
        {
            "trade_id": "3a48fdc0-106c-4d30-8318-4c322ad5ba69",
            "ticker": "KXHIGHCHI-25FEB24-B48.5",
            "count": 13,
            "created_time": "2025-02-24T00:10:54.723739Z",
            "yes_price": 2,
            "no_price": 98,
            "taker_side": "no"
        },
        {
            "trade_id": "19e19ddf-e0bf-4872-bf14-76cf7d89b44a",
            "ticker": "KXHIGHCHI-25FEB24-B48.5",
            "count": 5,
            "created_time": "2025-02-24T00:07:33.290253Z",
            "yes_price": 2,
            "no_price": 98,
            "taker_side": "no"
        },
        {
            "trade_id": "40b69f20-fe75-450f-9e14-c810180d71ea",
            "ticker": "KXHIGHCHI-25FEB24-B48.5",
            "count": 12,
            "created_time": "2025-02-23T23:54:54.538036Z",
            "yes_price": 2,
            "no_price": 98,
            "taker_side": "no"
        },
        {
            "trade_id": "de385a77-ee19-4b56-b0a5-a5d4643b6a36",
            "ticker": "KXHIGHCHI-25FEB24-B48.5",
            "count": 5,
            "created_time": "2025-02-23T23:54:53.676921Z",
            "yes_price": 2,
            "no_price": 98,
            "taker_side": "no"
        },
        {
            "trade_id": "eb107c35-f237-4385-a1d0-2c1675a3d4ec",
            "ticker": "KXHIGHCHI-25FEB24-B48.5",
            "count": 1,
            "created_time": "2025-02-23T23:39:25.630802Z",
            "yes_price": 3,
            "no_price": 97,
            "taker_side": "no"
        },
        {
            "trade_id": "9af2e28b-29b4-48c1-9dd7-e4ff7a3f0952",
            "ticker": "KXHIGHCHI-25FEB24-B48.5",
            "count": 4,
            "created_time": "2025-02-23T23:38:46.900192Z",
            "yes_price": 4,
            "no_price": 96,
            "taker_side": "no"
        },
        {
            "trade_id": "e467c5cd-dc05-47e0-93d7-516bcd1860b5",
            "ticker": "KXHIGHCHI-25FEB24-B48.5",
            "count": 3,
            "created_time": "2025-02-23T23:30:57.296624Z",
            "yes_price": 15,
            "no_price": 85,
            "taker_side": "yes"
        },
        {
            "trade_id": "389d32c6-4df7-4a72-b1b0-6a57f1306f8b",
            "ticker": "KXHIGHCHI-25FEB24-B48.5",
            "count": 140,
            "created_time": "2025-02-23T23:28:45.95364Z",
            "yes_price": 20,
            "no_price": 80,
            "taker_side": "yes"
        },
        {
            "trade_id": "52eebabb-f904-49c7-b402-268c1baa3b57",
            "ticker": "KXHIGHCHI-25FEB24-B48.5",
            "count": 10,
            "created_time": "2025-02-23T23:28:02.589521Z",
            "yes_price": 13,
            "no_price": 87,
            "taker_side": "yes"
        },
        {
            "trade_id": "1526bed7-ea33-4d92-bf51-8212c0d8cd87",
            "ticker": "KXHIGHCHI-25FEB24-B48.5",
            "count": 5,
            "created_time": "2025-02-23T23:27:46.165188Z",
            "yes_price": 12,
            "no_price": 88,
            "taker_side": "no"
        },
        {
            "trade_id": "cb9a715d-55fb-46df-8a18-88b60a6d96f1",
            "ticker": "KXHIGHCHI-25FEB24-B48.5",
            "count": 10,
            "created_time": "2025-02-23T23:27:46.103858Z",
            "yes_price": 12,
            "no_price": 88,
            "taker_side": "yes"
        },
        {
            "trade_id": "6e4cc8f0-a4c3-4150-9ea6-c2adb3925869",
            "ticker": "KXHIGHCHI-25FEB24-B48.5",
            "count": 10,
            "created_time": "2025-02-23T23:26:41.086941Z",
            "yes_price": 10,
            "no_price": 90,
            "taker_side": "no"
        },
        {
            "trade_id": "e40c67ae-9cc8-4ddb-8b86-7bbca9c4dc0d",
            "ticker": "KXHIGHCHI-25FEB24-B48.5",
            "count": 5,
            "created_time": "2025-02-23T23:26:40.22309Z",
            "yes_price": 10,
            "no_price": 90,
            "taker_side": "no"
        },
        {
            "trade_id": "54fd2084-1c6e-46b5-8158-69dcd528c614",
            "ticker": "KXHIGHCHI-25FEB24-B48.5",
            "count": 5,
            "created_time": "2025-02-23T23:26:39.367751Z",
            "yes_price": 10,
            "no_price": 90,
            "taker_side": "no"
        },
        {
            "trade_id": "c9643ca3-0979-4bdf-bbfb-85a5c67f9cab",
            "ticker": "KXHIGHCHI-25FEB24-B48.5",
            "count": 4,
            "created_time": "2025-02-23T22:37:54.40783Z",
            "yes_price": 9,
            "no_price": 91,
            "taker_side": "yes"
        },
        {
            "trade_id": "31f19b33-ea19-42a0-8db7-ec3a49fde637",
            "ticker": "KXHIGHCHI-25FEB24-B48.5",
            "count": 231,
            "created_time": "2025-02-23T22:37:54.40783Z",
            "yes_price": 10,
            "no_price": 90,
            "taker_side": "yes"
        },
        {
            "trade_id": "fb35d8b5-b27e-4c8e-a312-f24c09ff55ff",
            "ticker": "KXHIGHCHI-25FEB24-B48.5",
            "count": 5,
            "created_time": "2025-02-23T22:21:19.545255Z",
            "yes_price": 2,
            "no_price": 98,
            "taker_side": "no"
        },
        {
            "trade_id": "54528123-83f6-4fd8-9494-1f0d84b7bca4",
            "ticker": "KXHIGHCHI-25FEB24-B48.5",
            "count": 1,
            "created_time": "2025-02-23T22:13:13.407877Z",
            "yes_price": 2,
            "no_price": 98,
            "taker_side": "no"
        },
        {
            "trade_id": "016d5566-d9db-46da-bf5d-171ed9b18e7a",
            "ticker": "KXHIGHCHI-25FEB24-B48.5",
            "count": 10,
            "created_time": "2025-02-23T18:02:02.701459Z",
            "yes_price": 19,
            "no_price": 81,
            "taker_side": "yes"
        }
    ],
    "KXHIGHCHI-25FEB24-B50.5": [
        {
            "trade_id": "5e32aef8-bf43-4546-9de2-1f5ad42e8ca3",
            "ticker": "KXHIGHCHI-25FEB24-B50.5",
            "count": 50,
            "created_time": "2025-02-24T22:20:47.205431Z",
            "yes_price": 1,
            "no_price": 99,
            "taker_side": "yes"
        },
        {
            "trade_id": "518540a4-db48-4f3a-a274-4e1b03cee0e4",
            "ticker": "KXHIGHCHI-25FEB24-B50.5",
            "count": 1566,
            "created_time": "2025-02-24T20:07:35.331958Z",
            "yes_price": 1,
            "no_price": 99,
            "taker_side": "yes"
        },
        {
            "trade_id": "5f9f8162-3dba-472f-a4c6-963acd0b602b",
            "ticker": "KXHIGHCHI-25FEB24-B50.5",
            "count": 1,
            "created_time": "2025-02-24T19:04:27.892151Z",
            "yes_price": 1,
            "no_price": 99,
            "taker_side": "yes"
        },
        {
            "trade_id": "af046c65-ec54-4b67-be9f-6160f9ab19aa",
            "ticker": "KXHIGHCHI-25FEB24-B50.5",
            "count": 10,
            "created_time": "2025-02-24T18:50:36.069578Z",
            "yes_price": 1,
            "no_price": 99,
            "taker_side": "yes"
        },
        {
            "trade_id": "4a16092c-389c-4049-ab7d-744b44c1cbb6",
            "ticker": "KXHIGHCHI-25FEB24-B50.5",
            "count": 24,
            "created_time": "2025-02-24T18:50:36.069578Z",
            "yes_price": 1,
            "no_price": 99,
            "taker_side": "yes"
        },
        {
            "trade_id": "e82304ce-e646-470b-b14d-8db0ba148782",
            "ticker": "KXHIGHCHI-25FEB24-B50.5",
            "count": 209,
            "created_time": "2025-02-24T18:47:10.377347Z",
            "yes_price": 1,
            "no_price": 99,
            "taker_side": "no"
        },
        {
            "trade_id": "92a307d1-67ba-4250-a334-9cc4a7ddf33b",
            "ticker": "KXHIGHCHI-25FEB24-B50.5",
            "count": 44,
            "created_time": "2025-02-24T18:47:10.377347Z",
            "yes_price": 1,
            "no_price": 99,
            "taker_side": "no"
        },
        {
            "trade_id": "65e45fa1-1ce3-4eb5-8600-4b11d5873a28",
            "ticker": "KXHIGHCHI-25FEB24-B50.5",
            "count": 84,
            "created_time": "2025-02-24T18:47:10.377347Z",
            "yes_price": 1,
            "no_price": 99,
            "taker_side": "no"
        },
        {
            "trade_id": "0ec9af63-9ce6-421a-a7e3-e1d4b528e0cc",
            "ticker": "KXHIGHCHI-25FEB24-B50.5",
            "count": 1029,
            "created_time": "2025-02-24T18:47:10.377347Z",
            "yes_price": 1,
            "no_price": 99,
            "taker_side": "no"
        },
        {
            "trade_id": "c0aacf91-df7f-48ba-a844-63e3e80afc54",
            "ticker": "KXHIGHCHI-25FEB24-B50.5",
            "count": 80,
            "created_time": "2025-02-24T18:39:30.819664Z",
            "yes_price": 1,
            "no_price": 99,
            "taker_side": "no"
        },
        {
            "trade_id": "a1f2ccbc-6919-49fe-b7fe-3b3deac53404",
            "ticker": "KXHIGHCHI-25FEB24-B50.5",
            "count": 196,
            "created_time": "2025-02-24T18:30:03.409605Z",
            "yes_price": 4,
            "no_price": 96,
            "taker_side": "yes"
        },
        {
            "trade_id": "296f0e71-3fcd-4542-ad1d-d89f87ce083c",
            "ticker": "KXHIGHCHI-25FEB24-B50.5",
            "count": 50,
            "created_time": "2025-02-24T18:30:03.409605Z",
            "yes_price": 3,
            "no_price": 97,
            "taker_side": "yes"
        },
        {
            "trade_id": "33691482-0990-4f84-a4b3-d5892db7ac5e",
            "ticker": "KXHIGHCHI-25FEB24-B50.5",
            "count": 4,
            "created_time": "2025-02-24T18:16:55.471319Z",
            "yes_price": 2,
            "no_price": 98,
            "taker_side": "yes"
        },
        {
            "trade_id": "106c0d80-7f60-4a00-b99a-bfa22e566825",
            "ticker": "KXHIGHCHI-25FEB24-B50.5",
            "count": 100,
            "created_time": "2025-02-24T18:16:55.471319Z",
            "yes_price": 4,
            "no_price": 96,
            "taker_side": "yes"
        },
        {
            "trade_id": "bb9c2d03-8f5a-4131-a2e2-bea58bd21815",
            "ticker": "KXHIGHCHI-25FEB24-B50.5",
            "count": 34,
            "created_time": "2025-02-24T17:23:02.74493Z",
            "yes_price": 2,
            "no_price": 98,
            "taker_side": "no"
        },
        {
            "trade_id": "47ec5797-0e89-4fbd-a056-d7cf34361f57",
            "ticker": "KXHIGHCHI-25FEB24-B50.5",
            "count": 101,
            "created_time": "2025-02-24T17:02:36.58146Z",
            "yes_price": 2,
            "no_price": 98,
            "taker_side": "no"
        },
        {
            "trade_id": "84c1f947-435a-4439-993e-9cb84c72dac4",
            "ticker": "KXHIGHCHI-25FEB24-B50.5",
            "count": 4,
            "created_time": "2025-02-24T16:57:53.32617Z",
            "yes_price": 4,
            "no_price": 96,
            "taker_side": "no"
        },
        {
            "trade_id": "20a0220e-4c60-44e5-a730-630c4748bc0e",
            "ticker": "KXHIGHCHI-25FEB24-B50.5",
            "count": 1025,
            "created_time": "2025-02-24T16:57:53.32617Z",
            "yes_price": 4,
            "no_price": 96,
            "taker_side": "no"
        },
        {
            "trade_id": "8a6ea015-f678-414d-8523-49999f7bb413",
            "ticker": "KXHIGHCHI-25FEB24-B50.5",
            "count": 48,
            "created_time": "2025-02-24T16:41:47.934271Z",
            "yes_price": 4,
            "no_price": 96,
            "taker_side": "no"
        },
        {
            "trade_id": "0e13d88e-d4bf-41e1-a04b-2318fe55bdac",
            "ticker": "KXHIGHCHI-25FEB24-B50.5",
            "count": 100,
            "created_time": "2025-02-24T16:33:50.826391Z",
            "yes_price": 4,
            "no_price": 96,
            "taker_side": "no"
        },
        {
            "trade_id": "2ba5f349-53f5-46fe-ade2-4706a4e05c05",
            "ticker": "KXHIGHCHI-25FEB24-B50.5",
            "count": 2,
            "created_time": "2025-02-24T16:24:26.186402Z",
            "yes_price": 4,
            "no_price": 96,
            "taker_side": "no"
        },
        {
            "trade_id": "8f540807-66cf-48ae-bc91-0288f651ba95",
            "ticker": "KXHIGHCHI-25FEB24-B50.5",
            "count": 11,
            "created_time": "2025-02-24T16:16:25.502482Z",
            "yes_price": 8,
            "no_price": 92,
            "taker_side": "yes"
        },
        {
            "trade_id": "eae18988-1306-42e1-bed2-7b954249aa16",
            "ticker": "KXHIGHCHI-25FEB24-B50.5",
            "count": 1,
            "created_time": "2025-02-24T16:12:05.002576Z",
            "yes_price": 5,
            "no_price": 95,
            "taker_side": "yes"
        },
        {
            "trade_id": "b6f24b2e-980a-4aba-a8b0-f0271e6a51a4",
            "ticker": "KXHIGHCHI-25FEB24-B50.5",
            "count": 28,
            "created_time": "2025-02-24T16:12:05.002576Z",
            "yes_price": 5,
            "no_price": 95,
            "taker_side": "yes"
        },
        {
            "trade_id": "7ed88343-53a7-475d-8fec-fbca6d29aa44",
            "ticker": "KXHIGHCHI-25FEB24-B50.5",
            "count": 86,
            "created_time": "2025-02-24T16:12:05.002576Z",
            "yes_price": 7,
            "no_price": 93,
            "taker_side": "yes"
        },
        {
            "trade_id": "e23008fa-44de-428c-bced-ec1fc4eec101",
            "ticker": "KXHIGHCHI-25FEB24-B50.5",
            "count": 50,
            "created_time": "2025-02-24T16:07:35.974785Z",
            "yes_price": 2,
            "no_price": 98,
            "taker_side": "yes"
        },
        {
            "trade_id": "b47d2247-c9e4-42c5-a740-0c084a1a4f0f",
            "ticker": "KXHIGHCHI-25FEB24-B50.5",
            "count": 25,
            "created_time": "2025-02-24T16:07:35.974785Z",
            "yes_price": 2,
            "no_price": 98,
            "taker_side": "yes"
        },
        {
            "trade_id": "eaf65896-83a9-4003-8d63-57539e81aaf7",
            "ticker": "KXHIGHCHI-25FEB24-B50.5",
            "count": 32,
            "created_time": "2025-02-24T15:24:21.751357Z",
            "yes_price": 1,
            "no_price": 99,
            "taker_side": "no"
        },
        {
            "trade_id": "52de9bc5-92cc-4033-bc7a-4cf860c0ee19",
            "ticker": "KXHIGHCHI-25FEB24-B50.5",
            "count": 4,
            "created_time": "2025-02-24T15:16:15.632552Z",
            "yes_price": 1,
            "no_price": 99,
            "taker_side": "no"
        },
        {
            "trade_id": "ec45224e-2274-4ddb-99a9-5b27fa69efd1",
            "ticker": "KXHIGHCHI-25FEB24-B50.5",
            "count": 50,
            "created_time": "2025-02-24T14:24:59.045632Z",
            "yes_price": 2,
            "no_price": 98,
            "taker_side": "no"
        },
        {
            "trade_id": "dbf9fd10-8b63-4f99-8f6c-b23399f31604",
            "ticker": "KXHIGHCHI-25FEB24-B50.5",
            "count": 223,
            "created_time": "2025-02-24T14:24:59.045632Z",
            "yes_price": 2,
            "no_price": 98,
            "taker_side": "no"
        },
        {
            "trade_id": "d0574bb7-599f-4484-af1d-a4d2939fa86a",
            "ticker": "KXHIGHCHI-25FEB24-B50.5",
            "count": 300,
            "created_time": "2025-02-24T14:24:59.045632Z",
            "yes_price": 2,
            "no_price": 98,
            "taker_side": "no"
        },
        {
            "trade_id": "446ef67a-3dd7-4bfd-890b-96299576e294",
            "ticker": "KXHIGHCHI-25FEB24-B50.5",
            "count": 18,
            "created_time": "2025-02-24T14:24:07.24711Z",
            "yes_price": 2,
            "no_price": 98,
            "taker_side": "no"
        },
        {
            "trade_id": "a094d7d1-e851-45d7-940e-691e53bbb910",
            "ticker": "KXHIGHCHI-25FEB24-B50.5",
            "count": 27,
            "created_time": "2025-02-24T14:16:16.372979Z",
            "yes_price": 3,
            "no_price": 97,
            "taker_side": "yes"
        },
        {
            "trade_id": "3e93c270-9659-4f7b-98ae-f9527065e706",
            "ticker": "KXHIGHCHI-25FEB24-B50.5",
            "count": 50,
            "created_time": "2025-02-24T14:16:16.372979Z",
            "yes_price": 3,
            "no_price": 97,
            "taker_side": "yes"
        },
        {
            "trade_id": "d9d4c75a-fccb-4965-83ac-539b37b292e3",
            "ticker": "KXHIGHCHI-25FEB24-B50.5",
            "count": 10,
            "created_time": "2025-02-24T14:08:19.109108Z",
            "yes_price": 4,
            "no_price": 96,
            "taker_side": "yes"
        },
        {
            "trade_id": "4e3240e8-82fb-46fb-8816-96a582c90e16",
            "ticker": "KXHIGHCHI-25FEB24-B50.5",
            "count": 93,
            "created_time": "2025-02-24T13:58:52.742091Z",
            "yes_price": 3,
            "no_price": 97,
            "taker_side": "yes"
        },
        {
            "trade_id": "3ba0872c-62c6-4af5-822e-9cf8475b27f0",
            "ticker": "KXHIGHCHI-25FEB24-B50.5",
            "count": 50,
            "created_time": "2025-02-24T13:58:07.53209Z",
            "yes_price": 3,
            "no_price": 97,
            "taker_side": "yes"
        },
        {
            "trade_id": "110d4543-efba-4739-90c0-7d99c01cedb9",
            "ticker": "KXHIGHCHI-25FEB24-B50.5",
            "count": 150,
            "created_time": "2025-02-24T13:58:07.53209Z",
            "yes_price": 3,
            "no_price": 97,
            "taker_side": "yes"
        },
        {
            "trade_id": "ce434f73-7d27-4237-9eeb-dcc78b8d9670",
            "ticker": "KXHIGHCHI-25FEB24-B50.5",
            "count": 50,
            "created_time": "2025-02-24T13:20:08.262912Z",
            "yes_price": 3,
            "no_price": 97,
            "taker_side": "yes"
        },
        {
            "trade_id": "6b8fb4ac-9516-4c04-8de1-1bc707107f83",
            "ticker": "KXHIGHCHI-25FEB24-B50.5",
            "count": 5,
            "created_time": "2025-02-24T13:20:08.262912Z",
            "yes_price": 6,
            "no_price": 94,
            "taker_side": "yes"
        },
        {
            "trade_id": "4303f16d-ba59-4ac6-b9e2-ef5354f5b56e",
            "ticker": "KXHIGHCHI-25FEB24-B50.5",
            "count": 8,
            "created_time": "2025-02-24T13:20:08.262912Z",
            "yes_price": 5,
            "no_price": 95,
            "taker_side": "yes"
        },
        {
            "trade_id": "1f5e7688-031d-4378-b115-49356e583f86",
            "ticker": "KXHIGHCHI-25FEB24-B50.5",
            "count": 12,
            "created_time": "2025-02-24T13:20:08.262912Z",
            "yes_price": 3,
            "no_price": 97,
            "taker_side": "yes"
        },
        {
            "trade_id": "0a547b2c-e57d-4482-a498-e96b54e97251",
            "ticker": "KXHIGHCHI-25FEB24-B50.5",
            "count": 52,
            "created_time": "2025-02-24T13:20:08.262912Z",
            "yes_price": 4,
            "no_price": 96,
            "taker_side": "yes"
        },
        {
            "trade_id": "c4610140-bd95-4df7-acdf-6875bccba646",
            "ticker": "KXHIGHCHI-25FEB24-B50.5",
            "count": 36,
            "created_time": "2025-02-24T13:16:52.29949Z",
            "yes_price": 2,
            "no_price": 98,
            "taker_side": "no"
        },
        {
            "trade_id": "ba9d9340-ecfe-454c-bfdd-e885b896dd9d",
            "ticker": "KXHIGHCHI-25FEB24-B50.5",
            "count": 2,
            "created_time": "2025-02-24T13:14:56.378479Z",
            "yes_price": 2,
            "no_price": 98,
            "taker_side": "no"
        },
        {
            "trade_id": "619605d1-6b52-4abd-979b-cf4e81939329",
            "ticker": "KXHIGHCHI-25FEB24-B50.5",
            "count": 21,
            "created_time": "2025-02-24T13:02:42.530119Z",
            "yes_price": 2,
            "no_price": 98,
            "taker_side": "no"
        },
        {
            "trade_id": "088fd0ef-4ba0-47ae-85c0-3afaf73e0374",
            "ticker": "KXHIGHCHI-25FEB24-B50.5",
            "count": 5,
            "created_time": "2025-02-24T13:02:42.530119Z",
            "yes_price": 3,
            "no_price": 97,
            "taker_side": "no"
        },
        {
            "trade_id": "88cb8bf6-f166-4b3c-bfbe-9a604e550c08",
            "ticker": "KXHIGHCHI-25FEB24-B50.5",
            "count": 50,
            "created_time": "2025-02-24T13:01:37.227559Z",
            "yes_price": 4,
            "no_price": 96,
            "taker_side": "no"
        },
        {
            "trade_id": "b9e4c68d-70d2-4c6b-80f0-38f01db8fd3e",
            "ticker": "KXHIGHCHI-25FEB24-B50.5",
            "count": 28,
            "created_time": "2025-02-24T13:00:43.277748Z",
            "yes_price": 7,
            "no_price": 93,
            "taker_side": "no"
        },
        {
            "trade_id": "7b8d97d0-dfb5-4b42-bdaa-1139546af720",
            "ticker": "KXHIGHCHI-25FEB24-B50.5",
            "count": 13,
            "created_time": "2025-02-24T13:00:39.49022Z",
            "yes_price": 6,
            "no_price": 94,
            "taker_side": "yes"
        },
        {
            "trade_id": "e641b120-bc3d-416a-99f8-290a3e204ab7",
            "ticker": "KXHIGHCHI-25FEB24-B50.5",
            "count": 187,
            "created_time": "2025-02-24T13:00:15.977964Z",
            "yes_price": 8,
            "no_price": 92,
            "taker_side": "no"
        },
        {
            "trade_id": "072cb88d-7295-4bdb-b2c5-034fdff837de",
            "ticker": "KXHIGHCHI-25FEB24-B50.5",
            "count": 13,
            "created_time": "2025-02-24T13:00:15.828101Z",
            "yes_price": 8,
            "no_price": 92,
            "taker_side": "no"
        },
        {
            "trade_id": "e381e087-3a21-4983-9ee9-e5c803695c4c",
            "ticker": "KXHIGHCHI-25FEB24-B50.5",
            "count": 62,
            "created_time": "2025-02-24T07:41:04.295726Z",
            "yes_price": 9,
            "no_price": 91,
            "taker_side": "no"
        },
        {
            "trade_id": "b425d5fd-1dca-422b-9253-9dd33f3726cd",
            "ticker": "KXHIGHCHI-25FEB24-B50.5",
            "count": 10,
            "created_time": "2025-02-24T07:41:04.295726Z",
            "yes_price": 10,
            "no_price": 90,
            "taker_side": "no"
        },
        {
            "trade_id": "8ab6ebc7-b47d-48dd-8f51-806045ae7c04",
            "ticker": "KXHIGHCHI-25FEB24-B50.5",
            "count": 43,
            "created_time": "2025-02-24T07:41:04.295726Z",
            "yes_price": 9,
            "no_price": 91,
            "taker_side": "no"
        },
        {
            "trade_id": "edbf49f6-72eb-4bc6-abc6-339e09a7f5bc",
            "ticker": "KXHIGHCHI-25FEB24-B50.5",
            "count": 79,
            "created_time": "2025-02-24T07:27:18.17399Z",
            "yes_price": 10,
            "no_price": 90,
            "taker_side": "no"
        },
        {
            "trade_id": "6f514a23-3d53-4d9c-a652-c54004f70b5e",
            "ticker": "KXHIGHCHI-25FEB24-B50.5",
            "count": 50,
            "created_time": "2025-02-24T07:27:18.17399Z",
            "yes_price": 11,
            "no_price": 89,
            "taker_side": "no"
        },
        {
            "trade_id": "8ad0462f-fbf9-407c-8677-43039fb688cf",
            "ticker": "KXHIGHCHI-25FEB24-B50.5",
            "count": 5,
            "created_time": "2025-02-24T07:24:47.147195Z",
            "yes_price": 13,
            "no_price": 87,
            "taker_side": "yes"
        },
        {
            "trade_id": "883f941b-cb08-4f7e-a981-69d0ef8ac64a",
            "ticker": "KXHIGHCHI-25FEB24-B50.5",
            "count": 5,
            "created_time": "2025-02-24T07:24:47.147195Z",
            "yes_price": 12,
            "no_price": 88,
            "taker_side": "yes"
        },
        {
            "trade_id": "23bb9adf-ca42-4c8e-b679-7ddbb6eda42a",
            "ticker": "KXHIGHCHI-25FEB24-B50.5",
            "count": 264,
            "created_time": "2025-02-24T07:24:47.147195Z",
            "yes_price": 15,
            "no_price": 85,
            "taker_side": "yes"
        },
        {
            "trade_id": "134cb080-7e43-4614-a741-5bb162e96fa2",
            "ticker": "KXHIGHCHI-25FEB24-B50.5",
            "count": 25,
            "created_time": "2025-02-24T07:24:47.147195Z",
            "yes_price": 11,
            "no_price": 89,
            "taker_side": "yes"
        },
        {
            "trade_id": "0a1be12d-ebc5-4023-ad0f-5eb889d42507",
            "ticker": "KXHIGHCHI-25FEB24-B50.5",
            "count": 24,
            "created_time": "2025-02-24T07:24:47.147195Z",
            "yes_price": 11,
            "no_price": 89,
            "taker_side": "yes"
        },
        {
            "trade_id": "a81b1438-85e7-4184-b724-bb05d6db21ad",
            "ticker": "KXHIGHCHI-25FEB24-B50.5",
            "count": 20,
            "created_time": "2025-02-24T07:17:41.15239Z",
            "yes_price": 12,
            "no_price": 88,
            "taker_side": "yes"
        },
        {
            "trade_id": "adcdc246-d1d8-47ca-88de-c31cea9a95d0",
            "ticker": "KXHIGHCHI-25FEB24-B50.5",
            "count": 11,
            "created_time": "2025-02-24T06:59:43.380686Z",
            "yes_price": 10,
            "no_price": 90,
            "taker_side": "no"
        },
        {
            "trade_id": "1c460688-87fa-4214-a697-1dfec7dd4ef4",
            "ticker": "KXHIGHCHI-25FEB24-B50.5",
            "count": 1,
            "created_time": "2025-02-24T06:04:18.745587Z",
            "yes_price": 12,
            "no_price": 88,
            "taker_side": "no"
        },
        {
            "trade_id": "00db8794-143b-4fbb-a37e-8f8b46c83590",
            "ticker": "KXHIGHCHI-25FEB24-B50.5",
            "count": 26,
            "created_time": "2025-02-24T05:16:33.696424Z",
            "yes_price": 18,
            "no_price": 82,
            "taker_side": "yes"
        },
        {
            "trade_id": "22dd387d-0b0c-46d8-b2d0-76517f734dc5",
            "ticker": "KXHIGHCHI-25FEB24-B50.5",
            "count": 30,
            "created_time": "2025-02-24T04:58:41.849766Z",
            "yes_price": 19,
            "no_price": 81,
            "taker_side": "yes"
        },
        {
            "trade_id": "1d29772c-9dda-4433-b718-1b2b965ecb62",
            "ticker": "KXHIGHCHI-25FEB24-B50.5",
            "count": 6,
            "created_time": "2025-02-24T04:54:21.656954Z",
            "yes_price": 12,
            "no_price": 88,
            "taker_side": "no"
        },
        {
            "trade_id": "b7a75ce8-c45a-4ff4-84f1-15cd8ca6af63",
            "ticker": "KXHIGHCHI-25FEB24-B50.5",
            "count": 44,
            "created_time": "2025-02-24T04:45:07.889296Z",
            "yes_price": 13,
            "no_price": 87,
            "taker_side": "no"
        },
        {
            "trade_id": "5b4d168a-7993-4413-b77f-40b90228b7b8",
            "ticker": "KXHIGHCHI-25FEB24-B50.5",
            "count": 44,
            "created_time": "2025-02-24T04:45:01.789893Z",
            "yes_price": 13,
            "no_price": 87,
            "taker_side": "no"
        },
        {
            "trade_id": "0e8c41ae-099a-4cb5-ab26-62075bda90b5",
            "ticker": "KXHIGHCHI-25FEB24-B50.5",
            "count": 43,
            "created_time": "2025-02-24T04:44:54.604806Z",
            "yes_price": 13,
            "no_price": 87,
            "taker_side": "no"
        },
        {
            "trade_id": "25d0e23f-3176-4431-a657-8ba26b4930a0",
            "ticker": "KXHIGHCHI-25FEB24-B50.5",
            "count": 10,
            "created_time": "2025-02-24T04:42:51.102364Z",
            "yes_price": 13,
            "no_price": 87,
            "taker_side": "no"
        },
        {
            "trade_id": "a747c3d1-cbe2-4040-9ef5-e978e34b3ce9",
            "ticker": "KXHIGHCHI-25FEB24-B50.5",
            "count": 3,
            "created_time": "2025-02-24T04:42:26.82091Z",
            "yes_price": 13,
            "no_price": 87,
            "taker_side": "no"
        },
        {
            "trade_id": "5b8faa49-ac28-4360-84a5-bb628cb0ac4d",
            "ticker": "KXHIGHCHI-25FEB24-B50.5",
            "count": 7,
            "created_time": "2025-02-24T04:42:26.82091Z",
            "yes_price": 13,
            "no_price": 87,
            "taker_side": "no"
        },
        {
            "trade_id": "7649794b-c891-4a23-b9ef-033db5dc78b6",
            "ticker": "KXHIGHCHI-25FEB24-B50.5",
            "count": 2,
            "created_time": "2025-02-24T04:39:18.991007Z",
            "yes_price": 14,
            "no_price": 86,
            "taker_side": "no"
        },
        {
            "trade_id": "a1a101e2-ea67-4498-94bf-8c3293ae2959",
            "ticker": "KXHIGHCHI-25FEB24-B50.5",
            "count": 10,
            "created_time": "2025-02-24T04:38:33.472971Z",
            "yes_price": 13,
            "no_price": 87,
            "taker_side": "no"
        },
        {
            "trade_id": "32cb8986-26af-48d0-b2f8-cb1f510a43b7",
            "ticker": "KXHIGHCHI-25FEB24-B50.5",
            "count": 10,
            "created_time": "2025-02-24T04:38:23.678701Z",
            "yes_price": 13,
            "no_price": 87,
            "taker_side": "no"
        },
        {
            "trade_id": "0a52a3c7-c143-412a-9846-99249dda4fa3",
            "ticker": "KXHIGHCHI-25FEB24-B50.5",
            "count": 5,
            "created_time": "2025-02-24T03:28:30.734509Z",
            "yes_price": 14,
            "no_price": 86,
            "taker_side": "no"
        },
        {
            "trade_id": "12551ad6-6e26-4832-afd0-34107fdbe17b",
            "ticker": "KXHIGHCHI-25FEB24-B50.5",
            "count": 5,
            "created_time": "2025-02-24T03:23:25.347886Z",
            "yes_price": 16,
            "no_price": 84,
            "taker_side": "no"
        },
        {
            "trade_id": "609b31f4-fc34-4d67-b3f3-f3cdbccf9c14",
            "ticker": "KXHIGHCHI-25FEB24-B50.5",
            "count": 22,
            "created_time": "2025-02-24T03:23:24.483298Z",
            "yes_price": 16,
            "no_price": 84,
            "taker_side": "no"
        },
        {
            "trade_id": "843fa482-46ad-429a-bfbe-b2bdf6c59c5c",
            "ticker": "KXHIGHCHI-25FEB24-B50.5",
            "count": 13,
            "created_time": "2025-02-24T03:07:48.742568Z",
            "yes_price": 21,
            "no_price": 79,
            "taker_side": "no"
        },
        {
            "trade_id": "159fddfa-50e7-434d-adeb-e5cd218e90b3",
            "ticker": "KXHIGHCHI-25FEB24-B50.5",
            "count": 113,
            "created_time": "2025-02-24T02:46:22.600907Z",
            "yes_price": 21,
            "no_price": 79,
            "taker_side": "no"
        },
        {
            "trade_id": "1420a3b3-dfb6-4c1e-856b-2bd034048f3f",
            "ticker": "KXHIGHCHI-25FEB24-B50.5",
            "count": 51,
            "created_time": "2025-02-24T02:46:14.919167Z",
            "yes_price": 22,
            "no_price": 78,
            "taker_side": "no"
        },
        {
            "trade_id": "d8011d2c-4137-4897-9501-aa6e01d76b7f",
            "ticker": "KXHIGHCHI-25FEB24-B50.5",
            "count": 3,
            "created_time": "2025-02-24T02:45:56.176296Z",
            "yes_price": 28,
            "no_price": 72,
            "taker_side": "no"
        },
        {
            "trade_id": "d041d6f1-2cfd-47d6-a39c-3b5be50d1add",
            "ticker": "KXHIGHCHI-25FEB24-B50.5",
            "count": 33,
            "created_time": "2025-02-24T02:45:56.176296Z",
            "yes_price": 28,
            "no_price": 72,
            "taker_side": "no"
        },
        {
            "trade_id": "de4ff021-5927-4dcb-8505-2c1a2fe17e16",
            "ticker": "KXHIGHCHI-25FEB24-B50.5",
            "count": 5,
            "created_time": "2025-02-24T02:36:52.426889Z",
            "yes_price": 28,
            "no_price": 72,
            "taker_side": "no"
        },
        {
            "trade_id": "a2acbb36-04fe-4aab-8748-add20822fe68",
            "ticker": "KXHIGHCHI-25FEB24-B50.5",
            "count": 2,
            "created_time": "2025-02-24T02:36:45.673994Z",
            "yes_price": 28,
            "no_price": 72,
            "taker_side": "no"
        },
        {
            "trade_id": "b0f74667-61b3-4a00-9df3-b97594d969ea",
            "ticker": "KXHIGHCHI-25FEB24-B50.5",
            "count": 5,
            "created_time": "2025-02-24T02:23:20.478512Z",
            "yes_price": 28,
            "no_price": 72,
            "taker_side": "no"
        },
        {
            "trade_id": "130f23ba-ef76-41bc-b821-0a97a26491e4",
            "ticker": "KXHIGHCHI-25FEB24-B50.5",
            "count": 6,
            "created_time": "2025-02-24T02:23:20.268052Z",
            "yes_price": 28,
            "no_price": 72,
            "taker_side": "no"
        },
        {
            "trade_id": "f442ed10-3b0f-4791-a755-a3f93655e7ec",
            "ticker": "KXHIGHCHI-25FEB24-B50.5",
            "count": 4,
            "created_time": "2025-02-24T02:09:06.237847Z",
            "yes_price": 28,
            "no_price": 72,
            "taker_side": "no"
        },
        {
            "trade_id": "eed668b9-1db8-4ce0-a6d1-8698ca1ab349",
            "ticker": "KXHIGHCHI-25FEB24-B50.5",
            "count": 3,
            "created_time": "2025-02-24T02:08:52.253161Z",
            "yes_price": 32,
            "no_price": 68,
            "taker_side": "yes"
        },
        {
            "trade_id": "7d10189c-a0ca-4ea9-b5e0-13dbaec38356",
            "ticker": "KXHIGHCHI-25FEB24-B50.5",
            "count": 5,
            "created_time": "2025-02-24T02:08:52.253161Z",
            "yes_price": 33,
            "no_price": 67,
            "taker_side": "yes"
        },
        {
            "trade_id": "48e2800d-5540-4a82-a920-043264ae3d13",
            "ticker": "KXHIGHCHI-25FEB24-B50.5",
            "count": 5,
            "created_time": "2025-02-24T02:08:48.641476Z",
            "yes_price": 29,
            "no_price": 71,
            "taker_side": "no"
        },
        {
            "trade_id": "40ba8e81-64c7-4127-84df-82f736a0b98f",
            "ticker": "KXHIGHCHI-25FEB24-B50.5",
            "count": 3,
            "created_time": "2025-02-24T01:56:28.459749Z",
            "yes_price": 36,
            "no_price": 64,
            "taker_side": "yes"
        },
        {
            "trade_id": "aec3845b-21db-436c-879f-e5f009bbce21",
            "ticker": "KXHIGHCHI-25FEB24-B50.5",
            "count": 5,
            "created_time": "2025-02-24T01:55:00.069045Z",
            "yes_price": 38,
            "no_price": 62,
            "taker_side": "yes"
        },
        {
            "trade_id": "9f2e2936-3d64-41f1-a437-5c891bd8b622",
            "ticker": "KXHIGHCHI-25FEB24-B50.5",
            "count": 3,
            "created_time": "2025-02-24T01:55:00.069045Z",
            "yes_price": 37,
            "no_price": 63,
            "taker_side": "yes"
        },
        {
            "trade_id": "6f216717-fbdd-4520-93d9-4abd3a90d153",
            "ticker": "KXHIGHCHI-25FEB24-B50.5",
            "count": 26,
            "created_time": "2025-02-24T01:55:00.069045Z",
            "yes_price": 38,
            "no_price": 62,
            "taker_side": "yes"
        },
        {
            "trade_id": "24564ffd-3f07-4f28-bcc3-a98f11956837",
            "ticker": "KXHIGHCHI-25FEB24-B50.5",
            "count": 2,
            "created_time": "2025-02-24T01:43:24.149114Z",
            "yes_price": 38,
            "no_price": 62,
            "taker_side": "yes"
        },
        {
            "trade_id": "838c6961-f97b-454c-92c6-9672d981978a",
            "ticker": "KXHIGHCHI-25FEB24-B50.5",
            "count": 5,
            "created_time": "2025-02-24T01:42:53.701496Z",
            "yes_price": 29,
            "no_price": 71,
            "taker_side": "no"
        },
        {
            "trade_id": "025cb0d1-8e78-49d0-8427-4ed692b91f63",
            "ticker": "KXHIGHCHI-25FEB24-B50.5",
            "count": 7,
            "created_time": "2025-02-24T01:42:53.701496Z",
            "yes_price": 29,
            "no_price": 71,
            "taker_side": "no"
        },
        {
            "trade_id": "5665a244-1090-4154-b52c-6abee7113c54",
            "ticker": "KXHIGHCHI-25FEB24-B50.5",
            "count": 25,
            "created_time": "2025-02-24T01:36:39.552293Z",
            "yes_price": 38,
            "no_price": 62,
            "taker_side": "yes"
        },
        {
            "trade_id": "7c7c6e24-5f7e-4efa-8fd4-5e21224aeb19",
            "ticker": "KXHIGHCHI-25FEB24-B50.5",
            "count": 12,
            "created_time": "2025-02-24T01:31:25.827832Z",
            "yes_price": 38,
            "no_price": 62,
            "taker_side": "yes"
        },
        {
            "trade_id": "dec54712-1ce2-4904-a2a6-4760091bb74c",
            "ticker": "KXHIGHCHI-25FEB24-B50.5",
            "count": 9,
            "created_time": "2025-02-24T01:19:47.516504Z",
            "yes_price": 39,
            "no_price": 61,
            "taker_side": "yes"
        },
        {
            "trade_id": "62076f26-c83d-4150-a67a-9b64b06f4bb3",
            "ticker": "KXHIGHCHI-25FEB24-B50.5",
            "count": 20,
            "created_time": "2025-02-24T01:19:47.516504Z",
            "yes_price": 26,
            "no_price": 74,
            "taker_side": "yes"
        },
        {
            "trade_id": "605283f5-2969-4370-a083-ad8383ba8a7f",
            "ticker": "KXHIGHCHI-25FEB24-B50.5",
            "count": 2,
            "created_time": "2025-02-24T01:19:47.516504Z",
            "yes_price": 26,
            "no_price": 74,
            "taker_side": "yes"
        },
        {
            "trade_id": "e70afd1b-cfd2-41d7-aa7e-ad50d4be0168",
            "ticker": "KXHIGHCHI-25FEB24-B50.5",
            "count": 5,
            "created_time": "2025-02-24T00:37:05.745261Z",
            "yes_price": 22,
            "no_price": 78,
            "taker_side": "no"
        },
        {
            "trade_id": "725fb423-cc4e-423b-8d0b-c4e73251b103",
            "ticker": "KXHIGHCHI-25FEB24-B50.5",
            "count": 18,
            "created_time": "2025-02-24T00:35:44.422792Z",
            "yes_price": 31,
            "no_price": 69,
            "taker_side": "no"
        },
        {
            "trade_id": "52cca8b8-d1ff-4cc3-8547-73fba144860b",
            "ticker": "KXHIGHCHI-25FEB24-B50.5",
            "count": 56,
            "created_time": "2025-02-24T00:35:44.422792Z",
            "yes_price": 32,
            "no_price": 68,
            "taker_side": "no"
        },
        {
            "trade_id": "ef2b0613-723b-42cc-b715-3e22e6ae2e64",
            "ticker": "KXHIGHCHI-25FEB24-B50.5",
            "count": 5,
            "created_time": "2025-02-24T00:19:53.143506Z",
            "yes_price": 33,
            "no_price": 67,
            "taker_side": "no"
        },
        {
            "trade_id": "5c1e9f5f-e3fb-442f-b6a3-148481029a57",
            "ticker": "KXHIGHCHI-25FEB24-B50.5",
            "count": 2,
            "created_time": "2025-02-24T00:14:42.561586Z",
            "yes_price": 37,
            "no_price": 63,
            "taker_side": "yes"
        },
        {
            "trade_id": "c233f47e-4f4d-4be8-8052-b07afbf980b0",
            "ticker": "KXHIGHCHI-25FEB24-B50.5",
            "count": 5,
            "created_time": "2025-02-24T00:13:51.625012Z",
            "yes_price": 33,
            "no_price": 67,
            "taker_side": "no"
        },
        {
            "trade_id": "4e863632-0c66-4567-abf7-ee7ddb1fb3b1",
            "ticker": "KXHIGHCHI-25FEB24-B50.5",
            "count": 6,
            "created_time": "2025-02-24T00:10:56.441889Z",
            "yes_price": 33,
            "no_price": 67,
            "taker_side": "no"
        },
        {
            "trade_id": "68568b7d-e611-4da1-a3c4-264531379c1d",
            "ticker": "KXHIGHCHI-25FEB24-B50.5",
            "count": 11,
            "created_time": "2025-02-24T00:10:55.579259Z",
            "yes_price": 33,
            "no_price": 67,
            "taker_side": "no"
        },
        {
            "trade_id": "b1ae3393-b844-4c09-8996-7e6a015e0345",
            "ticker": "KXHIGHCHI-25FEB24-B50.5",
            "count": 13,
            "created_time": "2025-02-24T00:10:54.718003Z",
            "yes_price": 33,
            "no_price": 67,
            "taker_side": "no"
        },
        {
            "trade_id": "d8c27dd2-6a76-4ff1-bb00-9088be2ca255",
            "ticker": "KXHIGHCHI-25FEB24-B50.5",
            "count": 5,
            "created_time": "2025-02-24T00:07:33.295789Z",
            "yes_price": 33,
            "no_price": 67,
            "taker_side": "no"
        },
        {
            "trade_id": "1bd8e78f-eb3f-479b-8515-5941613000d8",
            "ticker": "KXHIGHCHI-25FEB24-B50.5",
            "count": 12,
            "created_time": "2025-02-23T23:54:54.533844Z",
            "yes_price": 33,
            "no_price": 67,
            "taker_side": "no"
        },
        {
            "trade_id": "49e972e8-2493-49a2-ace6-a3feadecef2f",
            "ticker": "KXHIGHCHI-25FEB24-B50.5",
            "count": 5,
            "created_time": "2025-02-23T23:54:53.682884Z",
            "yes_price": 33,
            "no_price": 67,
            "taker_side": "no"
        },
        {
            "trade_id": "32679780-686f-4826-ac8a-d0899e243cde",
            "ticker": "KXHIGHCHI-25FEB24-B50.5",
            "count": 4,
            "created_time": "2025-02-23T23:38:46.911109Z",
            "yes_price": 33,
            "no_price": 67,
            "taker_side": "no"
        },
        {
            "trade_id": "e5ce5bee-063f-40a4-b02d-23312c2bbf57",
            "ticker": "KXHIGHCHI-25FEB24-B50.5",
            "count": 1,
            "created_time": "2025-02-23T23:32:27.412874Z",
            "yes_price": 33,
            "no_price": 67,
            "taker_side": "no"
        },
        {
            "trade_id": "0718ec7e-3806-45ce-9d07-6bcbd50cb8cd",
            "ticker": "KXHIGHCHI-25FEB24-B50.5",
            "count": 5,
            "created_time": "2025-02-23T23:27:46.171578Z",
            "yes_price": 33,
            "no_price": 67,
            "taker_side": "no"
        },
        {
            "trade_id": "6e6bfefe-acd3-4abe-9f88-4657a83044b2",
            "ticker": "KXHIGHCHI-25FEB24-B50.5",
            "count": 10,
            "created_time": "2025-02-23T23:26:41.088949Z",
            "yes_price": 32,
            "no_price": 68,
            "taker_side": "no"
        },
        {
            "trade_id": "41dd1e32-5921-41ce-8080-7395e9f27c8e",
            "ticker": "KXHIGHCHI-25FEB24-B50.5",
            "count": 5,
            "created_time": "2025-02-23T23:26:40.221095Z",
            "yes_price": 32,
            "no_price": 68,
            "taker_side": "no"
        },
        {
            "trade_id": "b396305c-134b-4ea9-bc67-a5cc41e93233",
            "ticker": "KXHIGHCHI-25FEB24-B50.5",
            "count": 5,
            "created_time": "2025-02-23T23:26:39.369339Z",
            "yes_price": 32,
            "no_price": 68,
            "taker_side": "no"
        },
        {
            "trade_id": "c0dec79f-69f4-4c79-8999-770d78651c33",
            "ticker": "KXHIGHCHI-25FEB24-B50.5",
            "count": 11,
            "created_time": "2025-02-23T23:19:14.8365Z",
            "yes_price": 40,
            "no_price": 60,
            "taker_side": "yes"
        },
        {
            "trade_id": "3226e210-a921-4bd1-b88a-244498fb1229",
            "ticker": "KXHIGHCHI-25FEB24-B50.5",
            "count": 7,
            "created_time": "2025-02-23T22:49:58.523772Z",
            "yes_price": 36,
            "no_price": 64,
            "taker_side": "no"
        },
        {
            "trade_id": "5fd7ed4f-4636-49eb-afd6-2f52a26c322a",
            "ticker": "KXHIGHCHI-25FEB24-B50.5",
            "count": 9,
            "created_time": "2025-02-23T22:34:51.252357Z",
            "yes_price": 49,
            "no_price": 51,
            "taker_side": "yes"
        },
        {
            "trade_id": "fe8d0826-bc4b-4c79-baa2-22f6ce5493c2",
            "ticker": "KXHIGHCHI-25FEB24-B50.5",
            "count": 84,
            "created_time": "2025-02-23T22:31:33.867414Z",
            "yes_price": 33,
            "no_price": 67,
            "taker_side": "no"
        },
        {
            "trade_id": "35bddedd-e26c-4c0f-bc8d-5d0dcd28b22c",
            "ticker": "KXHIGHCHI-25FEB24-B50.5",
            "count": 25,
            "created_time": "2025-02-23T22:28:37.521407Z",
            "yes_price": 33,
            "no_price": 67,
            "taker_side": "no"
        },
        {
            "trade_id": "e67228b4-7e03-4c83-b537-e53fd61146f7",
            "ticker": "KXHIGHCHI-25FEB24-B50.5",
            "count": 1,
            "created_time": "2025-02-23T22:26:22.28856Z",
            "yes_price": 40,
            "no_price": 60,
            "taker_side": "no"
        },
        {
            "trade_id": "d4375881-39b0-4714-8a7c-f2d3120b7081",
            "ticker": "KXHIGHCHI-25FEB24-B50.5",
            "count": 36,
            "created_time": "2025-02-23T22:26:22.28856Z",
            "yes_price": 37,
            "no_price": 63,
            "taker_side": "no"
        },
        {
            "trade_id": "aaa083cd-cab3-400e-9927-d2bdb21010ba",
            "ticker": "KXHIGHCHI-25FEB24-B50.5",
            "count": 40,
            "created_time": "2025-02-23T22:26:22.28856Z",
            "yes_price": 32,
            "no_price": 68,
            "taker_side": "no"
        },
        {
            "trade_id": "192184ed-1ab4-44a7-be0c-2b3edeeff2e8",
            "ticker": "KXHIGHCHI-25FEB24-B50.5",
            "count": 3,
            "created_time": "2025-02-23T22:22:57.393808Z",
            "yes_price": 50,
            "no_price": 50,
            "taker_side": "yes"
        },
        {
            "trade_id": "ebf9ae79-b686-4d30-b7fe-2749ae19bef0",
            "ticker": "KXHIGHCHI-25FEB24-B50.5",
            "count": 5,
            "created_time": "2025-02-23T22:21:19.546752Z",
            "yes_price": 42,
            "no_price": 58,
            "taker_side": "no"
        },
        {
            "trade_id": "e35f4a1e-ebfa-4b55-8778-c5b38e2169aa",
            "ticker": "KXHIGHCHI-25FEB24-B50.5",
            "count": 25,
            "created_time": "2025-02-23T22:13:32.181397Z",
            "yes_price": 41,
            "no_price": 59,
            "taker_side": "no"
        },
        {
            "trade_id": "7f296940-ba67-4b5d-9029-31fa74dbdabf",
            "ticker": "KXHIGHCHI-25FEB24-B50.5",
            "count": 1,
            "created_time": "2025-02-23T22:13:13.405186Z",
            "yes_price": 41,
            "no_price": 59,
            "taker_side": "no"
        },
        {
            "trade_id": "ca800fc2-29ef-4042-936f-eab93ef12a37",
            "ticker": "KXHIGHCHI-25FEB24-B50.5",
            "count": 18,
            "created_time": "2025-02-23T22:05:01.014061Z",
            "yes_price": 36,
            "no_price": 64,
            "taker_side": "yes"
        },
        {
            "trade_id": "be482abb-fe08-4fbd-980c-3a552946aa7d",
            "ticker": "KXHIGHCHI-25FEB24-B50.5",
            "count": 100,
            "created_time": "2025-02-23T22:05:01.014061Z",
            "yes_price": 84,
            "no_price": 16,
            "taker_side": "yes"
        },
        {
            "trade_id": "a0d07eb4-6214-43c8-9a57-d696226c739e",
            "ticker": "KXHIGHCHI-25FEB24-B50.5",
            "count": 46,
            "created_time": "2025-02-23T22:05:01.014061Z",
            "yes_price": 59,
            "no_price": 41,
            "taker_side": "yes"
        },
        {
            "trade_id": "85937996-81b3-4a87-b811-84af9aa62a51",
            "ticker": "KXHIGHCHI-25FEB24-B50.5",
            "count": 1,
            "created_time": "2025-02-23T22:05:01.014061Z",
            "yes_price": 45,
            "no_price": 55,
            "taker_side": "yes"
        },
        {
            "trade_id": "836000b4-7c0a-40ff-8bf9-c7ec2d876827",
            "ticker": "KXHIGHCHI-25FEB24-B50.5",
            "count": 33,
            "created_time": "2025-02-23T22:05:01.014061Z",
            "yes_price": 43,
            "no_price": 57,
            "taker_side": "yes"
        },
        {
            "trade_id": "4c4156b1-cde9-4010-80cd-9b1a40c87e77",
            "ticker": "KXHIGHCHI-25FEB24-B50.5",
            "count": 100,
            "created_time": "2025-02-23T22:05:01.014061Z",
            "yes_price": 46,
            "no_price": 54,
            "taker_side": "yes"
        },
        {
            "trade_id": "4507826c-4bf7-43db-b09f-06a8b722ee33",
            "ticker": "KXHIGHCHI-25FEB24-B50.5",
            "count": 3,
            "created_time": "2025-02-23T22:05:01.014061Z",
            "yes_price": 86,
            "no_price": 14,
            "taker_side": "yes"
        },
        {
            "trade_id": "37fdf9ca-615b-448e-a9d1-b32947bcbd6f",
            "ticker": "KXHIGHCHI-25FEB24-B50.5",
            "count": 5,
            "created_time": "2025-02-23T22:05:01.014061Z",
            "yes_price": 42,
            "no_price": 58,
            "taker_side": "yes"
        },
        {
            "trade_id": "20836c67-17ee-4e41-891e-f6dfa675cbc8",
            "ticker": "KXHIGHCHI-25FEB24-B50.5",
            "count": 10,
            "created_time": "2025-02-23T22:05:01.014061Z",
            "yes_price": 85,
            "no_price": 15,
            "taker_side": "yes"
        },
        {
            "trade_id": "846fb36b-5614-4c0e-a701-8d0f57ed48b4",
            "ticker": "KXHIGHCHI-25FEB24-B50.5",
            "count": 100,
            "created_time": "2025-02-23T21:55:43.149526Z",
            "yes_price": 32,
            "no_price": 68,
            "taker_side": "no"
        },
        {
            "trade_id": "c4f5849f-a362-442b-8e4f-f06c551e09e0",
            "ticker": "KXHIGHCHI-25FEB24-B50.5",
            "count": 200,
            "created_time": "2025-02-23T21:52:10.737257Z",
            "yes_price": 32,
            "no_price": 68,
            "taker_side": "no"
        },
        {
            "trade_id": "9929819f-1a4e-4b8f-85e3-9b93ab452982",
            "ticker": "KXHIGHCHI-25FEB24-B50.5",
            "count": 16,
            "created_time": "2025-02-23T21:50:47.847254Z",
            "yes_price": 32,
            "no_price": 68,
            "taker_side": "no"
        },
        {
            "trade_id": "e3c8c1d7-58a1-4371-88e2-f3d198a58aac",
            "ticker": "KXHIGHCHI-25FEB24-B50.5",
            "count": 5,
            "created_time": "2025-02-23T18:02:14.180047Z",
            "yes_price": 34,
            "no_price": 66,
            "taker_side": "no"
        },
        {
            "trade_id": "69b3d1f3-e009-4e8e-8e15-656c2cf77a27",
            "ticker": "KXHIGHCHI-25FEB24-B50.5",
            "count": 5,
            "created_time": "2025-02-23T18:02:14.180047Z",
            "yes_price": 33,
            "no_price": 67,
            "taker_side": "no"
        },
        {
            "trade_id": "0c7cd451-8315-4be4-bec3-1dbb82c6ecaf",
            "ticker": "KXHIGHCHI-25FEB24-B50.5",
            "count": 2,
            "created_time": "2025-02-23T15:54:40.157104Z",
            "yes_price": 40,
            "no_price": 60,
            "taker_side": "yes"
        },
        {
            "trade_id": "f1605986-b4f1-43b2-ac79-2261f28f28e8",
            "ticker": "KXHIGHCHI-25FEB24-B50.5",
            "count": 18,
            "created_time": "2025-02-23T15:34:44.721247Z",
            "yes_price": 32,
            "no_price": 68,
            "taker_side": "yes"
        }
    ],
    "KXHIGHCHI-25FEB24-B52.5": [
        {
            "trade_id": "237f9f4d-1200-4690-a583-0eedc4b56d08",
            "ticker": "KXHIGHCHI-25FEB24-B52.5",
            "count": 935,
            "created_time": "2025-02-25T05:50:13.487718Z",
            "yes_price": 1,
            "no_price": 99,
            "taker_side": "yes"
        },
        {
            "trade_id": "c35339b8-03e9-454e-a6d0-0b3b61df9030",
            "ticker": "KXHIGHCHI-25FEB24-B52.5",
            "count": 14,
            "created_time": "2025-02-24T22:33:09.315581Z",
            "yes_price": 1,
            "no_price": 99,
            "taker_side": "yes"
        },
        {
            "trade_id": "ea71b0bb-442e-4c3c-a30d-54d0cdf83db8",
            "ticker": "KXHIGHCHI-25FEB24-B52.5",
            "count": 35,
            "created_time": "2025-02-24T22:21:01.938721Z",
            "yes_price": 1,
            "no_price": 99,
            "taker_side": "yes"
        },
        {
            "trade_id": "a20bc240-de12-4e39-a94b-4bcc7a57bec0",
            "ticker": "KXHIGHCHI-25FEB24-B52.5",
            "count": 935,
            "created_time": "2025-02-24T22:09:47.013323Z",
            "yes_price": 1,
            "no_price": 99,
            "taker_side": "yes"
        },
        {
            "trade_id": "96eaf99b-d947-453a-86f8-a8da8816da39",
            "ticker": "KXHIGHCHI-25FEB24-B52.5",
            "count": 1,
            "created_time": "2025-02-24T22:05:20.133586Z",
            "yes_price": 1,
            "no_price": 99,
            "taker_side": "yes"
        },
        {
            "trade_id": "c16e4398-810d-41bc-abcd-00a3f859567e",
            "ticker": "KXHIGHCHI-25FEB24-B52.5",
            "count": 292,
            "created_time": "2025-02-24T20:55:04.371339Z",
            "yes_price": 1,
            "no_price": 99,
            "taker_side": "yes"
        },
        {
            "trade_id": "c8b3c5b4-8418-4009-a362-032f1d058a69",
            "ticker": "KXHIGHCHI-25FEB24-B52.5",
            "count": 500,
            "created_time": "2025-02-24T19:55:41.888401Z",
            "yes_price": 1,
            "no_price": 99,
            "taker_side": "yes"
        },
        {
            "trade_id": "a013b6de-702f-4802-82ff-ecb2545522d8",
            "ticker": "KXHIGHCHI-25FEB24-B52.5",
            "count": 20,
            "created_time": "2025-02-24T19:55:40.714316Z",
            "yes_price": 1,
            "no_price": 99,
            "taker_side": "no"
        },
        {
            "trade_id": "fb8755cc-7d37-4482-8fc1-a8fdbb92b42a",
            "ticker": "KXHIGHCHI-25FEB24-B52.5",
            "count": 197,
            "created_time": "2025-02-24T19:54:45.105379Z",
            "yes_price": 1,
            "no_price": 99,
            "taker_side": "no"
        },
        {
            "trade_id": "7d7960f7-cc2b-4d7b-b161-11292b656032",
            "ticker": "KXHIGHCHI-25FEB24-B52.5",
            "count": 200,
            "created_time": "2025-02-24T19:54:45.105379Z",
            "yes_price": 1,
            "no_price": 99,
            "taker_side": "no"
        },
        {
            "trade_id": "50ffa103-b736-4735-9b2b-a9265cad2003",
            "ticker": "KXHIGHCHI-25FEB24-B52.5",
            "count": 200,
            "created_time": "2025-02-24T19:54:45.105379Z",
            "yes_price": 1,
            "no_price": 99,
            "taker_side": "no"
        },
        {
            "trade_id": "4d326ab2-3efb-49c8-896f-abaa5cb902e4",
            "ticker": "KXHIGHCHI-25FEB24-B52.5",
            "count": 468,
            "created_time": "2025-02-24T19:54:45.105379Z",
            "yes_price": 1,
            "no_price": 99,
            "taker_side": "no"
        },
        {
            "trade_id": "15436f8a-821c-4e4c-a326-a3a302cac13c",
            "ticker": "KXHIGHCHI-25FEB24-B52.5",
            "count": 66,
            "created_time": "2025-02-24T19:54:45.105379Z",
            "yes_price": 1,
            "no_price": 99,
            "taker_side": "no"
        },
        {
            "trade_id": "0d3b84b1-544d-4f7d-8ad4-fd921c7747e6",
            "ticker": "KXHIGHCHI-25FEB24-B52.5",
            "count": 99,
            "created_time": "2025-02-24T19:54:45.105379Z",
            "yes_price": 1,
            "no_price": 99,
            "taker_side": "no"
        },
        {
            "trade_id": "7cb17dd7-9c31-4aa5-940d-941d39a374a4",
            "ticker": "KXHIGHCHI-25FEB24-B52.5",
            "count": 1,
            "created_time": "2025-02-24T19:53:18.195824Z",
            "yes_price": 1,
            "no_price": 99,
            "taker_side": "no"
        },
        {
            "trade_id": "b860cf11-2e1e-45f8-80c0-3ecab97d66a6",
            "ticker": "KXHIGHCHI-25FEB24-B52.5",
            "count": 36,
            "created_time": "2025-02-24T19:52:37.490037Z",
            "yes_price": 3,
            "no_price": 97,
            "taker_side": "no"
        },
        {
            "trade_id": "6cf26a4c-329f-4d06-b43d-ae15dd506e0e",
            "ticker": "KXHIGHCHI-25FEB24-B52.5",
            "count": 103,
            "created_time": "2025-02-24T19:52:37.490037Z",
            "yes_price": 3,
            "no_price": 97,
            "taker_side": "no"
        },
        {
            "trade_id": "40df8096-1832-41be-9913-e0f97cea67a9",
            "ticker": "KXHIGHCHI-25FEB24-B52.5",
            "count": 11,
            "created_time": "2025-02-24T19:52:37.490037Z",
            "yes_price": 3,
            "no_price": 97,
            "taker_side": "no"
        },
        {
            "trade_id": "08ccbd20-d49b-4135-8452-e0fa47d8a026",
            "ticker": "KXHIGHCHI-25FEB24-B52.5",
            "count": 50,
            "created_time": "2025-02-24T19:52:37.490037Z",
            "yes_price": 4,
            "no_price": 96,
            "taker_side": "no"
        },
        {
            "trade_id": "15868d80-66d3-4ba6-a431-8231de16ab55",
            "ticker": "KXHIGHCHI-25FEB24-B52.5",
            "count": 1,
            "created_time": "2025-02-24T19:50:19.471145Z",
            "yes_price": 5,
            "no_price": 95,
            "taker_side": "yes"
        },
        {
            "trade_id": "95881246-c200-4885-93f4-d8d61745e6aa",
            "ticker": "KXHIGHCHI-25FEB24-B52.5",
            "count": 150,
            "created_time": "2025-02-24T19:45:57.74923Z",
            "yes_price": 7,
            "no_price": 93,
            "taker_side": "no"
        },
        {
            "trade_id": "7b18e1fa-f5a6-442e-9812-69efd19d75fc",
            "ticker": "KXHIGHCHI-25FEB24-B52.5",
            "count": 19,
            "created_time": "2025-02-24T19:39:50.53703Z",
            "yes_price": 2,
            "no_price": 98,
            "taker_side": "no"
        },
        {
            "trade_id": "32a09dab-ab34-411d-9bc5-8c87db3e514a",
            "ticker": "KXHIGHCHI-25FEB24-B52.5",
            "count": 11,
            "created_time": "2025-02-24T19:39:50.53703Z",
            "yes_price": 2,
            "no_price": 98,
            "taker_side": "no"
        },
        {
            "trade_id": "6e0f4f2a-2101-4da4-804b-47b6b9f03482",
            "ticker": "KXHIGHCHI-25FEB24-B52.5",
            "count": 50,
            "created_time": "2025-02-24T19:39:44.636344Z",
            "yes_price": 3,
            "no_price": 97,
            "taker_side": "no"
        },
        {
            "trade_id": "afbca176-9a15-45e5-9094-5d686c101f5e",
            "ticker": "KXHIGHCHI-25FEB24-B52.5",
            "count": 6,
            "created_time": "2025-02-24T19:27:30.832702Z",
            "yes_price": 12,
            "no_price": 88,
            "taker_side": "no"
        },
        {
            "trade_id": "23868319-38ef-46cd-b892-50581dcb9def",
            "ticker": "KXHIGHCHI-25FEB24-B52.5",
            "count": 44,
            "created_time": "2025-02-24T19:27:02.136574Z",
            "yes_price": 12,
            "no_price": 88,
            "taker_side": "yes"
        },
        {
            "trade_id": "4c38863b-15b1-406a-86a1-968812ededd1",
            "ticker": "KXHIGHCHI-25FEB24-B52.5",
            "count": 50,
            "created_time": "2025-02-24T19:21:39.547172Z",
            "yes_price": 5,
            "no_price": 95,
            "taker_side": "yes"
        },
        {
            "trade_id": "f7f242a8-33f0-4ead-b1b5-14ed46df97a4",
            "ticker": "KXHIGHCHI-25FEB24-B52.5",
            "count": 50,
            "created_time": "2025-02-24T19:21:19.203943Z",
            "yes_price": 5,
            "no_price": 95,
            "taker_side": "no"
        },
        {
            "trade_id": "d62295f5-0e6d-4e06-998a-05443742f603",
            "ticker": "KXHIGHCHI-25FEB24-B52.5",
            "count": 100,
            "created_time": "2025-02-24T19:11:30.211595Z",
            "yes_price": 7,
            "no_price": 93,
            "taker_side": "no"
        },
        {
            "trade_id": "4c5ccbcc-96bf-446b-b98c-34573a219bb5",
            "ticker": "KXHIGHCHI-25FEB24-B52.5",
            "count": 7,
            "created_time": "2025-02-24T19:07:24.565065Z",
            "yes_price": 7,
            "no_price": 93,
            "taker_side": "no"
        },
        {
            "trade_id": "f9688ff4-752b-448b-8ae3-f41a571af439",
            "ticker": "KXHIGHCHI-25FEB24-B52.5",
            "count": 50,
            "created_time": "2025-02-24T18:31:39.70055Z",
            "yes_price": 6,
            "no_price": 94,
            "taker_side": "yes"
        },
        {
            "trade_id": "e028ff54-8731-4787-aa5f-e3d861d3485d",
            "ticker": "KXHIGHCHI-25FEB24-B52.5",
            "count": 32,
            "created_time": "2025-02-24T18:31:39.70055Z",
            "yes_price": 6,
            "no_price": 94,
            "taker_side": "yes"
        },
        {
            "trade_id": "5a9e154f-6a32-499f-900d-95d0a1e07aa2",
            "ticker": "KXHIGHCHI-25FEB24-B52.5",
            "count": 30,
            "created_time": "2025-02-24T18:31:39.70055Z",
            "yes_price": 9,
            "no_price": 91,
            "taker_side": "yes"
        },
        {
            "trade_id": "3a76e3a0-ad8f-485e-bfda-deb09e05870a",
            "ticker": "KXHIGHCHI-25FEB24-B52.5",
            "count": 25,
            "created_time": "2025-02-24T18:31:39.70055Z",
            "yes_price": 7,
            "no_price": 93,
            "taker_side": "yes"
        },
        {
            "trade_id": "d5b770a5-9c66-410b-9950-1176bbefcefa",
            "ticker": "KXHIGHCHI-25FEB24-B52.5",
            "count": 78,
            "created_time": "2025-02-24T18:23:29.755057Z",
            "yes_price": 4,
            "no_price": 96,
            "taker_side": "no"
        },
        {
            "trade_id": "cf5cbd79-a472-44b3-9e06-8c3b2d0f42b5",
            "ticker": "KXHIGHCHI-25FEB24-B52.5",
            "count": 33,
            "created_time": "2025-02-24T18:23:29.755057Z",
            "yes_price": 5,
            "no_price": 95,
            "taker_side": "no"
        },
        {
            "trade_id": "4e96316e-ea2e-4bf2-981e-c63e0dd1f0f2",
            "ticker": "KXHIGHCHI-25FEB24-B52.5",
            "count": 15,
            "created_time": "2025-02-24T18:11:40.100482Z",
            "yes_price": 6,
            "no_price": 94,
            "taker_side": "no"
        },
        {
            "trade_id": "aa94d2b0-3fcc-4857-a55b-6f0747cb0070",
            "ticker": "KXHIGHCHI-25FEB24-B52.5",
            "count": 50,
            "created_time": "2025-02-24T18:00:22.812776Z",
            "yes_price": 5,
            "no_price": 95,
            "taker_side": "yes"
        },
        {
            "trade_id": "3c1cfd3a-d66e-4e62-8731-c24d96e7d156",
            "ticker": "KXHIGHCHI-25FEB24-B52.5",
            "count": 8,
            "created_time": "2025-02-24T18:00:22.812776Z",
            "yes_price": 6,
            "no_price": 94,
            "taker_side": "yes"
        },
        {
            "trade_id": "3ab97bff-369e-497c-9f55-b9a868b6a7aa",
            "ticker": "KXHIGHCHI-25FEB24-B52.5",
            "count": 104,
            "created_time": "2025-02-24T18:00:22.812776Z",
            "yes_price": 6,
            "no_price": 94,
            "taker_side": "yes"
        },
        {
            "trade_id": "387acf28-08a0-46e6-a9bf-d633662fab5e",
            "ticker": "KXHIGHCHI-25FEB24-B52.5",
            "count": 71,
            "created_time": "2025-02-24T18:00:22.812776Z",
            "yes_price": 7,
            "no_price": 93,
            "taker_side": "yes"
        },
        {
            "trade_id": "eb329ea5-d44f-4e79-bd01-8561c91f974e",
            "ticker": "KXHIGHCHI-25FEB24-B52.5",
            "count": 46,
            "created_time": "2025-02-24T17:32:12.946614Z",
            "yes_price": 8,
            "no_price": 92,
            "taker_side": "no"
        },
        {
            "trade_id": "29aebb94-437d-491d-a3b1-eb01486809dc",
            "ticker": "KXHIGHCHI-25FEB24-B52.5",
            "count": 62,
            "created_time": "2025-02-24T17:32:12.946614Z",
            "yes_price": 8,
            "no_price": 92,
            "taker_side": "no"
        },
        {
            "trade_id": "d3179d74-3a62-4198-9dbf-85a9eb83a5af",
            "ticker": "KXHIGHCHI-25FEB24-B52.5",
            "count": 54,
            "created_time": "2025-02-24T17:30:11.571357Z",
            "yes_price": 8,
            "no_price": 92,
            "taker_side": "no"
        },
        {
            "trade_id": "dcf512e2-2dc4-49c8-8f07-7361de1d6ed9",
            "ticker": "KXHIGHCHI-25FEB24-B52.5",
            "count": 20,
            "created_time": "2025-02-24T17:15:55.638119Z",
            "yes_price": 10,
            "no_price": 90,
            "taker_side": "yes"
        },
        {
            "trade_id": "3a19ae8b-96df-43be-8867-70598528c661",
            "ticker": "KXHIGHCHI-25FEB24-B52.5",
            "count": 50,
            "created_time": "2025-02-24T17:11:38.695551Z",
            "yes_price": 8,
            "no_price": 92,
            "taker_side": "yes"
        },
        {
            "trade_id": "4fe12a11-401a-4ac1-9071-8b407ad9f6b9",
            "ticker": "KXHIGHCHI-25FEB24-B52.5",
            "count": 1,
            "created_time": "2025-02-24T16:59:26.82241Z",
            "yes_price": 6,
            "no_price": 94,
            "taker_side": "no"
        },
        {
            "trade_id": "888a1afb-0bb3-4687-bc4d-92b7d930102c",
            "ticker": "KXHIGHCHI-25FEB24-B52.5",
            "count": 2,
            "created_time": "2025-02-24T16:59:13.134705Z",
            "yes_price": 6,
            "no_price": 94,
            "taker_side": "no"
        },
        {
            "trade_id": "a3399006-a816-4bb0-9268-b652b72946ac",
            "ticker": "KXHIGHCHI-25FEB24-B52.5",
            "count": 214,
            "created_time": "2025-02-24T16:50:53.428797Z",
            "yes_price": 6,
            "no_price": 94,
