{
    "KXHIGHCHI-25JAN27-T43": [
        {
            "trade_id": "a777921d-74ff-47dd-8a1c-3c6a2893ab53",
            "ticker": "KXHIGHCHI-25JAN27-T43",
            "count": 84,
            "created_time": "2025-01-28T04:48:51.180533Z",
            "yes_price": 1,
            "no_price": 99,
            "taker_side": "yes"
        },
        {
            "trade_id": "b313ccfc-b033-4489-b681-b2c166c93b53",
            "ticker": "KXHIGHCHI-25JAN27-T43",
            "count": 374,
            "created_time": "2025-01-28T01:18:40.418199Z",
            "yes_price": 1,
            "no_price": 99,
            "taker_side": "yes"
        },
        {
            "trade_id": "d827f45c-b847-46e8-81a7-b6b2e7538df3",
            "ticker": "KXHIGHCHI-25JAN27-T43",
            "count": 39,
            "created_time": "2025-01-27T22:25:03.212591Z",
            "yes_price": 1,
            "no_price": 99,
            "taker_side": "yes"
        },
        {
            "trade_id": "fb3f7015-51b8-4ced-8992-3c4eb8e13a44",
            "ticker": "KXHIGHCHI-25JAN27-T43",
            "count": 500,
            "created_time": "2025-01-27T21:28:37.971448Z",
            "yes_price": 1,
            "no_price": 99,
            "taker_side": "yes"
        },
        {
            "trade_id": "ee7bdb04-7c76-42ab-be71-c0018b4cca2c",
            "ticker": "KXHIGHCHI-25JAN27-T43",
            "count": 3976,
            "created_time": "2025-01-27T21:28:37.971448Z",
            "yes_price": 1,
            "no_price": 99,
            "taker_side": "yes"
        },
        {
            "trade_id": "d56bcf21-0d7d-4776-a3df-600b4ebd9fed",
            "ticker": "KXHIGHCHI-25JAN27-T43",
            "count": 697,
            "created_time": "2025-01-27T21:28:37.971448Z",
            "yes_price": 1,
            "no_price": 99,
            "taker_side": "yes"
        },
        {
            "trade_id": "af226029-2a85-4b80-8f46-c02480140ca1",
            "ticker": "KXHIGHCHI-25JAN27-T43",
            "count": 2675,
            "created_time": "2025-01-27T21:28:37.971448Z",
            "yes_price": 1,
            "no_price": 99,
            "taker_side": "yes"
        },
        {
            "trade_id": "33ef43b1-d3dd-495f-8d1e-55d5ef59e7d7",
            "ticker": "KXHIGHCHI-25JAN27-T43",
            "count": 1500,
            "created_time": "2025-01-27T21:28:37.971448Z",
            "yes_price": 1,
            "no_price": 99,
            "taker_side": "yes"
        },
        {
            "trade_id": "e6e5022c-0c8e-4ec6-b97d-d1f895d47ec7",
            "ticker": "KXHIGHCHI-25JAN27-T43",
            "count": 169,
            "created_time": "2025-01-27T21:24:16.682382Z",
            "yes_price": 1,
            "no_price": 99,
            "taker_side": "yes"
        },
        {
            "trade_id": "5a2ebf5e-fc5d-4a86-9394-763bb44e2e30",
            "ticker": "KXHIGHCHI-25JAN27-T43",
            "count": 300,
            "created_time": "2025-01-27T21:18:46.657301Z",
            "yes_price": 1,
            "no_price": 99,
            "taker_side": "yes"
        },
        {
            "trade_id": "d19d866a-a9f1-483c-8866-b1e829245229",
            "ticker": "KXHIGHCHI-25JAN27-T43",
            "count": 93,
            "created_time": "2025-01-27T20:05:59.419613Z",
            "yes_price": 1,
            "no_price": 99,
            "taker_side": "yes"
        },
        {
            "trade_id": "44d835ac-c1fe-480f-b6c5-9a60be7d1e35",
            "ticker": "KXHIGHCHI-25JAN27-T43",
            "count": 50,
            "created_time": "2025-01-27T20:05:08.105554Z",
            "yes_price": 1,
            "no_price": 99,
            "taker_side": "yes"
        },
        {
            "trade_id": "b1866574-9599-4bb8-bf37-9f33c12406b4",
            "ticker": "KXHIGHCHI-25JAN27-T43",
            "count": 124,
            "created_time": "2025-01-27T20:01:34.675422Z",
            "yes_price": 1,
            "no_price": 99,
            "taker_side": "yes"
        },
        {
            "trade_id": "c8c0598f-8aad-431c-a898-d8b5c243926c",
            "ticker": "KXHIGHCHI-25JAN27-T43",
            "count": 50,
            "created_time": "2025-01-27T19:55:30.105891Z",
            "yes_price": 1,
            "no_price": 99,
            "taker_side": "no"
        },
        {
            "trade_id": "bb9dcd1b-8c20-42a6-aca7-80db2f543484",
            "ticker": "KXHIGHCHI-25JAN27-T43",
            "count": 359,
            "created_time": "2025-01-27T19:55:30.105891Z",
            "yes_price": 1,
            "no_price": 99,
            "taker_side": "no"
        },
        {
            "trade_id": "949d4523-f104-4366-9ea0-06b018f4a7a0",
            "ticker": "KXHIGHCHI-25JAN27-T43",
            "count": 150,
            "created_time": "2025-01-27T19:55:30.105891Z",
            "yes_price": 1,
            "no_price": 99,
            "taker_side": "no"
        },
        {
            "trade_id": "900faf03-da51-476a-9166-a230abf666f5",
            "ticker": "KXHIGHCHI-25JAN27-T43",
            "count": 10,
            "created_time": "2025-01-27T19:55:30.105891Z",
            "yes_price": 1,
            "no_price": 99,
            "taker_side": "no"
        },
        {
            "trade_id": "7b7e43f0-d1e3-4fba-a553-b4b4f18f7151",
            "ticker": "KXHIGHCHI-25JAN27-T43",
            "count": 100,
            "created_time": "2025-01-27T19:55:30.105891Z",
            "yes_price": 1,
            "no_price": 99,
            "taker_side": "no"
        },
        {
            "trade_id": "40662d78-ef2c-4738-986d-1da3a3a2832b",
            "ticker": "KXHIGHCHI-25JAN27-T43",
            "count": 865,
            "created_time": "2025-01-27T19:55:30.105891Z",
            "yes_price": 1,
            "no_price": 99,
            "taker_side": "no"
        },
        {
            "trade_id": "39ed22dc-123c-4ae2-b5fa-c7851041f706",
            "ticker": "KXHIGHCHI-25JAN27-T43",
            "count": 154,
            "created_time": "2025-01-27T19:55:30.105891Z",
            "yes_price": 1,
            "no_price": 99,
            "taker_side": "no"
        },
        {
            "trade_id": "1f35d205-362f-4a81-86fb-c43c52072f39",
            "ticker": "KXHIGHCHI-25JAN27-T43",
            "count": 800,
            "created_time": "2025-01-27T19:55:30.105891Z",
            "yes_price": 2,
            "no_price": 98,
            "taker_side": "no"
        },
        {
            "trade_id": "d4e97d41-7173-4f94-b28c-09a22ec3dd75",
            "ticker": "KXHIGHCHI-25JAN27-T43",
            "count": 169,
            "created_time": "2025-01-27T19:53:53.852439Z",
            "yes_price": 2,
            "no_price": 98,
            "taker_side": "no"
        },
        {
            "trade_id": "91c63d3c-da17-4961-84e5-91f05e7f3efb",
            "ticker": "KXHIGHCHI-25JAN27-T43",
            "count": 169,
            "created_time": "2025-01-27T19:53:36.675415Z",
            "yes_price": 3,
            "no_price": 97,
            "taker_side": "no"
        },
        {
            "trade_id": "64b239fa-2a67-4500-997f-0492dd991c22",
            "ticker": "KXHIGHCHI-25JAN27-T43",
            "count": 16,
            "created_time": "2025-01-27T19:52:27.217322Z",
            "yes_price": 5,
            "no_price": 95,
            "taker_side": "yes"
        },
        {
            "trade_id": "540235ee-7008-41b6-a7b1-1852856c785c",
            "ticker": "KXHIGHCHI-25JAN27-T43",
            "count": 500,
            "created_time": "2025-01-27T19:52:14.098554Z",
            "yes_price": 5,
            "no_price": 95,
            "taker_side": "yes"
        },
        {
            "trade_id": "7a4c4fca-7c43-477d-a901-a12cab6a769c",
            "ticker": "KXHIGHCHI-25JAN27-T43",
            "count": 8,
            "created_time": "2025-01-27T19:51:34.195005Z",
            "yes_price": 4,
            "no_price": 96,
            "taker_side": "yes"
        },
        {
            "trade_id": "64925d7c-06fc-4605-b13f-8fbf39e77c3d",
            "ticker": "KXHIGHCHI-25JAN27-T43",
            "count": 10,
            "created_time": "2025-01-27T19:51:34.195005Z",
            "yes_price": 5,
            "no_price": 95,
            "taker_side": "yes"
        },
        {
            "trade_id": "3cd26c88-c5cd-4be9-a1a2-dc845a977522",
            "ticker": "KXHIGHCHI-25JAN27-T43",
            "count": 4,
            "created_time": "2025-01-27T19:42:23.285743Z",
            "yes_price": 4,
            "no_price": 96,
            "taker_side": "yes"
        },
        {
            "trade_id": "0f3f366d-8a16-4f69-b323-0367ab821d23",
            "ticker": "KXHIGHCHI-25JAN27-T43",
            "count": 68,
            "created_time": "2025-01-27T19:42:23.285743Z",
            "yes_price": 5,
            "no_price": 95,
            "taker_side": "yes"
        },
        {
            "trade_id": "051be56c-8c76-4781-9f71-1bbc29b1f501",
            "ticker": "KXHIGHCHI-25JAN27-T43",
            "count": 16,
            "created_time": "2025-01-27T19:38:50.990523Z",
            "yes_price": 4,
            "no_price": 96,
            "taker_side": "yes"
        },
        {
            "trade_id": "e6a7c61c-dc74-4c3e-9c01-c80289d6f62d",
            "ticker": "KXHIGHCHI-25JAN27-T43",
            "count": 331,
            "created_time": "2025-01-27T19:35:04.207924Z",
            "yes_price": 2,
            "no_price": 98,
            "taker_side": "no"
        },
        {
            "trade_id": "ee215f53-3846-4a6b-9568-2c0c53584271",
            "ticker": "KXHIGHCHI-25JAN27-T43",
            "count": 50,
            "created_time": "2025-01-27T19:31:33.124396Z",
            "yes_price": 2,
            "no_price": 98,
            "taker_side": "no"
        },
        {
            "trade_id": "d62993af-24db-44aa-896a-58828cead490",
            "ticker": "KXHIGHCHI-25JAN27-T43",
            "count": 50,
            "created_time": "2025-01-27T19:31:33.124396Z",
            "yes_price": 2,
            "no_price": 98,
            "taker_side": "no"
        },
        {
            "trade_id": "b3d8b046-788e-463d-ae91-eced1fe5af2b",
            "ticker": "KXHIGHCHI-25JAN27-T43",
            "count": 77,
            "created_time": "2025-01-27T19:31:33.124396Z",
            "yes_price": 6,
            "no_price": 94,
            "taker_side": "no"
        },
        {
            "trade_id": "8a325a5a-2773-4472-8afa-189de357257f",
            "ticker": "KXHIGHCHI-25JAN27-T43",
            "count": 4948,
            "created_time": "2025-01-27T19:31:33.124396Z",
            "yes_price": 2,
            "no_price": 98,
            "taker_side": "no"
        },
        {
            "trade_id": "71b76077-977f-462f-89b6-30bb4bf3c3e2",
            "ticker": "KXHIGHCHI-25JAN27-T43",
            "count": 178,
            "created_time": "2025-01-27T19:31:33.124396Z",
            "yes_price": 3,
            "no_price": 97,
            "taker_side": "no"
        },
        {
            "trade_id": "4b193014-7495-4320-bfe3-927db6e57794",
            "ticker": "KXHIGHCHI-25JAN27-T43",
            "count": 77,
            "created_time": "2025-01-27T19:31:33.124396Z",
            "yes_price": 7,
            "no_price": 93,
            "taker_side": "no"
        },
        {
            "trade_id": "3aa75a2e-afe4-493d-beda-25c8e45417e4",
            "ticker": "KXHIGHCHI-25JAN27-T43",
            "count": 1,
            "created_time": "2025-01-27T19:31:33.124396Z",
            "yes_price": 2,
            "no_price": 98,
            "taker_side": "no"
        },
        {
            "trade_id": "077efe02-3c8b-4137-bf11-4d7ddf6b1b15",
            "ticker": "KXHIGHCHI-25JAN27-T43",
            "count": 111,
            "created_time": "2025-01-27T19:31:33.124396Z",
            "yes_price": 2,
            "no_price": 98,
            "taker_side": "no"
        },
        {
            "trade_id": "c29f6672-cfcf-48e6-b83d-df46dc64b73a",
            "ticker": "KXHIGHCHI-25JAN27-T43",
            "count": 75,
            "created_time": "2025-01-27T19:31:06.987744Z",
            "yes_price": 7,
            "no_price": 93,
            "taker_side": "no"
        },
        {
            "trade_id": "dc6aa261-76b7-44ec-a167-cd4c1c09fe83",
            "ticker": "KXHIGHCHI-25JAN27-T43",
            "count": 15,
            "created_time": "2025-01-27T19:24:41.654575Z",
            "yes_price": 8,
            "no_price": 92,
            "taker_side": "no"
        },
        {
            "trade_id": "d6e4b9e0-352c-41ce-9d9c-eaf221d22887",
            "ticker": "KXHIGHCHI-25JAN27-T43",
            "count": 189,
            "created_time": "2025-01-27T19:24:41.654575Z",
            "yes_price": 2,
            "no_price": 98,
            "taker_side": "no"
        },
        {
            "trade_id": "d333971f-d561-4568-abb3-3ab5336b1f81",
            "ticker": "KXHIGHCHI-25JAN27-T43",
            "count": 220,
            "created_time": "2025-01-27T19:24:41.654575Z",
            "yes_price": 7,
            "no_price": 93,
            "taker_side": "no"
        },
        {
            "trade_id": "7830fedc-f20c-425a-b069-e16a870cdb05",
            "ticker": "KXHIGHCHI-25JAN27-T43",
            "count": 50,
            "created_time": "2025-01-27T19:24:41.654575Z",
            "yes_price": 7,
            "no_price": 93,
            "taker_side": "no"
        },
        {
            "trade_id": "2602b0ec-e3aa-41e0-8c24-a640a79e823a",
            "ticker": "KXHIGHCHI-25JAN27-T43",
            "count": 50,
            "created_time": "2025-01-27T19:24:41.654575Z",
            "yes_price": 4,
            "no_price": 96,
            "taker_side": "no"
        },
        {
            "trade_id": "5f540c73-480f-4a1f-a064-c1f3c6aa233b",
            "ticker": "KXHIGHCHI-25JAN27-T43",
            "count": 19,
            "created_time": "2025-01-27T19:21:41.91785Z",
            "yes_price": 8,
            "no_price": 92,
            "taker_side": "no"
        },
        {
            "trade_id": "242da97a-fe48-4603-bd96-448054e43259",
            "ticker": "KXHIGHCHI-25JAN27-T43",
            "count": 58,
            "created_time": "2025-01-27T19:21:41.91785Z",
            "yes_price": 7,
            "no_price": 93,
            "taker_side": "no"
        },
        {
            "trade_id": "4ff08d7d-d926-465e-a236-af488b781b1c",
            "ticker": "KXHIGHCHI-25JAN27-T43",
            "count": 8,
            "created_time": "2025-01-27T19:21:27.127586Z",
            "yes_price": 11,
            "no_price": 89,
            "taker_side": "yes"
        },
        {
            "trade_id": "998fba3e-6a46-4142-8d1b-8ae8e348ac3b",
            "ticker": "KXHIGHCHI-25JAN27-T43",
            "count": 11,
            "created_time": "2025-01-27T19:08:22.303133Z",
            "yes_price": 13,
            "no_price": 87,
            "taker_side": "yes"
        },
        {
            "trade_id": "0e96c059-d335-4e9c-ae35-d7c463a6dacd",
            "ticker": "KXHIGHCHI-25JAN27-T43",
            "count": 9,
            "created_time": "2025-01-27T19:08:22.303133Z",
            "yes_price": 14,
            "no_price": 86,
            "taker_side": "yes"
        },
        {
            "trade_id": "175c9452-a83d-48f7-9172-24189888d1f5",
            "ticker": "KXHIGHCHI-25JAN27-T43",
            "count": 145,
            "created_time": "2025-01-27T19:05:58.59061Z",
            "yes_price": 16,
            "no_price": 84,
            "taker_side": "yes"
        },
        {
            "trade_id": "e522080b-31a0-411c-a74a-971e85f30ae5",
            "ticker": "KXHIGHCHI-25JAN27-T43",
            "count": 1,
            "created_time": "2025-01-27T19:02:52.269207Z",
            "yes_price": 20,
            "no_price": 80,
            "taker_side": "yes"
        },
        {
            "trade_id": "c57d7a96-8746-4121-93de-66b39dcecaed",
            "ticker": "KXHIGHCHI-25JAN27-T43",
            "count": 10,
            "created_time": "2025-01-27T19:02:52.269207Z",
            "yes_price": 20,
            "no_price": 80,
            "taker_side": "yes"
        },
        {
            "trade_id": "72de1671-ff01-4742-9352-295a8236cc69",
            "ticker": "KXHIGHCHI-25JAN27-T43",
            "count": 50,
            "created_time": "2025-01-27T19:02:52.269207Z",
            "yes_price": 21,
            "no_price": 79,
            "taker_side": "yes"
        },
        {
            "trade_id": "2d2bb3cc-1596-4e2c-a66d-f45762e7c1ea",
            "ticker": "KXHIGHCHI-25JAN27-T43",
            "count": 8,
            "created_time": "2025-01-27T19:02:52.269207Z",
            "yes_price": 18,
            "no_price": 82,
            "taker_side": "yes"
        },
        {
            "trade_id": "07028f98-dcfb-4808-ae4f-0201f1f267c7",
            "ticker": "KXHIGHCHI-25JAN27-T43",
            "count": 8,
            "created_time": "2025-01-27T19:02:52.269207Z",
            "yes_price": 19,
            "no_price": 81,
            "taker_side": "yes"
        },
        {
            "trade_id": "0e54a3e6-3e3d-4ed1-937f-c348ee2a8b01",
            "ticker": "KXHIGHCHI-25JAN27-T43",
            "count": 1,
            "created_time": "2025-01-27T19:00:41.469713Z",
            "yes_price": 20,
            "no_price": 80,
            "taker_side": "yes"
        },
        {
            "trade_id": "a581aa72-c2b3-4ae7-89dc-50b8061f8b1d",
            "ticker": "KXHIGHCHI-25JAN27-T43",
            "count": 100,
            "created_time": "2025-01-27T18:58:55.168025Z",
            "yes_price": 7,
            "no_price": 93,
            "taker_side": "no"
        },
        {
            "trade_id": "e72a1666-d402-4c7f-b249-cb076aff307c",
            "ticker": "KXHIGHCHI-25JAN27-T43",
            "count": 31,
            "created_time": "2025-01-27T18:57:34.629552Z",
            "yes_price": 14,
            "no_price": 86,
            "taker_side": "no"
        },
        {
            "trade_id": "cc05e5c0-a1ba-4f3c-8d9b-14620fe65540",
            "ticker": "KXHIGHCHI-25JAN27-T43",
            "count": 50,
            "created_time": "2025-01-27T18:57:34.629552Z",
            "yes_price": 10,
            "no_price": 90,
            "taker_side": "no"
        },
        {
            "trade_id": "699c7862-980e-4a01-85ee-5b102bf1ca73",
            "ticker": "KXHIGHCHI-25JAN27-T43",
            "count": 622,
            "created_time": "2025-01-27T18:57:34.629552Z",
            "yes_price": 7,
            "no_price": 93,
            "taker_side": "no"
        },
        {
            "trade_id": "5af476f6-f8a2-47c9-8fff-a8d27bf03093",
            "ticker": "KXHIGHCHI-25JAN27-T43",
            "count": 200,
            "created_time": "2025-01-27T18:57:34.629552Z",
            "yes_price": 12,
            "no_price": 88,
            "taker_side": "no"
        },
        {
            "trade_id": "919f20ea-9a7c-47dc-9b1d-3809bc3d6faa",
            "ticker": "KXHIGHCHI-25JAN27-T43",
            "count": 4,
            "created_time": "2025-01-27T18:54:53.180701Z",
            "yes_price": 24,
            "no_price": 76,
            "taker_side": "yes"
        },
        {
            "trade_id": "6c40f0f2-b243-4355-b50b-64432e473d32",
            "ticker": "KXHIGHCHI-25JAN27-T43",
            "count": 30,
            "created_time": "2025-01-27T18:54:53.180701Z",
            "yes_price": 25,
            "no_price": 75,
            "taker_side": "yes"
        },
        {
            "trade_id": "53e9d0d3-f372-4975-9ce0-7f4c7c1f2857",
            "ticker": "KXHIGHCHI-25JAN27-T43",
            "count": 66,
            "created_time": "2025-01-27T18:54:53.180701Z",
            "yes_price": 26,
            "no_price": 74,
            "taker_side": "yes"
        },
        {
            "trade_id": "bf3b5d25-9f86-4def-9b7a-882b664cdf44",
            "ticker": "KXHIGHCHI-25JAN27-T43",
            "count": 20,
            "created_time": "2025-01-27T18:54:30.523048Z",
            "yes_price": 23,
            "no_price": 77,
            "taker_side": "yes"
        },
        {
            "trade_id": "e604cbe1-5a1a-4fc2-8a42-a9f9d71a0a21",
            "ticker": "KXHIGHCHI-25JAN27-T43",
            "count": 13,
            "created_time": "2025-01-27T18:53:58.360454Z",
            "yes_price": 23,
            "no_price": 77,
            "taker_side": "yes"
        },
        {
            "trade_id": "635f506f-fc68-4a90-b239-2a6c01e14f2e",
            "ticker": "KXHIGHCHI-25JAN27-T43",
            "count": 26,
            "created_time": "2025-01-27T18:53:58.360454Z",
            "yes_price": 23,
            "no_price": 77,
            "taker_side": "yes"
        },
        {
            "trade_id": "5073616a-0304-48d2-96c5-36092f98af0b",
            "ticker": "KXHIGHCHI-25JAN27-T43",
            "count": 2,
            "created_time": "2025-01-27T18:53:58.360454Z",
            "yes_price": 24,
            "no_price": 76,
            "taker_side": "yes"
        },
        {
            "trade_id": "fab28d9d-91f6-41b9-939c-7127ea2ba149",
            "ticker": "KXHIGHCHI-25JAN27-T43",
            "count": 25,
            "created_time": "2025-01-27T18:52:44.567744Z",
            "yes_price": 11,
            "no_price": 89,
            "taker_side": "no"
        },
        {
            "trade_id": "dbdc0e72-dd86-4a4c-8c58-fdfc76f5314f",
            "ticker": "KXHIGHCHI-25JAN27-T43",
            "count": 2,
            "created_time": "2025-01-27T18:52:44.567744Z",
            "yes_price": 12,
            "no_price": 88,
            "taker_side": "no"
        },
        {
            "trade_id": "8e256c81-a807-478e-a429-acfeac654236",
            "ticker": "KXHIGHCHI-25JAN27-T43",
            "count": 10,
            "created_time": "2025-01-27T18:51:25.868847Z",
            "yes_price": 19,
            "no_price": 81,
            "taker_side": "no"
        },
        {
            "trade_id": "761601f9-363e-4739-8873-79c663be2e7d",
            "ticker": "KXHIGHCHI-25JAN27-T43",
            "count": 10,
            "created_time": "2025-01-27T18:51:25.868847Z",
            "yes_price": 18,
            "no_price": 82,
            "taker_side": "no"
        },
        {
            "trade_id": "56ae7a61-0326-4e93-b145-4a66b0ae5fd0",
            "ticker": "KXHIGHCHI-25JAN27-T43",
            "count": 14,
            "created_time": "2025-01-27T18:42:22.298445Z",
            "yes_price": 23,
            "no_price": 77,
            "taker_side": "yes"
        },
        {
            "trade_id": "21e5448a-1b6d-4d7b-821f-091c19c946ce",
            "ticker": "KXHIGHCHI-25JAN27-T43",
            "count": 1,
            "created_time": "2025-01-27T18:42:22.298445Z",
            "yes_price": 22,
            "no_price": 78,
            "taker_side": "yes"
        },
        {
            "trade_id": "021668d7-129c-47bc-8e97-2715d92fa172",
            "ticker": "KXHIGHCHI-25JAN27-T43",
            "count": 5,
            "created_time": "2025-01-27T18:42:22.298445Z",
            "yes_price": 25,
            "no_price": 75,
            "taker_side": "yes"
        },
        {
            "trade_id": "f1c1663b-ddaf-408d-bc40-35dc921ebebf",
            "ticker": "KXHIGHCHI-25JAN27-T43",
            "count": 1,
            "created_time": "2025-01-27T18:39:35.70013Z",
            "yes_price": 22,
            "no_price": 78,
            "taker_side": "yes"
        },
        {
            "trade_id": "eb5dc0dd-4aca-4af4-9638-f53af7c00bb9",
            "ticker": "KXHIGHCHI-25JAN27-T43",
            "count": 21,
            "created_time": "2025-01-27T18:39:35.70013Z",
            "yes_price": 23,
            "no_price": 77,
            "taker_side": "yes"
        },
        {
            "trade_id": "c02adc56-3be8-444a-aecd-b61a39f1823b",
            "ticker": "KXHIGHCHI-25JAN27-T43",
            "count": 9,
            "created_time": "2025-01-27T18:39:35.70013Z",
            "yes_price": 20,
            "no_price": 80,
            "taker_side": "yes"
        },
        {
            "trade_id": "7db1a104-9692-4e24-a25b-76abacfa83e5",
            "ticker": "KXHIGHCHI-25JAN27-T43",
            "count": 3,
            "created_time": "2025-01-27T18:39:35.70013Z",
            "yes_price": 22,
            "no_price": 78,
            "taker_side": "yes"
        },
        {
            "trade_id": "34c81230-18fe-4655-bd5d-b05c91893bfd",
            "ticker": "KXHIGHCHI-25JAN27-T43",
            "count": 9,
            "created_time": "2025-01-27T18:39:35.70013Z",
            "yes_price": 21,
            "no_price": 79,
            "taker_side": "yes"
        },
        {
            "trade_id": "ece535f8-df99-452d-bfd7-f834431eecc2",
            "ticker": "KXHIGHCHI-25JAN27-T43",
            "count": 6,
            "created_time": "2025-01-27T18:33:24.733986Z",
            "yes_price": 18,
            "no_price": 82,
            "taker_side": "yes"
        },
        {
            "trade_id": "191af1b4-d5fc-4b3c-be08-362ad18be83b",
            "ticker": "KXHIGHCHI-25JAN27-T43",
            "count": 1,
            "created_time": "2025-01-27T18:24:37.500316Z",
            "yes_price": 16,
            "no_price": 84,
            "taker_side": "no"
        },
        {
            "trade_id": "d3b7c77d-a180-48e2-b990-361d09e89f7c",
            "ticker": "KXHIGHCHI-25JAN27-T43",
            "count": 15,
            "created_time": "2025-01-27T18:20:03.5152Z",
            "yes_price": 18,
            "no_price": 82,
            "taker_side": "no"
        },
        {
            "trade_id": "c3f6b265-c0d5-44f8-bc55-eeb825a6f3fc",
            "ticker": "KXHIGHCHI-25JAN27-T43",
            "count": 5,
            "created_time": "2025-01-27T18:20:03.5152Z",
            "yes_price": 18,
            "no_price": 82,
            "taker_side": "no"
        },
        {
            "trade_id": "3cb79589-5d8a-41f5-97d5-869926d2accc",
            "ticker": "KXHIGHCHI-25JAN27-T43",
            "count": 1,
            "created_time": "2025-01-27T18:20:03.5152Z",
            "yes_price": 13,
            "no_price": 87,
            "taker_side": "no"
        },
        {
            "trade_id": "d631e11c-fbf4-4002-9176-73907dbf36f6",
            "ticker": "KXHIGHCHI-25JAN27-T43",
            "count": 14,
            "created_time": "2025-01-27T18:15:03.538287Z",
            "yes_price": 24,
            "no_price": 76,
            "taker_side": "yes"
        },
        {
            "trade_id": "a8bc44f5-b4f8-444a-96e1-00f7d2333498",
            "ticker": "KXHIGHCHI-25JAN27-T43",
            "count": 98,
            "created_time": "2025-01-27T18:15:03.538287Z",
            "yes_price": 25,
            "no_price": 75,
            "taker_side": "yes"
        },
        {
            "trade_id": "b32c86a7-f933-45dd-9943-ad493f35ea43",
            "ticker": "KXHIGHCHI-25JAN27-T43",
            "count": 1,
            "created_time": "2025-01-27T18:14:43.852171Z",
            "yes_price": 18,
            "no_price": 82,
            "taker_side": "no"
        },
        {
            "trade_id": "91e5af72-33d0-4498-94c4-08b1a2334628",
            "ticker": "KXHIGHCHI-25JAN27-T43",
            "count": 35,
            "created_time": "2025-01-27T17:43:30.884857Z",
            "yes_price": 24,
            "no_price": 76,
            "taker_side": "yes"
        },
        {
            "trade_id": "2ad6340e-8436-46f6-955d-f34b5c1b87d7",
            "ticker": "KXHIGHCHI-25JAN27-T43",
            "count": 6,
            "created_time": "2025-01-27T17:43:30.884857Z",
            "yes_price": 31,
            "no_price": 69,
            "taker_side": "yes"
        },
        {
            "trade_id": "15319ffb-a396-406b-9c6a-c85e1aa039f4",
            "ticker": "KXHIGHCHI-25JAN27-T43",
            "count": 101,
            "created_time": "2025-01-27T17:36:21.909577Z",
            "yes_price": 11,
            "no_price": 89,
            "taker_side": "no"
        },
        {
            "trade_id": "02994868-b052-47f2-88c4-12c309820ba3",
            "ticker": "KXHIGHCHI-25JAN27-T43",
            "count": 240,
            "created_time": "2025-01-27T17:28:27.856252Z",
            "yes_price": 13,
            "no_price": 87,
            "taker_side": "no"
        },
        {
            "trade_id": "eb894c73-d8f2-4734-9873-d671efd17f24",
            "ticker": "KXHIGHCHI-25JAN27-T43",
            "count": 652,
            "created_time": "2025-01-27T17:24:15.031359Z",
            "yes_price": 13,
            "no_price": 87,
            "taker_side": "no"
        },
        {
            "trade_id": "84884f50-3f54-4cb3-b172-dede3cbbcf31",
            "ticker": "KXHIGHCHI-25JAN27-T43",
            "count": 13,
            "created_time": "2025-01-27T17:24:15.031359Z",
            "yes_price": 15,
            "no_price": 85,
            "taker_side": "no"
        },
        {
            "trade_id": "3aabdc3b-dbb8-460c-8acf-4aed0d6bca48",
            "ticker": "KXHIGHCHI-25JAN27-T43",
            "count": 200,
            "created_time": "2025-01-27T17:24:15.031359Z",
            "yes_price": 16,
            "no_price": 84,
            "taker_side": "no"
        },
        {
            "trade_id": "c792dfa2-fa59-4236-95ea-5734cf5b63ef",
            "ticker": "KXHIGHCHI-25JAN27-T43",
            "count": 10,
            "created_time": "2025-01-27T17:01:22.54696Z",
            "yes_price": 30,
            "no_price": 70,
            "taker_side": "no"
        },
        {
            "trade_id": "668cf9ab-2432-40b0-b280-d223d244c1e4",
            "ticker": "KXHIGHCHI-25JAN27-T43",
            "count": 14,
            "created_time": "2025-01-27T16:51:12.061601Z",
            "yes_price": 40,
            "no_price": 60,
            "taker_side": "yes"
        },
        {
            "trade_id": "f5149922-63de-4223-bc98-d0dcc651188b",
            "ticker": "KXHIGHCHI-25JAN27-T43",
            "count": 7,
            "created_time": "2025-01-27T16:50:49.077435Z",
            "yes_price": 40,
            "no_price": 60,
            "taker_side": "yes"
        },
        {
            "trade_id": "f5ae8735-7828-43a3-8c3e-510c28dc7d00",
            "ticker": "KXHIGHCHI-25JAN27-T43",
            "count": 10,
            "created_time": "2025-01-27T16:28:40.925966Z",
            "yes_price": 45,
            "no_price": 55,
            "taker_side": "yes"
        },
        {
            "trade_id": "062742ec-1f69-40a4-9847-2017f0c44572",
            "ticker": "KXHIGHCHI-25JAN27-T43",
            "count": 20,
            "created_time": "2025-01-27T16:26:23.380401Z",
            "yes_price": 41,
            "no_price": 59,
            "taker_side": "yes"
        },
        {
            "trade_id": "ff19a0a9-c769-498a-86ee-6b4afb680b32",
            "ticker": "KXHIGHCHI-25JAN27-T43",
            "count": 1,
            "created_time": "2025-01-27T16:11:09.463066Z",
            "yes_price": 40,
            "no_price": 60,
            "taker_side": "yes"
        },
        {
            "trade_id": "f00c9a42-ecaa-468d-b143-6a4ec29254bb",
            "ticker": "KXHIGHCHI-25JAN27-T43",
            "count": 1,
            "created_time": "2025-01-27T16:11:09.463066Z",
            "yes_price": 40,
            "no_price": 60,
            "taker_side": "yes"
        },
        {
            "trade_id": "c094a9eb-9305-49b2-8931-9209d9578065",
            "ticker": "KXHIGHCHI-25JAN27-T43",
            "count": 1,
            "created_time": "2025-01-27T16:11:09.463066Z",
            "yes_price": 40,
            "no_price": 60,
            "taker_side": "yes"
        },
        {
            "trade_id": "bccca7dc-456d-4446-a974-2f401178927b",
            "ticker": "KXHIGHCHI-25JAN27-T43",
            "count": 1,
            "created_time": "2025-01-27T16:11:09.463066Z",
            "yes_price": 40,
            "no_price": 60,
            "taker_side": "yes"
        },
        {
            "trade_id": "93439030-c644-4486-b76c-9c023ec35b24",
            "ticker": "KXHIGHCHI-25JAN27-T43",
            "count": 10,
            "created_time": "2025-01-27T16:11:09.463066Z",
            "yes_price": 40,
            "no_price": 60,
            "taker_side": "yes"
        },
        {
            "trade_id": "8a493303-d9fe-4c24-9517-3db8a7e8aacf",
            "ticker": "KXHIGHCHI-25JAN27-T43",
            "count": 29,
            "created_time": "2025-01-27T16:11:09.463066Z",
            "yes_price": 45,
            "no_price": 55,
            "taker_side": "yes"
        },
        {
            "trade_id": "71ea6722-e686-4f22-a10c-ed68ba858d81",
            "ticker": "KXHIGHCHI-25JAN27-T43",
            "count": 1,
            "created_time": "2025-01-27T16:11:09.463066Z",
            "yes_price": 40,
            "no_price": 60,
            "taker_side": "yes"
        },
        {
            "trade_id": "6123646f-d18d-4c9f-9a8d-c0a78d314e50",
            "ticker": "KXHIGHCHI-25JAN27-T43",
            "count": 19,
            "created_time": "2025-01-27T16:11:09.463066Z",
            "yes_price": 39,
            "no_price": 61,
            "taker_side": "yes"
        },
        {
            "trade_id": "4fb674fa-a2a6-4d4b-9ea1-2154a1eeabb2",
            "ticker": "KXHIGHCHI-25JAN27-T43",
            "count": 50,
            "created_time": "2025-01-27T16:11:09.463066Z",
            "yes_price": 39,
            "no_price": 61,
            "taker_side": "yes"
        },
        {
            "trade_id": "49f67725-c332-4988-a44c-66e1800e525e",
            "ticker": "KXHIGHCHI-25JAN27-T43",
            "count": 1,
            "created_time": "2025-01-27T16:11:09.463066Z",
            "yes_price": 40,
            "no_price": 60,
            "taker_side": "yes"
        },
        {
            "trade_id": "35a1fb17-f041-4881-a4aa-511581a10b9e",
            "ticker": "KXHIGHCHI-25JAN27-T43",
            "count": 1,
            "created_time": "2025-01-27T16:11:09.463066Z",
            "yes_price": 40,
            "no_price": 60,
            "taker_side": "yes"
        },
        {
            "trade_id": "2f0118c9-4d58-45f3-998e-90629bbac878",
            "ticker": "KXHIGHCHI-25JAN27-T43",
            "count": 1,
            "created_time": "2025-01-27T16:11:09.463066Z",
            "yes_price": 40,
            "no_price": 60,
            "taker_side": "yes"
        },
        {
            "trade_id": "2a6e9399-6bd7-4536-8805-1e287102ab1f",
            "ticker": "KXHIGHCHI-25JAN27-T43",
            "count": 1,
            "created_time": "2025-01-27T16:11:09.463066Z",
            "yes_price": 40,
            "no_price": 60,
            "taker_side": "yes"
        },
        {
            "trade_id": "262dd873-78c7-47f9-b015-6d2d75dcf197",
            "ticker": "KXHIGHCHI-25JAN27-T43",
            "count": 1,
            "created_time": "2025-01-27T16:11:09.463066Z",
            "yes_price": 40,
            "no_price": 60,
            "taker_side": "yes"
        },
        {
            "trade_id": "f607c0c5-aab9-4942-bdc9-03de00083ff7",
            "ticker": "KXHIGHCHI-25JAN27-T43",
            "count": 50,
            "created_time": "2025-01-27T16:08:02.65881Z",
            "yes_price": 38,
            "no_price": 62,
            "taker_side": "yes"
        },
        {
            "trade_id": "e5fb4cc1-f71f-4fdd-b3ee-798a5423b411",
            "ticker": "KXHIGHCHI-25JAN27-T43",
            "count": 10,
            "created_time": "2025-01-27T16:08:02.65881Z",
            "yes_price": 38,
            "no_price": 62,
            "taker_side": "yes"
        },
        {
            "trade_id": "d84c5468-eeb9-4baf-bb35-c7c7a4d54270",
            "ticker": "KXHIGHCHI-25JAN27-T43",
            "count": 1,
            "created_time": "2025-01-27T16:08:02.65881Z",
            "yes_price": 38,
            "no_price": 62,
            "taker_side": "yes"
        },
        {
            "trade_id": "c6c2dc29-2407-4f96-9aff-9ddb1c6ffcb7",
            "ticker": "KXHIGHCHI-25JAN27-T43",
            "count": 1,
            "created_time": "2025-01-27T16:08:02.65881Z",
            "yes_price": 38,
            "no_price": 62,
            "taker_side": "yes"
        },
        {
            "trade_id": "bc8d56e8-1929-40ee-a97a-ae385f328fbc",
            "ticker": "KXHIGHCHI-25JAN27-T43",
            "count": 1,
            "created_time": "2025-01-27T16:08:02.65881Z",
            "yes_price": 38,
            "no_price": 62,
            "taker_side": "yes"
        },
        {
            "trade_id": "b181eabf-0fe3-45fc-b166-938058587f02",
            "ticker": "KXHIGHCHI-25JAN27-T43",
            "count": 1,
            "created_time": "2025-01-27T16:08:02.65881Z",
            "yes_price": 38,
            "no_price": 62,
            "taker_side": "yes"
        },
        {
            "trade_id": "afdc4f84-9533-466b-871f-8182c9f91d81",
            "ticker": "KXHIGHCHI-25JAN27-T43",
            "count": 1,
            "created_time": "2025-01-27T16:08:02.65881Z",
            "yes_price": 38,
            "no_price": 62,
            "taker_side": "yes"
        },
        {
            "trade_id": "ac7157e2-3ac8-443d-9572-51f0556403c4",
            "ticker": "KXHIGHCHI-25JAN27-T43",
            "count": 1,
            "created_time": "2025-01-27T16:08:02.65881Z",
            "yes_price": 38,
            "no_price": 62,
            "taker_side": "yes"
        },
        {
            "trade_id": "a1b10a46-0797-4280-b0df-9fb55c03bb26",
            "ticker": "KXHIGHCHI-25JAN27-T43",
            "count": 1,
            "created_time": "2025-01-27T16:08:02.65881Z",
            "yes_price": 38,
            "no_price": 62,
            "taker_side": "yes"
        },
        {
            "trade_id": "9915f3e9-0485-4c79-b3a3-2a9bc40bf16b",
            "ticker": "KXHIGHCHI-25JAN27-T43",
            "count": 1,
            "created_time": "2025-01-27T16:08:02.65881Z",
            "yes_price": 38,
            "no_price": 62,
            "taker_side": "yes"
        },
        {
            "trade_id": "5f9dff7a-de63-4d74-b214-c3860e82aae9",
            "ticker": "KXHIGHCHI-25JAN27-T43",
            "count": 1,
            "created_time": "2025-01-27T16:08:02.65881Z",
            "yes_price": 38,
            "no_price": 62,
            "taker_side": "yes"
        },
        {
            "trade_id": "3fb76f21-b474-4fe5-a4a4-e5dd9aed4b74",
            "ticker": "KXHIGHCHI-25JAN27-T43",
            "count": 1,
            "created_time": "2025-01-27T16:08:02.65881Z",
            "yes_price": 38,
            "no_price": 62,
            "taker_side": "yes"
        },
        {
            "trade_id": "b60692db-b5b7-4622-9de4-5bfc114a1cce",
            "ticker": "KXHIGHCHI-25JAN27-T43",
            "count": 50,
            "created_time": "2025-01-27T16:05:08.45915Z",
            "yes_price": 36,
            "no_price": 64,
            "taker_side": "yes"
        },
        {
            "trade_id": "7f553a45-74c2-44de-862e-bf37dd118e27",
            "ticker": "KXHIGHCHI-25JAN27-T43",
            "count": 18,
            "created_time": "2025-01-27T16:05:08.45915Z",
            "yes_price": 37,
            "no_price": 63,
            "taker_side": "yes"
        },
        {
            "trade_id": "1aac55a1-b011-4441-adab-3fdfad3b94ad",
            "ticker": "KXHIGHCHI-25JAN27-T43",
            "count": 82,
            "created_time": "2025-01-27T16:05:08.45915Z",
            "yes_price": 37,
            "no_price": 63,
            "taker_side": "yes"
        },
        {
            "trade_id": "1880c1af-d2cb-4576-83d2-32f5b3f3afea",
            "ticker": "KXHIGHCHI-25JAN27-T43",
            "count": 36,
            "created_time": "2025-01-27T15:52:04.983684Z",
            "yes_price": 34,
            "no_price": 66,
            "taker_side": "no"
        },
        {
            "trade_id": "cbffd5d1-17de-422d-ada5-423195b5976f",
            "ticker": "KXHIGHCHI-25JAN27-T43",
            "count": 37,
            "created_time": "2025-01-27T15:51:40.025327Z",
            "yes_price": 35,
            "no_price": 65,
            "taker_side": "no"
        },
        {
            "trade_id": "b27ee4bb-57ca-4f53-9868-f8eae7af94eb",
            "ticker": "KXHIGHCHI-25JAN27-T43",
            "count": 92,
            "created_time": "2025-01-27T15:51:27.203485Z",
            "yes_price": 36,
            "no_price": 64,
            "taker_side": "no"
        },
        {
            "trade_id": "f63b0873-1ed0-4c9b-8b51-996ea72fe1e1",
            "ticker": "KXHIGHCHI-25JAN27-T43",
            "count": 26,
            "created_time": "2025-01-27T15:50:56.281566Z",
            "yes_price": 31,
            "no_price": 69,
            "taker_side": "no"
        },
        {
            "trade_id": "f521d77a-db7e-47f5-b76b-e6086ab6e6c1",
            "ticker": "KXHIGHCHI-25JAN27-T43",
            "count": 240,
            "created_time": "2025-01-27T15:50:48.762054Z",
            "yes_price": 34,
            "no_price": 66,
            "taker_side": "no"
        },
        {
            "trade_id": "d7068359-299a-45bc-8e6f-55b1128671b5",
            "ticker": "KXHIGHCHI-25JAN27-T43",
            "count": 70,
            "created_time": "2025-01-27T15:50:48.762054Z",
            "yes_price": 36,
            "no_price": 64,
            "taker_side": "no"
        },
        {
            "trade_id": "ae39f9bd-f8b1-4f8c-91d2-1f161e4399ec",
            "ticker": "KXHIGHCHI-25JAN27-T43",
            "count": 1,
            "created_time": "2025-01-27T15:50:48.762054Z",
            "yes_price": 36,
            "no_price": 64,
            "taker_side": "no"
        },
        {
            "trade_id": "764a4ce4-3920-4e43-a9c7-78e26c42c2c5",
            "ticker": "KXHIGHCHI-25JAN27-T43",
            "count": 17,
            "created_time": "2025-01-27T15:50:48.762054Z",
            "yes_price": 36,
            "no_price": 64,
            "taker_side": "no"
        },
        {
            "trade_id": "4560f9ed-4f18-43cf-bed2-84be460d9ee9",
            "ticker": "KXHIGHCHI-25JAN27-T43",
            "count": 240,
            "created_time": "2025-01-27T15:50:48.762054Z",
            "yes_price": 32,
            "no_price": 68,
            "taker_side": "no"
        },
        {
            "trade_id": "8b98d276-d543-468f-80f2-129ef44b6bd7",
            "ticker": "KXHIGHCHI-25JAN27-T43",
            "count": 25,
            "created_time": "2025-01-27T15:37:16.515904Z",
            "yes_price": 36,
            "no_price": 64,
            "taker_side": "no"
        },
        {
            "trade_id": "47279607-78d1-4e8e-b85c-dc2147fd3e3e",
            "ticker": "KXHIGHCHI-25JAN27-T43",
            "count": 44,
            "created_time": "2025-01-27T15:32:12.596447Z",
            "yes_price": 37,
            "no_price": 63,
            "taker_side": "yes"
        },
        {
            "trade_id": "1c937627-516f-4e0a-bc6d-26a33fb5caef",
            "ticker": "KXHIGHCHI-25JAN27-T43",
            "count": 6,
            "created_time": "2025-01-27T15:31:50.457054Z",
            "yes_price": 36,
            "no_price": 64,
            "taker_side": "no"
        },
        {
            "trade_id": "3fb27418-fdf9-442a-a822-1f18f0c15d4d",
            "ticker": "KXHIGHCHI-25JAN27-T43",
            "count": 16,
            "created_time": "2025-01-27T15:30:51.457612Z",
            "yes_price": 35,
            "no_price": 65,
            "taker_side": "no"
        },
        {
            "trade_id": "e0aedf2e-c0a0-48e8-8e73-bcad9dd38b40",
            "ticker": "KXHIGHCHI-25JAN27-T43",
            "count": 74,
            "created_time": "2025-01-27T15:30:49.867979Z",
            "yes_price": 37,
            "no_price": 63,
            "taker_side": "yes"
        },
        {
            "trade_id": "73a7f393-57e0-41b9-bcb5-477d70c396d5",
            "ticker": "KXHIGHCHI-25JAN27-T43",
            "count": 31,
            "created_time": "2025-01-27T15:30:49.867979Z",
            "yes_price": 37,
            "no_price": 63,
            "taker_side": "yes"
        },
        {
            "trade_id": "c8f88d59-ce06-4070-b30c-81b39a592fae",
            "ticker": "KXHIGHCHI-25JAN27-T43",
            "count": 26,
            "created_time": "2025-01-27T15:30:39.460712Z",
            "yes_price": 29,
            "no_price": 71,
            "taker_side": "no"
        },
        {
            "trade_id": "fb7b6c15-3de6-4957-b23a-5685cb2988e2",
            "ticker": "KXHIGHCHI-25JAN27-T43",
            "count": 30,
            "created_time": "2025-01-27T15:27:25.94764Z",
            "yes_price": 35,
            "no_price": 65,
            "taker_side": "no"
        },
        {
            "trade_id": "8e453b1b-6045-4e71-9e76-0752c647cad5",
            "ticker": "KXHIGHCHI-25JAN27-T43",
            "count": 16,
            "created_time": "2025-01-27T15:27:25.719313Z",
            "yes_price": 29,
            "no_price": 71,
            "taker_side": "yes"
        },
        {
            "trade_id": "157d3e3f-d61c-474b-8af3-ca81ada9f7c3",
            "ticker": "KXHIGHCHI-25JAN27-T43",
            "count": 33,
            "created_time": "2025-01-27T15:27:25.719313Z",
            "yes_price": 27,
            "no_price": 73,
            "taker_side": "yes"
        },
        {
            "trade_id": "6da38cee-4dbf-4d13-b68f-ead65a3e54e8",
            "ticker": "KXHIGHCHI-25JAN27-T43",
            "count": 17,
            "created_time": "2025-01-27T15:05:32.255086Z",
            "yes_price": 27,
            "no_price": 73,
            "taker_side": "yes"
        },
        {
            "trade_id": "77d2c634-8717-45da-8976-ed361720e818",
            "ticker": "KXHIGHCHI-25JAN27-T43",
            "count": 1,
            "created_time": "2025-01-27T15:00:20.76916Z",
            "yes_price": 26,
            "no_price": 74,
            "taker_side": "yes"
        },
        {
            "trade_id": "67723888-af0e-496c-adcf-f5d5fe2c4914",
            "ticker": "KXHIGHCHI-25JAN27-T43",
            "count": 10,
            "created_time": "2025-01-27T14:49:37.812181Z",
            "yes_price": 27,
            "no_price": 73,
            "taker_side": "yes"
        },
        {
            "trade_id": "ced1632f-a677-4842-b8c3-6dec922b7b55",
            "ticker": "KXHIGHCHI-25JAN27-T43",
            "count": 121,
            "created_time": "2025-01-27T14:49:26.514293Z",
            "yes_price": 27,
            "no_price": 73,
            "taker_side": "yes"
        },
        {
            "trade_id": "3aa8b4df-4164-4e1c-b2e3-ed28a7d5a903",
            "ticker": "KXHIGHCHI-25JAN27-T43",
            "count": 20,
            "created_time": "2025-01-27T14:49:26.514293Z",
            "yes_price": 26,
            "no_price": 74,
            "taker_side": "yes"
        },
        {
            "trade_id": "634e2742-3ada-4724-9b0f-3bbcd4800b61",
            "ticker": "KXHIGHCHI-25JAN27-T43",
            "count": 69,
            "created_time": "2025-01-27T14:37:20.177677Z",
            "yes_price": 27,
            "no_price": 73,
            "taker_side": "yes"
        },
        {
            "trade_id": "05a7b4a1-0504-4920-9e15-c33d77a15614",
            "ticker": "KXHIGHCHI-25JAN27-T43",
            "count": 1,
            "created_time": "2025-01-27T14:37:20.177677Z",
            "yes_price": 26,
            "no_price": 74,
            "taker_side": "yes"
        },
        {
            "trade_id": "39685f9d-5f37-4835-a8ef-d1cc8709adbe",
            "ticker": "KXHIGHCHI-25JAN27-T43",
            "count": 40,
            "created_time": "2025-01-27T14:32:49.940488Z",
            "yes_price": 21,
            "no_price": 79,
            "taker_side": "no"
        },
        {
            "trade_id": "a8dafcc6-46b8-40c4-8dff-1107376447c0",
            "ticker": "KXHIGHCHI-25JAN27-T43",
            "count": 50,
            "created_time": "2025-01-27T14:31:51.911048Z",
            "yes_price": 21,
            "no_price": 79,
            "taker_side": "no"
        },
        {
            "trade_id": "e87081f3-1879-43b7-b5ef-c05415f39b12",
            "ticker": "KXHIGHCHI-25JAN27-T43",
            "count": 3,
            "created_time": "2025-01-27T14:19:29.808271Z",
            "yes_price": 22,
            "no_price": 78,
            "taker_side": "no"
        },
        {
            "trade_id": "9f46d64c-94ea-4ca5-892b-ab314adba22b",
            "ticker": "KXHIGHCHI-25JAN27-T43",
            "count": 50,
            "created_time": "2025-01-27T14:13:53.564759Z",
            "yes_price": 23,
            "no_price": 77,
            "taker_side": "no"
        },
        {
            "trade_id": "1726abec-d0e4-4383-8663-0fec8087c579",
            "ticker": "KXHIGHCHI-25JAN27-T43",
            "count": 13,
            "created_time": "2025-01-27T14:13:53.564759Z",
            "yes_price": 22,
            "no_price": 78,
            "taker_side": "no"
        },
        {
            "trade_id": "e9f59ae7-dfef-40d2-a44f-c78ef922a70d",
            "ticker": "KXHIGHCHI-25JAN27-T43",
            "count": 8,
            "created_time": "2025-01-27T14:05:23.210403Z",
            "yes_price": 21,
            "no_price": 79,
            "taker_side": "no"
        },
        {
            "trade_id": "3825e5eb-d076-475d-af20-8445e079ba9e",
            "ticker": "KXHIGHCHI-25JAN27-T43",
            "count": 176,
            "created_time": "2025-01-27T14:05:23.210403Z",
            "yes_price": 21,
            "no_price": 79,
            "taker_side": "no"
        },
        {
            "trade_id": "1af273dc-2671-429f-8bcd-2a221f7beae7",
            "ticker": "KXHIGHCHI-25JAN27-T43",
            "count": 62,
            "created_time": "2025-01-27T14:05:23.210403Z",
            "yes_price": 23,
            "no_price": 77,
            "taker_side": "no"
        },
        {
            "trade_id": "0403978b-f625-4f7b-88f0-6dcf84a87db1",
            "ticker": "KXHIGHCHI-25JAN27-T43",
            "count": 4,
            "created_time": "2025-01-27T14:05:23.210403Z",
            "yes_price": 21,
            "no_price": 79,
            "taker_side": "no"
        },
        {
            "trade_id": "9a63066f-0527-4f28-afcb-dc59d5d84600",
            "ticker": "KXHIGHCHI-25JAN27-T43",
            "count": 4,
            "created_time": "2025-01-27T14:05:15.946283Z",
            "yes_price": 27,
            "no_price": 73,
            "taker_side": "yes"
        },
        {
            "trade_id": "64d9abdc-fb56-409c-8af6-0bd27cf9c821",
            "ticker": "KXHIGHCHI-25JAN27-T43",
            "count": 16,
            "created_time": "2025-01-27T14:05:15.946283Z",
            "yes_price": 29,
            "no_price": 71,
            "taker_side": "yes"
        },
        {
            "trade_id": "0778df81-6484-4042-a9df-0bb1b98a4bd7",
            "ticker": "KXHIGHCHI-25JAN27-T43",
            "count": 103,
            "created_time": "2025-01-27T14:05:15.946283Z",
            "yes_price": 27,
            "no_price": 73,
            "taker_side": "yes"
        },
        {
            "trade_id": "06c5a65f-31ca-4cb0-91dc-d546d3445f1c",
            "ticker": "KXHIGHCHI-25JAN27-T43",
            "count": 127,
            "created_time": "2025-01-27T14:05:15.946283Z",
            "yes_price": 29,
            "no_price": 71,
            "taker_side": "yes"
        },
        {
            "trade_id": "edcff8be-b5ac-49c1-b48c-614b33bb616f",
            "ticker": "KXHIGHCHI-25JAN27-T43",
            "count": 17,
            "created_time": "2025-01-27T13:43:46.61503Z",
            "yes_price": 28,
            "no_price": 72,
            "taker_side": "yes"
        },
        {
            "trade_id": "c7c69665-772f-4f75-bd72-d3d0068416e0",
            "ticker": "KXHIGHCHI-25JAN27-T43",
            "count": 7,
            "created_time": "2025-01-27T13:41:51.15623Z",
            "yes_price": 26,
            "no_price": 74,
            "taker_side": "yes"
        },
        {
            "trade_id": "bcec7ca1-8e1d-404f-91da-71b4f091ec82",
            "ticker": "KXHIGHCHI-25JAN27-T43",
            "count": 15,
            "created_time": "2025-01-27T13:41:51.15623Z",
            "yes_price": 26,
            "no_price": 74,
            "taker_side": "yes"
        },
        {
            "trade_id": "72a9c672-eb5f-43ef-a43c-942dc7d418c7",
            "ticker": "KXHIGHCHI-25JAN27-T43",
            "count": 5,
            "created_time": "2025-01-27T13:41:51.15623Z",
            "yes_price": 28,
            "no_price": 72,
            "taker_side": "yes"
        },
        {
            "trade_id": "40c3aea0-9724-417f-bcb2-50eb37204708",
            "ticker": "KXHIGHCHI-25JAN27-T43",
            "count": 29,
            "created_time": "2025-01-27T13:41:51.15623Z",
            "yes_price": 26,
            "no_price": 74,
            "taker_side": "yes"
        },
        {
            "trade_id": "eaec7484-4985-4715-a499-6d691e364832",
            "ticker": "KXHIGHCHI-25JAN27-T43",
            "count": 7,
            "created_time": "2025-01-27T13:20:59.130327Z",
            "yes_price": 25,
            "no_price": 75,
            "taker_side": "yes"
        },
        {
            "trade_id": "d9c2a4f7-d8e1-4a3e-b633-cf5ca0f1814e",
            "ticker": "KXHIGHCHI-25JAN27-T43",
            "count": 4,
            "created_time": "2025-01-27T13:20:59.130327Z",
            "yes_price": 26,
            "no_price": 74,
            "taker_side": "yes"
        },
        {
            "trade_id": "c5e8c4bf-38f6-4a41-9415-0c4f21898710",
            "ticker": "KXHIGHCHI-25JAN27-T43",
            "count": 1,
            "created_time": "2025-01-27T13:13:37.946212Z",
            "yes_price": 25,
            "no_price": 75,
            "taker_side": "yes"
        },
        {
            "trade_id": "68a677e3-b38a-4197-a279-394fa58b0f7c",
            "ticker": "KXHIGHCHI-25JAN27-T43",
            "count": 47,
            "created_time": "2025-01-27T13:01:25.393592Z",
            "yes_price": 24,
            "no_price": 76,
            "taker_side": "yes"
        },
        {
            "trade_id": "606c0ff8-65c2-426c-9a23-ef305c7a17cf",
            "ticker": "KXHIGHCHI-25JAN27-T43",
            "count": 5,
            "created_time": "2025-01-27T13:01:25.393592Z",
            "yes_price": 25,
            "no_price": 75,
            "taker_side": "yes"
        },
        {
            "trade_id": "212273b1-4558-4eaf-89f0-071df0fe0a1c",
            "ticker": "KXHIGHCHI-25JAN27-T43",
            "count": 24,
            "created_time": "2025-01-27T13:01:25.393592Z",
            "yes_price": 25,
            "no_price": 75,
            "taker_side": "yes"
        },
        {
            "trade_id": "04153c84-4eac-4051-b7cf-56be89efaf4e",
            "ticker": "KXHIGHCHI-25JAN27-T43",
            "count": 107,
            "created_time": "2025-01-27T13:01:25.393592Z",
            "yes_price": 27,
            "no_price": 73,
            "taker_side": "yes"
        },
        {
            "trade_id": "37db381c-90b8-431b-a1ca-b59ed9203045",
            "ticker": "KXHIGHCHI-25JAN27-T43",
            "count": 12,
            "created_time": "2025-01-27T13:00:24.215646Z",
            "yes_price": 25,
            "no_price": 75,
            "taker_side": "yes"
        },
        {
            "trade_id": "9e47736b-1ec7-4b32-8a2d-fabc03c97ec5",
            "ticker": "KXHIGHCHI-25JAN27-T43",
            "count": 1413,
            "created_time": "2025-01-27T07:56:35.396566Z",
            "yes_price": 25,
            "no_price": 75,
            "taker_side": "no"
        },
        {
            "trade_id": "ebf37664-7a3e-4902-99a7-389d41cd7432",
            "ticker": "KXHIGHCHI-25JAN27-T43",
            "count": 36,
            "created_time": "2025-01-27T07:51:40.685924Z",
            "yes_price": 26,
            "no_price": 74,
            "taker_side": "yes"
        },
        {
            "trade_id": "a19a7d94-9238-4821-86c8-be55666c9b25",
            "ticker": "KXHIGHCHI-25JAN27-T43",
            "count": 83,
            "created_time": "2025-01-27T07:47:21.158809Z",
            "yes_price": 25,
            "no_price": 75,
            "taker_side": "no"
        },
        {
            "trade_id": "a4e762aa-0fd4-489d-808e-82e3d5af6ca5",
            "ticker": "KXHIGHCHI-25JAN27-T43",
            "count": 4,
            "created_time": "2025-01-27T07:47:05.89103Z",
            "yes_price": 25,
            "no_price": 75,
            "taker_side": "no"
        },
        {
            "trade_id": "ba911317-f4fc-4620-ae4a-f20aa40ccd1a",
            "ticker": "KXHIGHCHI-25JAN27-T43",
            "count": 395,
            "created_time": "2025-01-27T07:38:14.48455Z",
            "yes_price": 25,
            "no_price": 75,
            "taker_side": "no"
        },
        {
            "trade_id": "f7753338-4cb7-4671-90f8-8d6a91877f18",
            "ticker": "KXHIGHCHI-25JAN27-T43",
            "count": 41,
            "created_time": "2025-01-27T07:31:35.217422Z",
            "yes_price": 26,
            "no_price": 74,
            "taker_side": "yes"
        },
        {
            "trade_id": "a7d1bd45-5f65-47e6-b24a-e307189f2da6",
            "ticker": "KXHIGHCHI-25JAN27-T43",
            "count": 37,
            "created_time": "2025-01-27T07:31:35.217422Z",
            "yes_price": 28,
            "no_price": 72,
            "taker_side": "yes"
        },
        {
            "trade_id": "a3d23f6d-cae8-4476-97dc-890d77ef9171",
            "ticker": "KXHIGHCHI-25JAN27-T43",
            "count": 31,
            "created_time": "2025-01-27T07:31:35.217422Z",
            "yes_price": 28,
            "no_price": 72,
            "taker_side": "yes"
        },
        {
            "trade_id": "d654ab6b-22ff-48f1-ab0b-49b5b4fc1e90",
            "ticker": "KXHIGHCHI-25JAN27-T43",
            "count": 12,
            "created_time": "2025-01-27T06:48:38.978896Z",
            "yes_price": 27,
            "no_price": 73,
            "taker_side": "no"
        },
        {
            "trade_id": "706689aa-dc59-4619-b9fc-16c6f344e1b5",
            "ticker": "KXHIGHCHI-25JAN27-T43",
            "count": 52,
            "created_time": "2025-01-27T06:46:16.750751Z",
            "yes_price": 27,
            "no_price": 73,
            "taker_side": "no"
        },
        {
            "trade_id": "1e6a78bc-0a02-41bb-884d-87b031ece8b0",
            "ticker": "KXHIGHCHI-25JAN27-T43",
            "count": 89,
            "created_time": "2025-01-27T06:40:27.878605Z",
            "yes_price": 27,
            "no_price": 73,
            "taker_side": "no"
        },
        {
            "trade_id": "60886d85-b39a-476f-b6da-8d67367faed3",
            "ticker": "KXHIGHCHI-25JAN27-T43",
            "count": 89,
            "created_time": "2025-01-27T06:40:11.379689Z",
            "yes_price": 28,
            "no_price": 72,
            "taker_side": "no"
        },
        {
            "trade_id": "c944c18c-3f5c-4267-81a5-fb2ece2601f9",
            "ticker": "KXHIGHCHI-25JAN27-T43",
            "count": 26,
            "created_time": "2025-01-27T06:39:55.713352Z",
            "yes_price": 29,
            "no_price": 71,
            "taker_side": "no"
        },
        {
            "trade_id": "232dbe53-2d47-4464-899e-19f6343a845d",
            "ticker": "KXHIGHCHI-25JAN27-T43",
            "count": 4,
            "created_time": "2025-01-27T06:39:55.713352Z",
            "yes_price": 29,
            "no_price": 71,
            "taker_side": "no"
        },
        {
            "trade_id": "0310d3b3-7e5c-4245-a340-0b00e56647ac",
            "ticker": "KXHIGHCHI-25JAN27-T43",
            "count": 4,
            "created_time": "2025-01-27T06:30:39.091312Z",
            "yes_price": 29,
            "no_price": 71,
            "taker_side": "yes"
        },
        {
            "trade_id": "446a6493-27d2-4f74-bd8a-9d261e373983",
            "ticker": "KXHIGHCHI-25JAN27-T43",
            "count": 87,
            "created_time": "2025-01-27T06:30:33.584714Z",
            "yes_price": 30,
            "no_price": 70,
            "taker_side": "yes"
        },
        {
            "trade_id": "8d337f2e-2e3e-4289-9de9-c16fcb9ffbdb",
            "ticker": "KXHIGHCHI-25JAN27-T43",
            "count": 3,
            "created_time": "2025-01-27T06:30:29.479633Z",
            "yes_price": 29,
            "no_price": 71,
            "taker_side": "no"
        },
        {
            "trade_id": "f8a8aae4-39eb-46b3-bd64-b478f9345587",
            "ticker": "KXHIGHCHI-25JAN27-T43",
            "count": 19,
            "created_time": "2025-01-27T06:30:29.340486Z",
            "yes_price": 30,
            "no_price": 70,
            "taker_side": "yes"
        },
        {
            "trade_id": "02129022-501c-47ac-893c-7493036bb028",
            "ticker": "KXHIGHCHI-25JAN27-T43",
            "count": 16,
            "created_time": "2025-01-27T06:27:24.307691Z",
            "yes_price": 28,
            "no_price": 72,
            "taker_side": "yes"
        },
        {
            "trade_id": "ea62511f-f8a3-4aed-9661-87f386a6b165",
            "ticker": "KXHIGHCHI-25JAN27-T43",
            "count": 10,
            "created_time": "2025-01-27T06:20:02.082696Z",
            "yes_price": 28,
            "no_price": 72,
            "taker_side": "yes"
        },
        {
            "trade_id": "eb5bb82f-6520-4fd6-ab6d-ba7eafdc918d",
            "ticker": "KXHIGHCHI-25JAN27-T43",
            "count": 18,
            "created_time": "2025-01-27T05:23:26.484943Z",
            "yes_price": 25,
            "no_price": 75,
            "taker_side": "no"
        },
        {
            "trade_id": "8874ab20-7307-483c-ad23-c31a1f82b4b8",
            "ticker": "KXHIGHCHI-25JAN27-T43",
            "count": 22,
            "created_time": "2025-01-27T04:55:34.16935Z",
            "yes_price": 25,
            "no_price": 75,
            "taker_side": "no"
        },
        {
            "trade_id": "e6c990dc-36ba-4b0f-b075-c329a5e14b81",
            "ticker": "KXHIGHCHI-25JAN27-T43",
            "count": 43,
            "created_time": "2025-01-27T04:55:13.618917Z",
            "yes_price": 26,
            "no_price": 74,
            "taker_side": "no"
        },
        {
            "trade_id": "ce7eed4c-e3be-42c9-8535-23f8606a6f24",
            "ticker": "KXHIGHCHI-25JAN27-T43",
            "count": 1,
            "created_time": "2025-01-27T04:55:13.618917Z",
            "yes_price": 26,
            "no_price": 74,
            "taker_side": "no"
        },
        {
            "trade_id": "57b40142-3a5f-45ad-a9df-7b2dc319aa5d",
            "ticker": "KXHIGHCHI-25JAN27-T43",
            "count": 16,
            "created_time": "2025-01-27T04:55:13.618917Z",
            "yes_price": 26,
            "no_price": 74,
            "taker_side": "no"
        },
        {
            "trade_id": "3e690bfd-4c1a-4570-ac70-2a75130aaa00",
            "ticker": "KXHIGHCHI-25JAN27-T43",
            "count": 11,
            "created_time": "2025-01-27T04:55:13.618917Z",
            "yes_price": 26,
            "no_price": 74,
            "taker_side": "no"
        },
        {
            "trade_id": "f2d799da-a515-4ba6-8d7d-bbb01dc0b093",
            "ticker": "KXHIGHCHI-25JAN27-T43",
            "count": 1,
            "created_time": "2025-01-27T04:35:46.273007Z",
            "yes_price": 31,
            "no_price": 69,
            "taker_side": "yes"
        },
        {
            "trade_id": "7001a2ba-6857-4f96-a624-c7a31fdd80e9",
            "ticker": "KXHIGHCHI-25JAN27-T43",
            "count": 2,
            "created_time": "2025-01-27T04:35:46.273007Z",
            "yes_price": 31,
            "no_price": 69,
            "taker_side": "yes"
        },
        {
            "trade_id": "c34d803e-e8e3-4710-9f62-1f9dc1eb7180",
            "ticker": "KXHIGHCHI-25JAN27-T43",
            "count": 4,
            "created_time": "2025-01-27T04:20:18.010248Z",
            "yes_price": 29,
            "no_price": 71,
            "taker_side": "yes"
        },
        {
            "trade_id": "92b0976a-2a27-48b4-b178-227495b84520",
            "ticker": "KXHIGHCHI-25JAN27-T43",
            "count": 1,
            "created_time": "2025-01-27T04:20:18.010248Z",
            "yes_price": 29,
            "no_price": 71,
            "taker_side": "yes"
        },
        {
            "trade_id": "6c41e3b6-9283-44c2-b58b-00e791e8c337",
            "ticker": "KXHIGHCHI-25JAN27-T43",
            "count": 12,
            "created_time": "2025-01-27T04:20:18.010248Z",
            "yes_price": 31,
            "no_price": 69,
            "taker_side": "yes"
        },
        {
            "trade_id": "44707c76-eb34-4b3b-80e2-2ac0a9cf5dbd",
            "ticker": "KXHIGHCHI-25JAN27-T43",
            "count": 16,
            "created_time": "2025-01-27T04:20:18.010248Z",
            "yes_price": 29,
            "no_price": 71,
            "taker_side": "yes"
        },
        {
            "trade_id": "126a1723-2df3-4227-a24f-41dc86a51c90",
            "ticker": "KXHIGHCHI-25JAN27-T43",
            "count": 71,
            "created_time": "2025-01-27T04:20:18.010248Z",
            "yes_price": 32,
            "no_price": 68,
            "taker_side": "yes"
        },
        {
            "trade_id": "8cbfc460-e88e-4eca-906d-11878ace1e09",
            "ticker": "KXHIGHCHI-25JAN27-T43",
            "count": 17,
            "created_time": "2025-01-27T04:18:08.678651Z",
            "yes_price": 26,
            "no_price": 74,
            "taker_side": "no"
        },
        {
            "trade_id": "4d5c1b4b-dd32-4817-b4da-8ddd7fbbfd1e",
            "ticker": "KXHIGHCHI-25JAN27-T43",
            "count": 55,
            "created_time": "2025-01-27T04:18:08.678651Z",
            "yes_price": 26,
            "no_price": 74,
            "taker_side": "no"
        },
        {
            "trade_id": "f02e5ea9-42b0-484e-b7c6-38f37d59fbcf",
            "ticker": "KXHIGHCHI-25JAN27-T43",
            "count": 180,
            "created_time": "2025-01-27T03:55:15.097235Z",
            "yes_price": 27,
            "no_price": 73,
            "taker_side": "yes"
        },
        {
            "trade_id": "34db5d2e-fa94-4939-bbf1-79b0dd6e6757",
            "ticker": "KXHIGHCHI-25JAN27-T43",
            "count": 180,
            "created_time": "2025-01-27T03:55:15.097235Z",
            "yes_price": 29,
            "no_price": 71,
            "taker_side": "yes"
        },
        {
            "trade_id": "7607a6ee-28d0-451e-aa40-edc08c779d4b",
            "ticker": "KXHIGHCHI-25JAN27-T43",
            "count": 2,
            "created_time": "2025-01-27T03:54:59.719945Z",
            "yes_price": 25,
            "no_price": 75,
            "taker_side": "no"
        },
        {
            "trade_id": "fc388c22-68dc-4105-8e7d-3f1a6cf9de4a",
            "ticker": "KXHIGHCHI-25JAN27-T43",
            "count": 52,
            "created_time": "2025-01-27T03:54:51.274828Z",
            "yes_price": 25,
            "no_price": 75,
            "taker_side": "yes"
        },
        {
            "trade_id": "63b82f23-8e1b-40ef-8962-7eab6c74fd44",
            "ticker": "KXHIGHCHI-25JAN27-T43",
            "count": 11,
            "created_time": "2025-01-27T03:54:51.274828Z",
            "yes_price": 24,
            "no_price": 76,
            "taker_side": "yes"
        },
        {
            "trade_id": "f813ae1c-b419-42c9-849a-f71dc9d5f56b",
            "ticker": "KXHIGHCHI-25JAN27-T43",
            "count": 10,
            "created_time": "2025-01-27T03:54:11.08881Z",
            "yes_price": 25,
            "no_price": 75,
            "taker_side": "yes"
        },
        {
            "trade_id": "ec42b735-ea8c-40dc-ae71-965e400398c3",
            "ticker": "KXHIGHCHI-25JAN27-T43",
            "count": 13,
            "created_time": "2025-01-27T03:54:11.08881Z",
            "yes_price": 25,
            "no_price": 75,
            "taker_side": "yes"
        },
        {
            "trade_id": "c777060c-3975-4228-b1b6-cc1c98a5fcd7",
            "ticker": "KXHIGHCHI-25JAN27-T43",
            "count": 180,
            "created_time": "2025-01-27T03:54:11.08881Z",
            "yes_price": 29,
            "no_price": 71,
            "taker_side": "yes"
        },
        {
            "trade_id": "b5537029-1455-40e0-a46c-7afb9c8a5c3f",
            "ticker": "KXHIGHCHI-25JAN27-T43",
            "count": 3,
            "created_time": "2025-01-27T03:54:11.08881Z",
            "yes_price": 24,
            "no_price": 76,
            "taker_side": "yes"
        },
        {
            "trade_id": "89a164af-8e2c-4656-85e0-6b8ba19cba1c",
            "ticker": "KXHIGHCHI-25JAN27-T43",
            "count": 180,
            "created_time": "2025-01-27T03:54:11.08881Z",
            "yes_price": 27,
            "no_price": 73,
            "taker_side": "yes"
        },
        {
            "trade_id": "289aa665-85d4-44e7-ac33-fe4cb486ce74",
            "ticker": "KXHIGHCHI-25JAN27-T43",
            "count": 312,
            "created_time": "2025-01-27T03:54:11.08881Z",
            "yes_price": 30,
            "no_price": 70,
            "taker_side": "yes"
        },
        {
            "trade_id": "1e29918b-1968-4fda-b593-a8dc9001e6c4",
            "ticker": "KXHIGHCHI-25JAN27-T43",
            "count": 28,
            "created_time": "2025-01-27T03:54:11.08881Z",
            "yes_price": 25,
            "no_price": 75,
            "taker_side": "yes"
        },
        {
            "trade_id": "e27e94e3-08b9-4e83-a192-b268a235d477",
            "ticker": "KXHIGHCHI-25JAN27-T43",
            "count": 16,
            "created_time": "2025-01-27T03:34:11.98646Z",
            "yes_price": 25,
            "no_price": 75,
            "taker_side": "yes"
        },
        {
            "trade_id": "4ad525be-a91c-4f23-9a44-acc4cbe76ffc",
            "ticker": "KXHIGHCHI-25JAN27-T43",
            "count": 3,
            "created_time": "2025-01-27T03:34:11.98646Z",
            "yes_price": 25,
            "no_price": 75,
            "taker_side": "yes"
        },
        {
            "trade_id": "a58b0097-2b0a-4210-9aee-2fe5936b6d9f",
            "ticker": "KXHIGHCHI-25JAN27-T43",
            "count": 5,
            "created_time": "2025-01-27T03:28:21.622031Z",
            "yes_price": 24,
            "no_price": 76,
            "taker_side": "yes"
        },
        {
            "trade_id": "2f40e5e0-dc9a-4ad6-bae3-591d3d812a8d",
            "ticker": "KXHIGHCHI-25JAN27-T43",
            "count": 10,
            "created_time": "2025-01-27T03:28:21.622031Z",
            "yes_price": 24,
            "no_price": 76,
            "taker_side": "yes"
        },
        {
            "trade_id": "1add5a18-a162-4dcc-a0e3-6b7d6ec716ff",
            "ticker": "KXHIGHCHI-25JAN27-T43",
            "count": 60,
            "created_time": "2025-01-27T03:28:21.622031Z",
            "yes_price": 26,
            "no_price": 74,
            "taker_side": "yes"
        },
        {
            "trade_id": "eebfefe1-f208-400f-bbba-610d528bf3c3",
            "ticker": "KXHIGHCHI-25JAN27-T43",
            "count": 13,
            "created_time": "2025-01-27T03:21:15.471884Z",
            "yes_price": 24,
            "no_price": 76,
            "taker_side": "yes"
        },
        {
            "trade_id": "7f765774-1843-4275-9669-03e7b95da099",
            "ticker": "KXHIGHCHI-25JAN27-T43",
            "count": 19,
            "created_time": "2025-01-27T03:21:15.471884Z",
            "yes_price": 24,
            "no_price": 76,
            "taker_side": "yes"
        },
        {
            "trade_id": "578dce66-edf0-4425-a9af-62d17c3cbe78",
            "ticker": "KXHIGHCHI-25JAN27-T43",
            "count": 7,
            "created_time": "2025-01-27T03:21:15.471884Z",
            "yes_price": 24,
            "no_price": 76,
            "taker_side": "yes"
        },
        {
            "trade_id": "1a5c6234-ae82-4c0a-b9f6-15ae414d4f23",
            "ticker": "KXHIGHCHI-25JAN27-T43",
            "count": 124,
            "created_time": "2025-01-27T03:09:14.346334Z",
            "yes_price": 21,
            "no_price": 79,
            "taker_side": "no"
        },
        {
            "trade_id": "7f83b524-6057-4f14-9313-0c004767c7f4",
            "ticker": "KXHIGHCHI-25JAN27-T43",
            "count": 18,
            "created_time": "2025-01-27T02:57:14.779664Z",
            "yes_price": 24,
            "no_price": 76,
            "taker_side": "yes"
        },
        {
            "trade_id": "95f6ce05-54f3-4fa1-8592-a907b23d7a0a",
            "ticker": "KXHIGHCHI-25JAN27-T43",
            "count": 1,
            "created_time": "2025-01-27T02:57:08.008415Z",
            "yes_price": 23,
            "no_price": 77,
            "taker_side": "no"
        },
        {
            "trade_id": "768ad8ea-a806-422c-9c49-0bd2eab7bcca",
            "ticker": "KXHIGHCHI-25JAN27-T43",
            "count": 11,
            "created_time": "2025-01-27T02:57:07.950303Z",
            "yes_price": 23,
            "no_price": 77,
            "taker_side": "yes"
        },
        {
            "trade_id": "6f9025f3-bafc-4b35-8aff-c479780bc174",
            "ticker": "KXHIGHCHI-25JAN27-T43",
            "count": 10,
            "created_time": "2025-01-27T02:33:29.869907Z",
            "yes_price": 23,
            "no_price": 77,
            "taker_side": "yes"
        },
        {
            "trade_id": "3d26ee7f-4960-47e1-9239-68f94a5ea24b",
            "ticker": "KXHIGHCHI-25JAN27-T43",
            "count": 1,
            "created_time": "2025-01-27T02:02:16.380741Z",
            "yes_price": 21,
            "no_price": 79,
            "taker_side": "no"
        },
        {
            "trade_id": "b38ad39f-39ce-4823-ab8a-6ccda6231af7",
            "ticker": "KXHIGHCHI-25JAN27-T43",
            "count": 5,
            "created_time": "2025-01-27T01:56:25.24376Z",
            "yes_price": 25,
            "no_price": 75,
            "taker_side": "yes"
        },
        {
            "trade_id": "6522183c-75fa-483f-ae47-caf1995f6c90",
            "ticker": "KXHIGHCHI-25JAN27-T43",
            "count": 7,
            "created_time": "2025-01-27T01:55:30.631335Z",
            "yes_price": 24,
            "no_price": 76,
            "taker_side": "yes"
        },
        {
            "trade_id": "4af94a29-c941-4af3-878a-72a5069a0c63",
            "ticker": "KXHIGHCHI-25JAN27-T43",
            "count": 8,
            "created_time": "2025-01-27T01:55:30.631335Z",
            "yes_price": 24,
            "no_price": 76,
            "taker_side": "yes"
        },
        {
            "trade_id": "adb17157-b338-433a-9026-9c4cc41e4f50",
            "ticker": "KXHIGHCHI-25JAN27-T43",
            "count": 6,
            "created_time": "2025-01-27T01:34:11.823249Z",
            "yes_price": 24,
            "no_price": 76,
            "taker_side": "yes"
        },
        {
            "trade_id": "5ef2e4d9-41d4-442f-beca-66e9df6357a3",
            "ticker": "KXHIGHCHI-25JAN27-T43",
            "count": 1,
            "created_time": "2025-01-27T01:34:11.823249Z",
            "yes_price": 24,
            "no_price": 76,
            "taker_side": "yes"
        },
        {
            "trade_id": "436f1124-664c-4770-b328-c0b26d042630",
            "ticker": "KXHIGHCHI-25JAN27-T43",
            "count": 15,
            "created_time": "2025-01-27T01:34:11.823249Z",
            "yes_price": 24,
            "no_price": 76,
            "taker_side": "yes"
        },
        {
            "trade_id": "630c4be0-e00d-446d-a9da-d826741229d4",
            "ticker": "KXHIGHCHI-25JAN27-T43",
            "count": 29,
            "created_time": "2025-01-27T01:32:39.404581Z",
            "yes_price": 24,
            "no_price": 76,
            "taker_side": "yes"
        },
        {
            "trade_id": "ee98d531-93c1-4a29-baa6-ea1dbdc8c412",
            "ticker": "KXHIGHCHI-25JAN27-T43",
            "count": 37,
            "created_time": "2025-01-27T01:31:42.497812Z",
            "yes_price": 24,
            "no_price": 76,
            "taker_side": "yes"
        },
        {
            "trade_id": "89224736-68d8-492a-9443-84285455baf6",
            "ticker": "KXHIGHCHI-25JAN27-T43",
            "count": 2,
            "created_time": "2025-01-27T01:31:42.497812Z",
            "yes_price": 24,
            "no_price": 76,
            "taker_side": "yes"
        },
        {
            "trade_id": "08d29d0a-f35a-4889-bea7-f9a559fda43b",
            "ticker": "KXHIGHCHI-25JAN27-T43",
            "count": 11,
            "created_time": "2025-01-27T01:31:42.497812Z",
            "yes_price": 24,
            "no_price": 76,
            "taker_side": "yes"
        },
        {
            "trade_id": "e583c26b-5117-46f3-8ec7-172e8a03dfdf",
            "ticker": "KXHIGHCHI-25JAN27-T43",
            "count": 36,
            "created_time": "2025-01-27T00:20:08.609024Z",
            "yes_price": 23,
            "no_price": 77,
            "taker_side": "yes"
        },
        {
            "trade_id": "3121a2b8-41e4-4511-80e6-faf3c7ea4508",
            "ticker": "KXHIGHCHI-25JAN27-T43",
            "count": 57,
            "created_time": "2025-01-27T00:20:08.609024Z",
            "yes_price": 23,
            "no_price": 77,
            "taker_side": "yes"
        },
        {
            "trade_id": "f672bcf3-d307-49c6-9bd7-19831ebd3569",
            "ticker": "KXHIGHCHI-25JAN27-T43",
            "count": 96,
            "created_time": "2025-01-26T23:34:31.517674Z",
            "yes_price": 22,
            "no_price": 78,
            "taker_side": "yes"
        },
        {
            "trade_id": "de463fd8-6d63-4011-aa41-a382b9d76259",
            "ticker": "KXHIGHCHI-25JAN27-T43",
            "count": 3,
            "created_time": "2025-01-26T23:34:31.517674Z",
            "yes_price": 25,
            "no_price": 75,
            "taker_side": "yes"
        },
        {
            "trade_id": "109f405c-1741-4bc7-9c7e-61faf9572a25",
            "ticker": "KXHIGHCHI-25JAN27-T43",
            "count": 20,
            "created_time": "2025-01-26T23:34:31.517674Z",
            "yes_price": 23,
            "no_price": 77,
            "taker_side": "yes"
        },
        {
            "trade_id": "64be4c4f-114c-4cd3-ac97-75f09eb92203",
            "ticker": "KXHIGHCHI-25JAN27-T43",
            "count": 4,
            "created_time": "2025-01-26T23:24:23.458075Z",
            "yes_price": 22,
            "no_price": 78,
            "taker_side": "yes"
        },
        {
            "trade_id": "fb1f367b-bcfb-41f8-91c4-071851a65c33",
            "ticker": "KXHIGHCHI-25JAN27-T43",
            "count": 77,
            "created_time": "2025-01-26T22:43:18.131237Z",
            "yes_price": 20,
            "no_price": 80,
            "taker_side": "no"
        },
        {
            "trade_id": "6c7ca431-cc5e-4e68-b0fd-e33411d51ac4",
            "ticker": "KXHIGHCHI-25JAN27-T43",
            "count": 2,
            "created_time": "2025-01-26T22:43:18.131237Z",
            "yes_price": 20,
            "no_price": 80,
            "taker_side": "no"
        },
        {
            "trade_id": "af3ce62a-bf00-4f53-9b67-2a3bbc4570b9",
            "ticker": "KXHIGHCHI-25JAN27-T43",
            "count": 9,
            "created_time": "2025-01-26T22:25:34.560613Z",
            "yes_price": 21,
            "no_price": 79,
            "taker_side": "no"
        },
        {
            "trade_id": "ce9dd078-b013-4634-9f89-88a29ac8e660",
            "ticker": "KXHIGHCHI-25JAN27-T43",
            "count": 1500,
            "created_time": "2025-01-26T22:22:21.591294Z",
            "yes_price": 21,
            "no_price": 79,
            "taker_side": "no"
        },
        {
            "trade_id": "bb313641-bf00-4d12-a33c-f6808b963639",
            "ticker": "KXHIGHCHI-25JAN27-T43",
            "count": 9,
            "created_time": "2025-01-26T22:22:21.591294Z",
            "yes_price": 21,
            "no_price": 79,
            "taker_side": "no"
        },
        {
            "trade_id": "5224d4ba-bd1a-4a9e-b5b7-42b1c1931193",
            "ticker": "KXHIGHCHI-25JAN27-T43",
            "count": 52,
            "created_time": "2025-01-26T22:22:21.591294Z",
            "yes_price": 21,
            "no_price": 79,
            "taker_side": "no"
        },
        {
            "trade_id": "fea28057-465e-4998-8aa3-05efda9d7ed1",
            "ticker": "KXHIGHCHI-25JAN27-T43",
            "count": 9,
            "created_time": "2025-01-26T22:19:31.901246Z",
            "yes_price": 22,
            "no_price": 78,
            "taker_side": "no"
        },
        {
            "trade_id": "f6a9d9ad-0582-4a30-8164-7afa3feb0ec3",
            "ticker": "KXHIGHCHI-25JAN27-T43",
            "count": 7,
            "created_time": "2025-01-26T22:19:31.901246Z",
            "yes_price": 22,
            "no_price": 78,
            "taker_side": "no"
        },
        {
            "trade_id": "6b13ebeb-7d18-4996-b436-1273cf2513ab",
            "ticker": "KXHIGHCHI-25JAN27-T43",
            "count": 25,
            "created_time": "2025-01-26T21:59:49.677446Z",
            "yes_price": 22,
            "no_price": 78,
            "taker_side": "no"
        },
        {
            "trade_id": "b421dc37-f1aa-4995-98aa-ec4d4ae216ff",
            "ticker": "KXHIGHCHI-25JAN27-T43",
            "count": 1,
            "created_time": "2025-01-26T21:50:11.215171Z",
            "yes_price": 24,
            "no_price": 76,
            "taker_side": "no"
        },
        {
            "trade_id": "7f14ac32-01e8-48a7-acd6-d6492983eb48",
            "ticker": "KXHIGHCHI-25JAN27-T43",
            "count": 20,
            "created_time": "2025-01-26T21:50:11.215171Z",
            "yes_price": 26,
            "no_price": 74,
            "taker_side": "no"
        },
        {
            "trade_id": "6378c140-51d5-466a-bb1a-863d6f9ef1ff",
            "ticker": "KXHIGHCHI-25JAN27-T43",
            "count": 7,
            "created_time": "2025-01-26T21:50:11.215171Z",
            "yes_price": 24,
            "no_price": 76,
            "taker_side": "no"
        },
        {
            "trade_id": "5f80c476-f489-4724-b274-1f298ec9e319",
            "ticker": "KXHIGHCHI-25JAN27-T43",
            "count": 80,
            "created_time": "2025-01-26T21:50:11.215171Z",
            "yes_price": 22,
            "no_price": 78,
            "taker_side": "no"
        },
        {
            "trade_id": "48f58340-294d-4503-abce-e0f33a23e5a5",
            "ticker": "KXHIGHCHI-25JAN27-T43",
            "count": 33,
            "created_time": "2025-01-26T21:50:11.215171Z",
            "yes_price": 24,
            "no_price": 76,
            "taker_side": "no"
        },
        {
            "trade_id": "36ba5edf-28ec-4b94-875a-be13af5f0c66",
            "ticker": "KXHIGHCHI-25JAN27-T43",
            "count": 50,
            "created_time": "2025-01-26T21:50:11.215171Z",
            "yes_price": 22,
            "no_price": 78,
            "taker_side": "no"
        },
        {
            "trade_id": "55003068-56a2-4e59-9203-7d1b7b301f58",
            "ticker": "KXHIGHCHI-25JAN27-T43",
            "count": 1282,
            "created_time": "2025-01-26T21:43:49.897295Z",
            "yes_price": 28,
            "no_price": 72,
            "taker_side": "no"
        },
        {
            "trade_id": "7b439adf-bd52-4e7b-abf1-f65aa32c9ea7",
            "ticker": "KXHIGHCHI-25JAN27-T43",
            "count": 217,
            "created_time": "2025-01-26T21:32:54.675565Z",
            "yes_price": 28,
            "no_price": 72,
            "taker_side": "no"
        },
        {
            "trade_id": "1348e12a-6b59-46d8-9c88-729a13586d1a",
            "ticker": "KXHIGHCHI-25JAN27-T43",
            "count": 1,
            "created_time": "2025-01-26T21:17:19.270852Z",
            "yes_price": 28,
            "no_price": 72,
            "taker_side": "no"
        },
        {
            "trade_id": "a254f24b-e562-49aa-953e-3e4250d7a488",
            "ticker": "KXHIGHCHI-25JAN27-T43",
            "count": 2,
            "created_time": "2025-01-26T20:47:20.961062Z",
            "yes_price": 30,
            "no_price": 70,
            "taker_side": "yes"
        },
        {
            "trade_id": "5cad2975-cfa3-4e90-84ea-c7047f62a207",
            "ticker": "KXHIGHCHI-25JAN27-T43",
            "count": 1,
            "created_time": "2025-01-26T20:47:20.961062Z",
            "yes_price": 29,
            "no_price": 71,
            "taker_side": "yes"
        },
        {
            "trade_id": "49753fde-ae18-4883-b23d-920fccce6a1c",
            "ticker": "KXHIGHCHI-25JAN27-T43",
            "count": 12,
            "created_time": "2025-01-26T20:47:20.961062Z",
            "yes_price": 30,
            "no_price": 70,
            "taker_side": "yes"
        },
        {
            "trade_id": "90c5a7d1-48f3-4187-8122-6c1527d4a7b1",
            "ticker": "KXHIGHCHI-25JAN27-T43",
            "count": 1,
            "created_time": "2025-01-26T20:37:10.785107Z",
            "yes_price": 29,
            "no_price": 71,
            "taker_side": "yes"
        },
        {
            "trade_id": "804bbc9c-ca52-424d-a265-99c84caa0a2e",
            "ticker": "KXHIGHCHI-25JAN27-T43",
            "count": 11,
            "created_time": "2025-01-26T20:26:14.383997Z",
            "yes_price": 29,
            "no_price": 71,
            "taker_side": "yes"
        },
        {
            "trade_id": "5be77d1b-3600-4de5-b7bf-967ec0719d32",
            "ticker": "KXHIGHCHI-25JAN27-T43",
            "count": 3,
            "created_time": "2025-01-26T20:26:14.383997Z",
            "yes_price": 29,
            "no_price": 71,
            "taker_side": "yes"
        },
        {
            "trade_id": "d96f2d57-ef03-41b3-bbd5-7288c604eeb3",
            "ticker": "KXHIGHCHI-25JAN27-T43",
            "count": 88,
            "created_time": "2025-01-26T20:17:24.819541Z",
            "yes_price": 29,
            "no_price": 71,
            "taker_side": "yes"
        },
        {
            "trade_id": "43ff9157-5da7-44c5-91e2-eaa6f2cb55f2",
            "ticker": "KXHIGHCHI-25JAN27-T43",
            "count": 89,
            "created_time": "2025-01-26T20:17:10.376366Z",
            "yes_price": 28,
            "no_price": 72,
            "taker_side": "yes"
        },
        {
            "trade_id": "e903a411-beed-47bd-aee6-8f8e514804f0",
            "ticker": "KXHIGHCHI-25JAN27-T43",
            "count": 7,
            "created_time": "2025-01-26T20:16:58.267502Z",
            "yes_price": 27,
            "no_price": 73,
            "taker_side": "yes"
        },
        {
            "trade_id": "af15a411-8bca-4b89-8a76-e31f141a22ea",
            "ticker": "KXHIGHCHI-25JAN27-T43",
            "count": 12,
            "created_time": "2025-01-26T20:16:58.267502Z",
            "yes_price": 27,
            "no_price": 73,
            "taker_side": "yes"
        },
        {
            "trade_id": "aaddcdf4-7791-44da-abc5-9f0cd365e3a5",
            "ticker": "KXHIGHCHI-25JAN27-T43",
            "count": 25,
            "created_time": "2025-01-26T20:16:58.267502Z",
            "yes_price": 27,
            "no_price": 73,
            "taker_side": "yes"
        },
        {
            "trade_id": "aa33f298-9550-4e03-83b7-d0ddb7115fea",
            "ticker": "KXHIGHCHI-25JAN27-T43",
            "count": 10,
            "created_time": "2025-01-26T20:13:52.053808Z",
            "yes_price": 27,
            "no_price": 73,
            "taker_side": "yes"
        },
        {
            "trade_id": "cb9d4985-2076-46a1-881a-95ec96dc9f57",
            "ticker": "KXHIGHCHI-25JAN27-T43",
            "count": 1,
            "created_time": "2025-01-26T18:36:48.701542Z",
            "yes_price": 22,
            "no_price": 78,
            "taker_side": "no"
        },
        {
            "trade_id": "bea97ba0-a890-4916-b90b-e4616cd93ed0",
            "ticker": "KXHIGHCHI-25JAN27-T43",
            "count": 10,
            "created_time": "2025-01-26T18:29:45.956117Z",
            "yes_price": 27,
            "no_price": 73,
            "taker_side": "yes"
        },
        {
            "trade_id": "fa8628e0-b4da-4340-8349-80881e0c3839",
            "ticker": "KXHIGHCHI-25JAN27-T43",
            "count": 180,
            "created_time": "2025-01-26T17:41:22.586582Z",
            "yes_price": 22,
            "no_price": 78,
            "taker_side": "no"
        },
        {
            "trade_id": "133cd885-9ef0-4a5a-8e2f-b87e842c76c5",
            "ticker": "KXHIGHCHI-25JAN27-T43",
            "count": 34,
            "created_time": "2025-01-26T17:41:22.586582Z",
            "yes_price": 24,
            "no_price": 76,
            "taker_side": "no"
        },
        {
            "trade_id": "01b38e8d-965a-4d8e-b9a5-3e1e73f270b1",
            "ticker": "KXHIGHCHI-25JAN27-T43",
            "count": 6,
            "created_time": "2025-01-26T17:41:22.586582Z",
            "yes_price": 24,
            "no_price": 76,
            "taker_side": "no"
        },
        {
            "trade_id": "f96d3e02-0968-4ada-b787-cd409c53642b",
            "ticker": "KXHIGHCHI-25JAN27-T43",
            "count": 66,
            "created_time": "2025-01-26T17:33:51.376103Z",
            "yes_price": 26,
            "no_price": 74,
            "taker_side": "yes"
        },
        {
            "trade_id": "b60c3112-207f-407f-88d5-735a3464982f",
            "ticker": "KXHIGHCHI-25JAN27-T43",
            "count": 180,
            "created_time": "2025-01-26T17:33:51.376103Z",
            "yes_price": 28,
            "no_price": 72,
            "taker_side": "yes"
        },
        {
            "trade_id": "95db1639-036f-4e21-a006-2149a255dc70",
            "ticker": "KXHIGHCHI-25JAN27-T43",
            "count": 12,
            "created_time": "2025-01-26T17:33:51.376103Z",
            "yes_price": 28,
            "no_price": 72,
            "taker_side": "yes"
        },
        {
            "trade_id": "2c4e5a5d-561b-4981-a239-1d905c3db960",
            "ticker": "KXHIGHCHI-25JAN27-T43",
            "count": 75,
            "created_time": "2025-01-26T17:33:51.376103Z",
            "yes_price": 30,
            "no_price": 70,
            "taker_side": "yes"
        },
        {
            "trade_id": "fd227b1d-5207-4e76-ab5a-1242c36d84ed",
            "ticker": "KXHIGHCHI-25JAN27-T43",
            "count": 21,
            "created_time": "2025-01-26T17:30:59.533261Z",
            "yes_price": 23,
            "no_price": 77,
            "taker_side": "yes"
        },
        {
            "trade_id": "e1b111dd-df0d-4a7d-b926-03d29b3c92fd",
            "ticker": "KXHIGHCHI-25JAN27-T43",
            "count": 31,
            "created_time": "2025-01-26T17:30:59.533261Z",
            "yes_price": 21,
            "no_price": 79,
            "taker_side": "yes"
        },
        {
            "trade_id": "bf4a549c-378f-45ce-b205-9a896e2fe34f",
            "ticker": "KXHIGHCHI-25JAN27-T43",
            "count": 31,
            "created_time": "2025-01-26T17:30:26.301437Z",
            "yes_price": 21,
            "no_price": 79,
            "taker_side": "yes"
        },
        {
            "trade_id": "7992b4ec-4a94-46f4-bedb-93486aef53cf",
            "ticker": "KXHIGHCHI-25JAN27-T43",
            "count": 11,
            "created_time": "2025-01-26T17:30:26.301437Z",
            "yes_price": 25,
            "no_price": 75,
            "taker_side": "yes"
        },
        {
            "trade_id": "4adc06eb-14a1-4a3c-9e9a-6b49180f2ed4",
            "ticker": "KXHIGHCHI-25JAN27-T43",
            "count": 177,
            "created_time": "2025-01-26T17:30:26.301437Z",
            "yes_price": 25,
            "no_price": 75,
            "taker_side": "yes"
        },
        {
            "trade_id": "0d6f4449-6d7b-44f0-a7c0-50992bf7374d",
            "ticker": "KXHIGHCHI-25JAN27-T43",
            "count": 180,
            "created_time": "2025-01-26T17:30:26.301437Z",
            "yes_price": 23,
            "no_price": 77,
            "taker_side": "yes"
        },
        {
            "trade_id": "c69f3c9c-46c1-4575-aa77-fb7ad9376f1f",
            "ticker": "KXHIGHCHI-25JAN27-T43",
            "count": 1,
            "created_time": "2025-01-26T17:19:06.084244Z",
            "yes_price": 16,
            "no_price": 84,
            "taker_side": "no"
        },
        {
            "trade_id": "9800ee4f-66c9-4f8f-959e-1b65828448e7",
            "ticker": "KXHIGHCHI-25JAN27-T43",
            "count": 180,
            "created_time": "2025-01-26T16:50:50.487417Z",
            "yes_price": 16,
            "no_price": 84,
            "taker_side": "no"
        },
        {
            "trade_id": "4c46f65e-2370-4a18-800c-909548318e4b",
            "ticker": "KXHIGHCHI-25JAN27-T43",
            "count": 79,
            "created_time": "2025-01-26T16:50:50.487417Z",
            "yes_price": 18,
            "no_price": 82,
            "taker_side": "no"
        },
        {
            "trade_id": "0c699967-76a8-4e14-9910-f909b200417b",
            "ticker": "KXHIGHCHI-25JAN27-T43",
            "count": 129,
            "created_time": "2025-01-26T16:50:50.487417Z",
            "yes_price": 21,
            "no_price": 79,
            "taker_side": "no"
        },
        {
            "trade_id": "de314398-923c-4eb6-9789-7afc4bd1361f",
            "ticker": "KXHIGHCHI-25JAN27-T43",
            "count": 1,
            "created_time": "2025-01-26T16:09:00.81735Z",
            "yes_price": 21,
            "no_price": 79,
            "taker_side": "no"
        },
        {
            "trade_id": "88ccafbd-17d2-4124-b03b-ee786dbfa4a4",
            "ticker": "KXHIGHCHI-25JAN27-T43",
            "count": 1,
            "created_time": "2025-01-26T16:07:45.669837Z",
            "yes_price": 21,
            "no_price": 79,
            "taker_side": "no"
        },
        {
            "trade_id": "8d2113c2-6e51-421e-a609-a0496a03ff69",
            "ticker": "KXHIGHCHI-25JAN27-T43",
            "count": 3,
            "created_time": "2025-01-26T15:59:19.261738Z",
            "yes_price": 25,
            "no_price": 75,
            "taker_side": "yes"
        },
        {
            "trade_id": "21626f97-a731-4289-a353-dbf91bf54737",
            "ticker": "KXHIGHCHI-25JAN27-T43",
            "count": 7,
            "created_time": "2025-01-26T15:59:19.261738Z",
            "yes_price": 24,
            "no_price": 76,
            "taker_side": "yes"
        },
        {
            "trade_id": "1ed3629e-142b-4af2-9a16-ac39214a9afe",
            "ticker": "KXHIGHCHI-25JAN27-T43",
            "count": 3,
            "created_time": "2025-01-26T15:33:32.452576Z",
            "yes_price": 24,
            "no_price": 76,
            "taker_side": "yes"
        },
        {
            "trade_id": "4c7895f0-bc16-4cdc-9c9b-cef54f78ba58",
            "ticker": "KXHIGHCHI-25JAN27-T43",
            "count": 11,
            "created_time": "2025-01-26T15:31:45.818656Z",
            "yes_price": 23,
            "no_price": 77,
            "taker_side": "yes"
        },
        {
            "trade_id": "1115b98b-2f14-42cd-be9e-97a51b28d0fa",
            "ticker": "KXHIGHCHI-25JAN27-T43",
            "count": 9,
            "created_time": "2025-01-26T15:31:45.818656Z",
            "yes_price": 24,
            "no_price": 76,
            "taker_side": "yes"
        },
        {
            "trade_id": "6a52641e-5eed-4f4f-b2d6-339103f802d6",
            "ticker": "KXHIGHCHI-25JAN27-T43",
            "count": 13,
            "created_time": "2025-01-26T15:22:03.220884Z",
            "yes_price": 21,
            "no_price": 79,
            "taker_side": "no"
        },
        {
            "trade_id": "5d3183dd-0b4f-4a9a-a34d-9e9cd5585542",
            "ticker": "KXHIGHCHI-25JAN27-T43",
            "count": 9,
            "created_time": "2025-01-26T15:18:42.910066Z",
            "yes_price": 26,
            "no_price": 74,
            "taker_side": "yes"
        },
        {
            "trade_id": "aa97b270-11f8-4baf-948f-446cb489ef51",
            "ticker": "KXHIGHCHI-25JAN27-T43",
            "count": 86,
            "created_time": "2025-01-26T15:18:10.972587Z",
            "yes_price": 27,
            "no_price": 73,
            "taker_side": "yes"
        },
        {
            "trade_id": "d69b846b-b926-4e7b-b91a-85541412b691",
            "ticker": "KXHIGHCHI-25JAN27-T43",
            "count": 19,
            "created_time": "2025-01-26T15:17:56.145244Z",
            "yes_price": 24,
            "no_price": 76,
            "taker_side": "yes"
        },
        {
            "trade_id": "9452bddc-f7aa-4461-b9fd-e93641d5653a",
            "ticker": "KXHIGHCHI-25JAN27-T43",
            "count": 2,
            "created_time": "2025-01-26T15:17:56.145244Z",
            "yes_price": 24,
            "no_price": 76,
            "taker_side": "yes"
        },
        {
            "trade_id": "697ab55b-6b14-4ee7-91b9-8aec061d3999",
            "ticker": "KXHIGHCHI-25JAN27-T43",
            "count": 180,
            "created_time": "2025-01-26T15:17:56.145244Z",
            "yes_price": 26,
            "no_price": 74,
            "taker_side": "yes"
        },
        {
            "trade_id": "0a05db6a-87be-461f-af2b-5bff6062b1c2",
            "ticker": "KXHIGHCHI-25JAN27-T43",
            "count": 24,
            "created_time": "2025-01-26T15:17:56.145244Z",
            "yes_price": 22,
            "no_price": 78,
            "taker_side": "yes"
        },
        {
            "trade_id": "0336b00f-6287-49a2-a03b-4fc5bcd73b7b",
            "ticker": "KXHIGHCHI-25JAN27-T43",
            "count": 36,
            "created_time": "2025-01-26T15:17:56.145244Z",
            "yes_price": 24,
            "no_price": 76,
            "taker_side": "yes"
        },
        {
            "trade_id": "d72f012c-a9e9-453c-aeec-6317781f9c59",
            "ticker": "KXHIGHCHI-25JAN27-T43",
            "count": 15,
            "created_time": "2025-01-26T15:15:42.687247Z",
            "yes_price": 19,
            "no_price": 81,
            "taker_side": "no"
        },
        {
            "trade_id": "3c994c94-42b6-48c5-b9fc-b56b75fb4635",
            "ticker": "KXHIGHCHI-25JAN27-T43",
            "count": 1,
            "created_time": "2025-01-26T15:15:42.687247Z",
            "yes_price": 19,
            "no_price": 81,
            "taker_side": "no"
        },
        {
            "trade_id": "b1b3021c-8239-41e4-9ad3-cc303141151c",
            "ticker": "KXHIGHCHI-25JAN27-T43",
            "count": 41,
            "created_time": "2025-01-26T15:12:25.085609Z",
            "yes_price": 19,
            "no_price": 81,
            "taker_side": "no"
        },
        {
            "trade_id": "b8081d33-5a35-4f5c-a06b-14608c3f86ff",
            "ticker": "KXHIGHCHI-25JAN27-T43",
            "count": 9,
            "created_time": "2025-01-26T15:12:24.449477Z",
            "yes_price": 10,
            "no_price": 90,
            "taker_side": "yes"
        }
    ],
    "KXHIGHCHI-25JAN27-B43.5": [
        {
            "trade_id": "aff14eaf-0ce9-4a03-b182-a1fbdb4f2cc8",
            "ticker": "KXHIGHCHI-25JAN27-B43.5",
            "count": 935,
            "created_time": "2025-01-28T02:48:09.258454Z",
            "yes_price": 1,
            "no_price": 99,
            "taker_side": "yes"
        },
        {
            "trade_id": "185a9de0-4a20-4eb4-9887-7cedc63864e1",
            "ticker": "KXHIGHCHI-25JAN27-B43.5",
            "count": 592,
