{
    "KXHIGHCHI-25MAR18-T64": [
        {
            "trade_id": "6bdfb0a4-3b19-4618-8c65-1081b0c6272f",
            "ticker": "KXHIGHCHI-25MAR18-T64",
            "count": 125,
            "created_time": "2025-03-18T23:35:05.97931Z",
            "yes_price": 1,
            "no_price": 99,
            "taker_side": "yes"
        },
        {
            "trade_id": "5b742f5a-075e-4f6c-911e-ca2e95207430",
            "ticker": "KXHIGHCHI-25MAR18-T64",
            "count": 905,
            "created_time": "2025-03-18T19:24:47.787961Z",
            "yes_price": 1,
            "no_price": 99,
            "taker_side": "yes"
        },
        {
            "trade_id": "ce25a654-84ac-4f87-b8ba-d03fbb17c6bb",
            "ticker": "KXHIGHCHI-25MAR18-T64",
            "count": 69,
            "created_time": "2025-03-18T15:35:22.449309Z",
            "yes_price": 1,
            "no_price": 99,
            "taker_side": "no"
        },
        {
            "trade_id": "582c2991-83c5-4bf8-b8c0-86c061e20887",
            "ticker": "KXHIGHCHI-25MAR18-T64",
            "count": 56,
            "created_time": "2025-03-18T15:35:22.449309Z",
            "yes_price": 1,
            "no_price": 99,
            "taker_side": "no"
        },
        {
            "trade_id": "997aeb04-a90c-415f-b242-1eeb78b29a83",
            "ticker": "KXHIGHCHI-25MAR18-T64",
            "count": 44,
            "created_time": "2025-03-18T15:04:35.62724Z",
            "yes_price": 1,
            "no_price": 99,
            "taker_side": "no"
        },
        {
            "trade_id": "2a8dc908-3463-4e3b-acf5-4424d9d3ff4c",
            "ticker": "KXHIGHCHI-25MAR18-T64",
            "count": 38,
            "created_time": "2025-03-18T13:57:10.150018Z",
            "yes_price": 1,
            "no_price": 99,
            "taker_side": "no"
        },
        {
            "trade_id": "58d599a1-b301-44ee-930e-85148321734d",
            "ticker": "KXHIGHCHI-25MAR18-T64",
            "count": 12,
            "created_time": "2025-03-18T13:48:19.060193Z",
            "yes_price": 1,
            "no_price": 99,
            "taker_side": "no"
        },
        {
            "trade_id": "2f9d2463-0651-451a-82ee-505e0896fdf2",
            "ticker": "KXHIGHCHI-25MAR18-T64",
            "count": 43,
            "created_time": "2025-03-18T13:37:28.301258Z",
            "yes_price": 1,
            "no_price": 99,
            "taker_side": "no"
        },
        {
            "trade_id": "2a7b3231-3ff9-4327-9bae-ad962eb70085",
            "ticker": "KXHIGHCHI-25MAR18-T64",
            "count": 7,
            "created_time": "2025-03-18T13:37:15.392648Z",
            "yes_price": 1,
            "no_price": 99,
            "taker_side": "no"
        },
        {
            "trade_id": "ad0e73e0-dfac-49e4-b41c-3f75c8449718",
            "ticker": "KXHIGHCHI-25MAR18-T64",
            "count": 500,
            "created_time": "2025-03-18T12:26:57.590955Z",
            "yes_price": 1,
            "no_price": 99,
            "taker_side": "no"
        },
        {
            "trade_id": "a0cd3df8-86b6-447b-a529-afc92367fe87",
            "ticker": "KXHIGHCHI-25MAR18-T64",
            "count": 100,
            "created_time": "2025-03-18T12:26:57.590955Z",
            "yes_price": 1,
            "no_price": 99,
            "taker_side": "no"
        },
        {
            "trade_id": "a70551c8-9d65-4973-9df6-33fae078e83a",
            "ticker": "KXHIGHCHI-25MAR18-T64",
            "count": 100,
            "created_time": "2025-03-18T12:23:02.081175Z",
            "yes_price": 4,
            "no_price": 96,
            "taker_side": "yes"
        },
        {
            "trade_id": "4d68522a-1f6d-4109-b728-4d090bb0432f",
            "ticker": "KXHIGHCHI-25MAR18-T64",
            "count": 36,
            "created_time": "2025-03-18T02:46:45.893134Z",
            "yes_price": 5,
            "no_price": 95,
            "taker_side": "yes"
        }
    ],
    "KXHIGHCHI-25MAR18-B64.5": [
        {
            "trade_id": "e26ac778-5386-44a4-82d7-92f1e732558a",
            "ticker": "KXHIGHCHI-25MAR18-B64.5",
            "count": 7,
            "created_time": "2025-03-18T18:12:50.546467Z",
            "yes_price": 4,
            "no_price": 96,
            "taker_side": "yes"
        },
        {
            "trade_id": "c5a3ff7f-0a13-4116-a037-d6c37cbc2189",
            "ticker": "KXHIGHCHI-25MAR18-B64.5",
            "count": 10,
            "created_time": "2025-03-18T18:12:50.546467Z",
            "yes_price": 4,
            "no_price": 96,
            "taker_side": "yes"
        },
        {
            "trade_id": "5005a14a-26eb-42c5-ae78-0c613c19b9c9",
            "ticker": "KXHIGHCHI-25MAR18-B64.5",
            "count": 7,
            "created_time": "2025-03-18T18:12:50.546467Z",
            "yes_price": 3,
            "no_price": 97,
            "taker_side": "yes"
        },
        {
            "trade_id": "d8232ed4-07b4-4a96-af5a-a0805698d3a6",
            "ticker": "KXHIGHCHI-25MAR18-B64.5",
            "count": 732,
            "created_time": "2025-03-18T18:11:01.862958Z",
            "yes_price": 1,
            "no_price": 99,
            "taker_side": "no"
        },
        {
            "trade_id": "b360f8d9-0d5e-4ae9-8057-9562f04a1d7f",
            "ticker": "KXHIGHCHI-25MAR18-B64.5",
            "count": 337,
            "created_time": "2025-03-18T18:11:01.862958Z",
            "yes_price": 1,
            "no_price": 99,
            "taker_side": "no"
        },
        {
            "trade_id": "69e358db-8e45-43c6-9e66-547a548bce7a",
            "ticker": "KXHIGHCHI-25MAR18-B64.5",
            "count": 10,
            "created_time": "2025-03-18T17:58:34.934256Z",
            "yes_price": 1,
            "no_price": 99,
            "taker_side": "no"
        },
        {
            "trade_id": "b5f35227-177c-48ce-9b91-05548df812d8",
            "ticker": "KXHIGHCHI-25MAR18-B64.5",
            "count": 1,
            "created_time": "2025-03-18T17:56:02.406411Z",
            "yes_price": 1,
            "no_price": 99,
            "taker_side": "no"
        },
        {
            "trade_id": "dccdaa8f-3143-458a-ba1a-4dc49d612d99",
            "ticker": "KXHIGHCHI-25MAR18-B64.5",
            "count": 2,
            "created_time": "2025-03-18T17:52:54.67565Z",
            "yes_price": 1,
            "no_price": 99,
            "taker_side": "no"
        },
        {
            "trade_id": "0b12e742-d63d-4e97-891c-2bbcf6fed652",
            "ticker": "KXHIGHCHI-25MAR18-B64.5",
            "count": 3,
            "created_time": "2025-03-18T15:21:35.729948Z",
            "yes_price": 3,
            "no_price": 97,
            "taker_side": "yes"
        },
        {
            "trade_id": "d36f063a-7232-4d84-94e3-1a1b0afc9300",
            "ticker": "KXHIGHCHI-25MAR18-B64.5",
            "count": 28,
            "created_time": "2025-03-18T15:14:30.921913Z",
            "yes_price": 2,
            "no_price": 98,
            "taker_side": "yes"
        },
        {
            "trade_id": "c2786198-93fc-4894-827a-6579fc6526ab",
            "ticker": "KXHIGHCHI-25MAR18-B64.5",
            "count": 44,
            "created_time": "2025-03-18T15:14:30.921913Z",
            "yes_price": 2,
            "no_price": 98,
            "taker_side": "yes"
        },
        {
            "trade_id": "cb4e1666-39ef-4f12-87ca-93172dfcac51",
            "ticker": "KXHIGHCHI-25MAR18-B64.5",
            "count": 3,
            "created_time": "2025-03-18T14:17:25.628061Z",
            "yes_price": 4,
            "no_price": 96,
            "taker_side": "yes"
        },
        {
            "trade_id": "acfaa495-f60f-42bd-b94c-014e92fc1e66",
            "ticker": "KXHIGHCHI-25MAR18-B64.5",
            "count": 53,
            "created_time": "2025-03-18T13:57:03.149374Z",
            "yes_price": 2,
            "no_price": 98,
            "taker_side": "no"
        },
        {
            "trade_id": "174e0cb9-d52c-478a-8268-ec658f30c394",
            "ticker": "KXHIGHCHI-25MAR18-B64.5",
            "count": 38,
            "created_time": "2025-03-18T13:57:03.149374Z",
            "yes_price": 2,
            "no_price": 98,
            "taker_side": "no"
        },
        {
            "trade_id": "7c0483d1-244a-4dec-b7df-0c0e4c4b0e2a",
            "ticker": "KXHIGHCHI-25MAR18-B64.5",
            "count": 12,
            "created_time": "2025-03-18T13:48:19.068195Z",
            "yes_price": 2,
            "no_price": 98,
            "taker_side": "no"
        },
        {
            "trade_id": "a173daf1-5514-499a-8519-a00a02e285ad",
            "ticker": "KXHIGHCHI-25MAR18-B64.5",
            "count": 3,
            "created_time": "2025-03-18T13:47:37.199894Z",
            "yes_price": 3,
            "no_price": 97,
            "taker_side": "no"
        },
        {
            "trade_id": "ae9fa8f9-9f20-4878-8f5c-72a4c99a6411",
            "ticker": "KXHIGHCHI-25MAR18-B64.5",
            "count": 43,
            "created_time": "2025-03-18T13:37:28.292591Z",
            "yes_price": 2,
            "no_price": 98,
            "taker_side": "no"
        },
        {
            "trade_id": "f3302b2e-2b99-4036-b9df-f3be8616526e",
            "ticker": "KXHIGHCHI-25MAR18-B64.5",
            "count": 7,
            "created_time": "2025-03-18T13:37:15.397772Z",
            "yes_price": 2,
            "no_price": 98,
            "taker_side": "no"
        },
        {
            "trade_id": "9233ebe8-4eaa-4874-90af-4853a684a137",
            "ticker": "KXHIGHCHI-25MAR18-B64.5",
            "count": 150,
            "created_time": "2025-03-18T13:29:07.836823Z",
            "yes_price": 1,
            "no_price": 99,
            "taker_side": "no"
        },
        {
            "trade_id": "4bff8218-683c-45d0-a5c6-2e0dbb48111d",
            "ticker": "KXHIGHCHI-25MAR18-B64.5",
            "count": 90,
            "created_time": "2025-03-18T13:09:15.670447Z",
            "yes_price": 5,
            "no_price": 95,
            "taker_side": "yes"
        },
        {
            "trade_id": "bd24b435-6bcd-45c9-9867-4b7b77de6676",
            "ticker": "KXHIGHCHI-25MAR18-B64.5",
            "count": 50,
            "created_time": "2025-03-18T12:30:01.418577Z",
            "yes_price": 5,
            "no_price": 95,
            "taker_side": "yes"
        },
        {
            "trade_id": "8b5caff4-b5b0-4a6d-9147-0e7f0b76bf24",
            "ticker": "KXHIGHCHI-25MAR18-B64.5",
            "count": 98,
            "created_time": "2025-03-18T12:26:56.982769Z",
            "yes_price": 5,
            "no_price": 95,
            "taker_side": "yes"
        },
        {
            "trade_id": "24537421-aee0-4db5-ad20-ab88eee00d68",
            "ticker": "KXHIGHCHI-25MAR18-B64.5",
            "count": 10,
            "created_time": "2025-03-18T12:26:56.982769Z",
            "yes_price": 5,
            "no_price": 95,
            "taker_side": "yes"
        },
        {
            "trade_id": "aeca7b5b-e36a-4dd5-87e0-bb771d28e56a",
            "ticker": "KXHIGHCHI-25MAR18-B64.5",
            "count": 50,
            "created_time": "2025-03-18T12:23:47.334815Z",
            "yes_price": 5,
            "no_price": 95,
            "taker_side": "yes"
        },
        {
            "trade_id": "736475ba-a71b-42b6-9abd-a78356046b87",
            "ticker": "KXHIGHCHI-25MAR18-B64.5",
            "count": 8,
            "created_time": "2025-03-18T12:23:47.334815Z",
            "yes_price": 5,
            "no_price": 95,
            "taker_side": "yes"
        },
        {
            "trade_id": "d3ea7440-f752-41db-8073-9c68fea7d427",
            "ticker": "KXHIGHCHI-25MAR18-B64.5",
            "count": 50,
            "created_time": "2025-03-18T12:21:07.933254Z",
            "yes_price": 5,
            "no_price": 95,
            "taker_side": "yes"
        },
        {
            "trade_id": "beb862a4-e6aa-4711-82ae-6f7623c6ace8",
            "ticker": "KXHIGHCHI-25MAR18-B64.5",
            "count": 59,
            "created_time": "2025-03-18T03:09:26.643086Z",
            "yes_price": 6,
            "no_price": 94,
            "taker_side": "yes"
        },
        {
            "trade_id": "b9af2337-ee3d-4081-9ac4-bb58860b7990",
            "ticker": "KXHIGHCHI-25MAR18-B64.5",
            "count": 55,
            "created_time": "2025-03-18T03:09:26.643086Z",
            "yes_price": 4,
            "no_price": 96,
            "taker_side": "yes"
        },
        {
            "trade_id": "7e54d54f-71b5-434e-b42a-56b483331a7a",
            "ticker": "KXHIGHCHI-25MAR18-B64.5",
            "count": 401,
            "created_time": "2025-03-18T03:09:26.643086Z",
            "yes_price": 6,
            "no_price": 94,
            "taker_side": "yes"
        },
        {
            "trade_id": "158dd240-b950-4e25-b380-a97270d7ee7c",
            "ticker": "KXHIGHCHI-25MAR18-B64.5",
            "count": 312,
            "created_time": "2025-03-18T03:09:26.643086Z",
            "yes_price": 5,
            "no_price": 95,
            "taker_side": "yes"
        },
        {
            "trade_id": "e36f2c64-ed28-4093-ba43-6a5bd15f5860",
            "ticker": "KXHIGHCHI-25MAR18-B64.5",
            "count": 73,
            "created_time": "2025-03-18T02:11:53.026388Z",
            "yes_price": 6,
            "no_price": 94,
            "taker_side": "yes"
        },
        {
            "trade_id": "b41f4ddd-f9a3-4010-9638-dfbb92b8f044",
            "ticker": "KXHIGHCHI-25MAR18-B64.5",
            "count": 58,
            "created_time": "2025-03-18T02:11:53.026388Z",
            "yes_price": 4,
            "no_price": 96,
            "taker_side": "yes"
        },
        {
            "trade_id": "000d3669-e859-4abf-951d-0093a315a530",
            "ticker": "KXHIGHCHI-25MAR18-B64.5",
            "count": 19,
            "created_time": "2025-03-18T02:11:53.026388Z",
            "yes_price": 6,
            "no_price": 94,
            "taker_side": "yes"
        },
        {
            "trade_id": "53ad214d-0b4b-4083-aa90-eb06784be182",
            "ticker": "KXHIGHCHI-25MAR18-B64.5",
            "count": 27,
            "created_time": "2025-03-17T20:40:38.928784Z",
            "yes_price": 6,
            "no_price": 94,
            "taker_side": "no"
        },
        {
            "trade_id": "9144e560-d505-4b0b-b070-4dd06d0b5880",
            "ticker": "KXHIGHCHI-25MAR18-B64.5",
            "count": 73,
            "created_time": "2025-03-17T20:39:46.70765Z",
            "yes_price": 6,
            "no_price": 94,
            "taker_side": "no"
        }
    ],
    "KXHIGHCHI-25MAR18-B66.5": [
        {
            "trade_id": "cea8c0f2-3048-4f34-a371-07315bb37e83",
            "ticker": "KXHIGHCHI-25MAR18-B66.5",
            "count": 241,
            "created_time": "2025-03-18T22:10:06.987616Z",
            "yes_price": 1,
            "no_price": 99,
            "taker_side": "yes"
        },
        {
            "trade_id": "cb28d810-d85c-4bcb-9f0b-357672a69a71",
            "ticker": "KXHIGHCHI-25MAR18-B66.5",
            "count": 50,
            "created_time": "2025-03-18T22:10:06.987616Z",
            "yes_price": 1,
            "no_price": 99,
            "taker_side": "yes"
        },
        {
            "trade_id": "a9812a9c-0d3c-4110-b61c-2b3f0b74794c",
            "ticker": "KXHIGHCHI-25MAR18-B66.5",
            "count": 1,
            "created_time": "2025-03-18T22:10:06.987616Z",
            "yes_price": 1,
            "no_price": 99,
            "taker_side": "yes"
        },
        {
            "trade_id": "6973fe39-856a-4b4a-bd05-17ffec06500d",
            "ticker": "KXHIGHCHI-25MAR18-B66.5",
            "count": 4121,
            "created_time": "2025-03-18T22:10:06.987616Z",
            "yes_price": 1,
            "no_price": 99,
            "taker_side": "yes"
        },
        {
            "trade_id": "f9246a01-f43c-447d-bf49-47785be86a3d",
            "ticker": "KXHIGHCHI-25MAR18-B66.5",
            "count": 20,
            "created_time": "2025-03-18T19:28:35.961242Z",
            "yes_price": 1,
            "no_price": 99,
            "taker_side": "yes"
        },
        {
            "trade_id": "349df988-c3a6-45b1-b61c-5ea08e97e20d",
            "ticker": "KXHIGHCHI-25MAR18-B66.5",
            "count": 159,
            "created_time": "2025-03-18T19:28:35.961242Z",
            "yes_price": 1,
            "no_price": 99,
            "taker_side": "yes"
        },
        {
            "trade_id": "50add1cd-3ddb-4661-8f0b-1505e0c0cd9f",
            "ticker": "KXHIGHCHI-25MAR18-B66.5",
            "count": 10,
            "created_time": "2025-03-18T18:26:05.390805Z",
            "yes_price": 1,
            "no_price": 99,
            "taker_side": "no"
        },
        {
            "trade_id": "1db047ab-32d5-449f-9bcf-0b3cc517e08a",
            "ticker": "KXHIGHCHI-25MAR18-B66.5",
            "count": 30,
            "created_time": "2025-03-18T18:26:05.377164Z",
            "yes_price": 1,
            "no_price": 99,
            "taker_side": "no"
        },
        {
            "trade_id": "a7c05773-943e-40d5-9f89-84f652ada6b8",
            "ticker": "KXHIGHCHI-25MAR18-B66.5",
            "count": 10,
            "created_time": "2025-03-18T18:25:40.653916Z",
            "yes_price": 1,
            "no_price": 99,
            "taker_side": "yes"
        },
        {
            "trade_id": "f159c9b5-3cd0-4cb8-935b-2d4b4fd85ac2",
            "ticker": "KXHIGHCHI-25MAR18-B66.5",
            "count": 50,
            "created_time": "2025-03-18T18:23:10.460942Z",
            "yes_price": 1,
            "no_price": 99,
            "taker_side": "no"
        },
        {
            "trade_id": "7962d693-a1c9-41f1-bbbf-2e12d1fbb313",
            "ticker": "KXHIGHCHI-25MAR18-B66.5",
            "count": 251,
            "created_time": "2025-03-18T18:23:10.460942Z",
            "yes_price": 1,
            "no_price": 99,
            "taker_side": "no"
        },
        {
            "trade_id": "023cf558-73b6-4d88-b78b-d206ae94b5dc",
            "ticker": "KXHIGHCHI-25MAR18-B66.5",
            "count": 689,
            "created_time": "2025-03-18T18:23:10.460942Z",
            "yes_price": 1,
            "no_price": 99,
            "taker_side": "no"
        },
        {
            "trade_id": "18eaa153-26ad-4ad7-96f8-e8bc6e80449f",
            "ticker": "KXHIGHCHI-25MAR18-B66.5",
            "count": 20,
            "created_time": "2025-03-18T18:20:58.92402Z",
            "yes_price": 2,
            "no_price": 98,
            "taker_side": "no"
        },
        {
            "trade_id": "01d284f5-3c3e-4c3f-abae-b5a68c654798",
            "ticker": "KXHIGHCHI-25MAR18-B66.5",
            "count": 20,
            "created_time": "2025-03-18T18:20:58.92402Z",
            "yes_price": 2,
            "no_price": 98,
            "taker_side": "no"
        },
        {
            "trade_id": "c0e3935a-5509-49b6-bec6-68378acf3bdf",
            "ticker": "KXHIGHCHI-25MAR18-B66.5",
            "count": 10,
            "created_time": "2025-03-18T17:58:34.93023Z",
            "yes_price": 2,
            "no_price": 98,
            "taker_side": "no"
        },
        {
            "trade_id": "30f0f56f-c5c1-425f-a370-5ca4d64ee209",
            "ticker": "KXHIGHCHI-25MAR18-B66.5",
            "count": 245,
            "created_time": "2025-03-18T17:57:14.137493Z",
            "yes_price": 3,
            "no_price": 97,
            "taker_side": "yes"
        },
        {
            "trade_id": "d271e16a-e882-4357-99af-d992e3b7e978",
            "ticker": "KXHIGHCHI-25MAR18-B66.5",
            "count": 1,
            "created_time": "2025-03-18T17:56:02.405402Z",
            "yes_price": 1,
            "no_price": 99,
            "taker_side": "no"
        },
        {
            "trade_id": "74fe47de-705f-49d1-9d94-fad581728831",
            "ticker": "KXHIGHCHI-25MAR18-B66.5",
            "count": 2,
            "created_time": "2025-03-18T17:52:54.677716Z",
            "yes_price": 1,
            "no_price": 99,
            "taker_side": "no"
        },
        {
            "trade_id": "388f488a-219c-403d-9f5e-4386c794bf06",
            "ticker": "KXHIGHCHI-25MAR18-B66.5",
            "count": 45,
            "created_time": "2025-03-18T17:02:28.866542Z",
            "yes_price": 4,
            "no_price": 96,
            "taker_side": "yes"
        },
        {
            "trade_id": "d43e9c3f-61c4-4b16-af54-7c940224287e",
            "ticker": "KXHIGHCHI-25MAR18-B66.5",
            "count": 69,
            "created_time": "2025-03-18T16:03:19.250091Z",
            "yes_price": 5,
            "no_price": 95,
            "taker_side": "yes"
        },
        {
            "trade_id": "b848d4bc-bd6d-4e5a-aaa8-20f6428e626b",
            "ticker": "KXHIGHCHI-25MAR18-B66.5",
            "count": 1,
            "created_time": "2025-03-18T16:03:19.250091Z",
            "yes_price": 4,
            "no_price": 96,
            "taker_side": "yes"
        },
        {
            "trade_id": "8cf030c5-e98f-4fa7-af60-f33431a7488d",
            "ticker": "KXHIGHCHI-25MAR18-B66.5",
            "count": 74,
            "created_time": "2025-03-18T16:03:19.250091Z",
            "yes_price": 4,
            "no_price": 96,
            "taker_side": "yes"
        },
        {
            "trade_id": "042c4eab-f5b7-4390-b800-f2ffd91ecd3f",
            "ticker": "KXHIGHCHI-25MAR18-B66.5",
            "count": 57,
            "created_time": "2025-03-18T16:03:19.250091Z",
            "yes_price": 4,
            "no_price": 96,
            "taker_side": "yes"
        },
        {
            "trade_id": "02437d66-b39e-4bed-be1e-9c53296652b2",
            "ticker": "KXHIGHCHI-25MAR18-B66.5",
            "count": 3,
            "created_time": "2025-03-18T16:03:19.250091Z",
            "yes_price": 4,
            "no_price": 96,
            "taker_side": "yes"
        },
        {
            "trade_id": "41026053-6d11-4258-9f88-4854cbe7a894",
            "ticker": "KXHIGHCHI-25MAR18-B66.5",
            "count": 3,
            "created_time": "2025-03-18T16:00:56.696323Z",
            "yes_price": 4,
            "no_price": 96,
            "taker_side": "yes"
        },
        {
            "trade_id": "0e3e05b7-5d9d-409d-a1b8-8c67728d546b",
            "ticker": "KXHIGHCHI-25MAR18-B66.5",
            "count": 43,
            "created_time": "2025-03-18T15:13:31.648513Z",
            "yes_price": 2,
            "no_price": 98,
            "taker_side": "no"
        },
        {
            "trade_id": "a465610a-48aa-4e14-ba59-becfe2ea91bb",
            "ticker": "KXHIGHCHI-25MAR18-B66.5",
            "count": 74,
            "created_time": "2025-03-18T14:27:43.44488Z",
            "yes_price": 3,
            "no_price": 97,
            "taker_side": "no"
        },
        {
            "trade_id": "ab7607fa-4d8f-4f55-8ee7-4e74ac60c8fc",
            "ticker": "KXHIGHCHI-25MAR18-B66.5",
            "count": 215,
            "created_time": "2025-03-18T14:18:02.449765Z",
            "yes_price": 3,
            "no_price": 97,
            "taker_side": "yes"
        },
        {
            "trade_id": "6ceb7694-5a2f-4c21-9111-36f14c108231",
            "ticker": "KXHIGHCHI-25MAR18-B66.5",
            "count": 62,
            "created_time": "2025-03-18T14:18:02.449765Z",
            "yes_price": 4,
            "no_price": 96,
            "taker_side": "yes"
        },
        {
            "trade_id": "6acfa004-2af8-45c6-a2c7-6f03e0603595",
            "ticker": "KXHIGHCHI-25MAR18-B66.5",
            "count": 2,
            "created_time": "2025-03-18T14:18:02.449765Z",
            "yes_price": 4,
            "no_price": 96,
            "taker_side": "yes"
        },
        {
            "trade_id": "01af7cf6-bf7e-4f69-accc-c898dd6ebbb9",
            "ticker": "KXHIGHCHI-25MAR18-B66.5",
            "count": 44,
            "created_time": "2025-03-18T14:18:02.449765Z",
            "yes_price": 4,
            "no_price": 96,
            "taker_side": "yes"
        },
        {
            "trade_id": "f4917b7b-f826-466c-b815-870a516b8e0b",
            "ticker": "KXHIGHCHI-25MAR18-B66.5",
            "count": 6,
            "created_time": "2025-03-18T14:14:49.577858Z",
            "yes_price": 4,
            "no_price": 96,
            "taker_side": "yes"
        },
        {
            "trade_id": "06ff5432-9925-444c-8bc8-d98433ffacea",
            "ticker": "KXHIGHCHI-25MAR18-B66.5",
            "count": 112,
            "created_time": "2025-03-18T14:14:49.577858Z",
            "yes_price": 3,
            "no_price": 97,
            "taker_side": "yes"
        },
        {
            "trade_id": "fe752e39-0e37-425b-a34c-24fe6f1e579c",
            "ticker": "KXHIGHCHI-25MAR18-B66.5",
            "count": 100,
            "created_time": "2025-03-18T13:56:57.266728Z",
            "yes_price": 2,
            "no_price": 98,
            "taker_side": "no"
        },
        {
            "trade_id": "a1d9ac21-5b28-476b-a8ce-708a2c356e21",
            "ticker": "KXHIGHCHI-25MAR18-B66.5",
            "count": 138,
            "created_time": "2025-03-18T13:56:57.266728Z",
            "yes_price": 2,
            "no_price": 98,
            "taker_side": "no"
        },
        {
            "trade_id": "9b596a83-7bfe-4a23-81f4-a515c3fdeb4d",
            "ticker": "KXHIGHCHI-25MAR18-B66.5",
            "count": 50,
            "created_time": "2025-03-18T13:56:57.266728Z",
            "yes_price": 2,
            "no_price": 98,
            "taker_side": "no"
        },
        {
            "trade_id": "ff4c9d4a-b6c2-4313-b91b-318a10128d5e",
            "ticker": "KXHIGHCHI-25MAR18-B66.5",
            "count": 12,
            "created_time": "2025-03-18T13:48:19.065772Z",
            "yes_price": 2,
            "no_price": 98,
            "taker_side": "no"
        },
        {
            "trade_id": "46b82705-d639-4d5c-b2ee-eb867319a161",
            "ticker": "KXHIGHCHI-25MAR18-B66.5",
            "count": 43,
            "created_time": "2025-03-18T13:37:28.298891Z",
            "yes_price": 3,
            "no_price": 97,
            "taker_side": "no"
        },
        {
            "trade_id": "8cc99570-1d99-41c2-b6ad-14bb950dbcd9",
            "ticker": "KXHIGHCHI-25MAR18-B66.5",
            "count": 7,
            "created_time": "2025-03-18T13:37:15.392328Z",
            "yes_price": 3,
            "no_price": 97,
            "taker_side": "no"
        },
        {
            "trade_id": "63f161ed-1e60-4264-9d54-b729325e4948",
            "ticker": "KXHIGHCHI-25MAR18-B66.5",
            "count": 50,
            "created_time": "2025-03-18T13:33:15.214044Z",
            "yes_price": 3,
            "no_price": 97,
            "taker_side": "yes"
        },
        {
            "trade_id": "5dad6286-b617-4c82-807d-c65fec1242ac",
            "ticker": "KXHIGHCHI-25MAR18-B66.5",
            "count": 150,
            "created_time": "2025-03-18T13:29:23.449232Z",
            "yes_price": 2,
            "no_price": 98,
            "taker_side": "no"
        },
        {
            "trade_id": "d4506eaa-713a-4fe2-8609-4925b834cb15",
            "ticker": "KXHIGHCHI-25MAR18-B66.5",
            "count": 20,
            "created_time": "2025-03-18T12:28:17.011862Z",
            "yes_price": 4,
            "no_price": 96,
            "taker_side": "yes"
        },
        {
            "trade_id": "dc20166f-5bf6-4a86-899f-3b5db234de43",
            "ticker": "KXHIGHCHI-25MAR18-B66.5",
            "count": 18,
            "created_time": "2025-03-18T12:25:57.74589Z",
            "yes_price": 4,
            "no_price": 96,
            "taker_side": "yes"
        },
        {
            "trade_id": "1cf62b9b-c204-42a2-a593-36e47727d377",
            "ticker": "KXHIGHCHI-25MAR18-B66.5",
            "count": 2,
            "created_time": "2025-03-18T12:25:57.74589Z",
            "yes_price": 4,
            "no_price": 96,
            "taker_side": "yes"
        },
        {
            "trade_id": "f25155ae-635f-4e1a-8482-4d6221729622",
            "ticker": "KXHIGHCHI-25MAR18-B66.5",
            "count": 16,
            "created_time": "2025-03-18T12:21:23.773036Z",
            "yes_price": 4,
            "no_price": 96,
            "taker_side": "yes"
        },
        {
            "trade_id": "b212e4a8-2185-40fa-ba3c-e20e1a7520af",
            "ticker": "KXHIGHCHI-25MAR18-B66.5",
            "count": 59,
            "created_time": "2025-03-18T12:21:23.773036Z",
            "yes_price": 4,
            "no_price": 96,
            "taker_side": "yes"
        },
        {
            "trade_id": "b94e01b4-440a-4b59-a594-9c895607870a",
            "ticker": "KXHIGHCHI-25MAR18-B66.5",
            "count": 66,
            "created_time": "2025-03-18T12:18:37.001313Z",
            "yes_price": 4,
            "no_price": 96,
            "taker_side": "no"
        },
        {
            "trade_id": "ef83c7b6-0ad7-44d6-a5c5-213118396e0f",
            "ticker": "KXHIGHCHI-25MAR18-B66.5",
            "count": 20,
            "created_time": "2025-03-18T12:15:35.057657Z",
            "yes_price": 4,
            "no_price": 96,
            "taker_side": "no"
        },
        {
            "trade_id": "4effadb6-2351-4f1f-8ad4-bf764a9d334e",
            "ticker": "KXHIGHCHI-25MAR18-B66.5",
            "count": 20,
            "created_time": "2025-03-18T12:12:59.566822Z",
            "yes_price": 4,
            "no_price": 96,
            "taker_side": "no"
        },
        {
            "trade_id": "dc962969-a74f-4f1f-bb52-4811486a4fb5",
            "ticker": "KXHIGHCHI-25MAR18-B66.5",
            "count": 20,
            "created_time": "2025-03-18T12:09:37.516827Z",
            "yes_price": 4,
            "no_price": 96,
            "taker_side": "no"
        },
        {
            "trade_id": "9089463a-7fa3-49a4-88f3-5875bee9c81e",
            "ticker": "KXHIGHCHI-25MAR18-B66.5",
            "count": 20,
            "created_time": "2025-03-18T12:06:44.59604Z",
            "yes_price": 4,
            "no_price": 96,
            "taker_side": "no"
        },
        {
            "trade_id": "f8d64c1e-966e-429f-be8e-80312ad5fd33",
            "ticker": "KXHIGHCHI-25MAR18-B66.5",
            "count": 23,
            "created_time": "2025-03-18T12:03:29.708143Z",
            "yes_price": 4,
            "no_price": 96,
            "taker_side": "no"
        },
        {
            "trade_id": "ac8f91e9-f457-4600-bbbf-96e5a42c75b0",
            "ticker": "KXHIGHCHI-25MAR18-B66.5",
            "count": 1,
            "created_time": "2025-03-18T12:02:09.626638Z",
            "yes_price": 4,
            "no_price": 96,
            "taker_side": "no"
        },
        {
            "trade_id": "c2b94532-36e3-4c24-9eb3-e9d298a3676c",
            "ticker": "KXHIGHCHI-25MAR18-B66.5",
            "count": 20,
            "created_time": "2025-03-18T12:01:26.925575Z",
            "yes_price": 4,
            "no_price": 96,
            "taker_side": "no"
        },
        {
            "trade_id": "006c7e03-a24e-4c4e-a15c-88386fb5046a",
            "ticker": "KXHIGHCHI-25MAR18-B66.5",
            "count": 20,
            "created_time": "2025-03-18T12:00:31.946839Z",
            "yes_price": 4,
            "no_price": 96,
            "taker_side": "no"
        },
        {
            "trade_id": "a5437680-4279-42a1-8b44-4378ba4e4f1f",
            "ticker": "KXHIGHCHI-25MAR18-B66.5",
            "count": 9,
            "created_time": "2025-03-18T05:50:15.721844Z",
            "yes_price": 6,
            "no_price": 94,
            "taker_side": "yes"
        },
        {
            "trade_id": "73bb8c93-b086-48c9-8c0e-e4dee46c5b71",
            "ticker": "KXHIGHCHI-25MAR18-B66.5",
            "count": 44,
            "created_time": "2025-03-18T05:50:15.721844Z",
            "yes_price": 7,
            "no_price": 93,
            "taker_side": "yes"
        },
        {
            "trade_id": "3dc1a822-c5a9-4661-8f62-5b8e6a848231",
            "ticker": "KXHIGHCHI-25MAR18-B66.5",
            "count": 47,
            "created_time": "2025-03-18T05:50:15.721844Z",
            "yes_price": 6,
            "no_price": 94,
            "taker_side": "yes"
        },
        {
            "trade_id": "7c57aade-2cac-4b9a-a87d-02cf34e8a279",
            "ticker": "KXHIGHCHI-25MAR18-B66.5",
            "count": 91,
            "created_time": "2025-03-18T04:47:45.918246Z",
            "yes_price": 6,
            "no_price": 94,
            "taker_side": "no"
        },
        {
            "trade_id": "1e1ab68f-ef43-400a-a500-8340c489a4ea",
            "ticker": "KXHIGHCHI-25MAR18-B66.5",
            "count": 200,
            "created_time": "2025-03-18T04:47:45.918246Z",
            "yes_price": 6,
            "no_price": 94,
            "taker_side": "no"
        },
        {
            "trade_id": "ed55b5b8-9281-4bde-868d-28f4f64486a7",
            "ticker": "KXHIGHCHI-25MAR18-B66.5",
            "count": 15,
            "created_time": "2025-03-18T04:45:48.116218Z",
            "yes_price": 6,
            "no_price": 94,
            "taker_side": "no"
        },
        {
            "trade_id": "9da1a451-ee98-4fc4-94f5-dab70cd5f4f2",
            "ticker": "KXHIGHCHI-25MAR18-B66.5",
            "count": 19,
            "created_time": "2025-03-18T03:25:24.120672Z",
            "yes_price": 6,
            "no_price": 94,
            "taker_side": "no"
        },
        {
            "trade_id": "4aebcd4c-a233-4f55-9a83-b199701d9242",
            "ticker": "KXHIGHCHI-25MAR18-B66.5",
            "count": 40,
            "created_time": "2025-03-18T02:30:03.169263Z",
            "yes_price": 7,
            "no_price": 93,
            "taker_side": "no"
        },
        {
            "trade_id": "efc957de-10d5-4642-8651-b0f6d4eb6747",
            "ticker": "KXHIGHCHI-25MAR18-B66.5",
            "count": 44,
            "created_time": "2025-03-18T02:29:48.422991Z",
            "yes_price": 7,
            "no_price": 93,
            "taker_side": "no"
        },
        {
            "trade_id": "c87e1a6a-c9a7-4ef8-8439-58d0d129db60",
            "ticker": "KXHIGHCHI-25MAR18-B66.5",
            "count": 90,
            "created_time": "2025-03-18T02:11:38.228769Z",
            "yes_price": 9,
            "no_price": 91,
            "taker_side": "yes"
        },
        {
            "trade_id": "5de645ba-9fd8-403c-86c7-3d6dabeeac52",
            "ticker": "KXHIGHCHI-25MAR18-B66.5",
            "count": 60,
            "created_time": "2025-03-18T02:11:38.228769Z",
            "yes_price": 8,
            "no_price": 92,
            "taker_side": "yes"
        },
        {
            "trade_id": "030f5735-6018-4606-ba8f-2a5d4428b96d",
            "ticker": "KXHIGHCHI-25MAR18-B66.5",
            "count": 4,
            "created_time": "2025-03-18T00:54:59.512773Z",
            "yes_price": 10,
            "no_price": 90,
            "taker_side": "yes"
        },
        {
            "trade_id": "f5a262f3-6be3-4f44-b27c-856466a3abd1",
            "ticker": "KXHIGHCHI-25MAR18-B66.5",
            "count": 44,
            "created_time": "2025-03-18T00:50:45.904889Z",
            "yes_price": 9,
            "no_price": 91,
            "taker_side": "yes"
        },
        {
            "trade_id": "a8ec1940-d9e4-47a3-b616-2efcbde00dc1",
            "ticker": "KXHIGHCHI-25MAR18-B66.5",
            "count": 60,
            "created_time": "2025-03-18T00:50:45.904889Z",
            "yes_price": 10,
            "no_price": 90,
            "taker_side": "yes"
        },
        {
            "trade_id": "8a4b40fd-2adf-44d6-915a-bb19194e98ed",
            "ticker": "KXHIGHCHI-25MAR18-B66.5",
            "count": 60,
            "created_time": "2025-03-17T23:50:46.089464Z",
            "yes_price": 10,
            "no_price": 90,
            "taker_side": "yes"
        },
        {
            "trade_id": "2cfcb950-cf2f-479c-bd2c-135035d348c4",
            "ticker": "KXHIGHCHI-25MAR18-B66.5",
            "count": 10,
            "created_time": "2025-03-17T23:50:46.089464Z",
            "yes_price": 10,
            "no_price": 90,
            "taker_side": "yes"
        },
        {
            "trade_id": "560b4a0d-b4af-4cfc-90b6-b9c8dae2d118",
            "ticker": "KXHIGHCHI-25MAR18-B66.5",
            "count": 7,
            "created_time": "2025-03-17T21:51:13.397876Z",
            "yes_price": 8,
            "no_price": 92,
            "taker_side": "no"
        },
        {
            "trade_id": "c0a72661-7364-439c-94dc-cfad5adcaa00",
            "ticker": "KXHIGHCHI-25MAR18-B66.5",
            "count": 13,
            "created_time": "2025-03-17T21:50:37.18816Z",
            "yes_price": 9,
            "no_price": 91,
            "taker_side": "no"
        },
        {
            "trade_id": "d806d442-ddab-42c3-837b-6022a8e75410",
            "ticker": "KXHIGHCHI-25MAR18-B66.5",
            "count": 34,
            "created_time": "2025-03-17T21:42:45.300611Z",
            "yes_price": 9,
            "no_price": 91,
            "taker_side": "no"
        },
        {
            "trade_id": "752e305c-cf49-4968-828a-3847b17a5341",
            "ticker": "KXHIGHCHI-25MAR18-B66.5",
            "count": 36,
            "created_time": "2025-03-17T21:36:44.4267Z",
            "yes_price": 11,
            "no_price": 89,
            "taker_side": "no"
        },
        {
            "trade_id": "4c55ca72-c136-495c-ab5f-2100b1c36c67",
            "ticker": "KXHIGHCHI-25MAR18-B66.5",
            "count": 24,
            "created_time": "2025-03-17T21:36:44.4267Z",
            "yes_price": 13,
            "no_price": 87,
            "taker_side": "no"
        },
        {
            "trade_id": "022e88ba-cce3-4042-9aef-cd3802439e13",
            "ticker": "KXHIGHCHI-25MAR18-B66.5",
            "count": 34,
            "created_time": "2025-03-17T21:15:58.777687Z",
            "yes_price": 19,
            "no_price": 81,
            "taker_side": "no"
        },
        {
            "trade_id": "6610a6c8-5883-4ff4-bd72-7516bc10e425",
            "ticker": "KXHIGHCHI-25MAR18-B66.5",
            "count": 15,
            "created_time": "2025-03-17T21:15:57.145469Z",
            "yes_price": 19,
            "no_price": 81,
            "taker_side": "no"
        },
        {
            "trade_id": "6ac18b2f-a318-4fe2-9703-1990f80a4e4a",
            "ticker": "KXHIGHCHI-25MAR18-B66.5",
            "count": 1,
            "created_time": "2025-03-17T21:15:16.385946Z",
            "yes_price": 19,
            "no_price": 81,
            "taker_side": "no"
        },
        {
            "trade_id": "0e55d571-564e-4ac3-9a5f-f701a204dad3",
            "ticker": "KXHIGHCHI-25MAR18-B66.5",
            "count": 17,
            "created_time": "2025-03-17T21:15:05.80813Z",
            "yes_price": 19,
            "no_price": 81,
            "taker_side": "no"
        },
        {
            "trade_id": "1c13324e-e62c-4964-a6e2-faa7c35ecada",
            "ticker": "KXHIGHCHI-25MAR18-B66.5",
            "count": 9,
            "created_time": "2025-03-17T21:14:55.476357Z",
            "yes_price": 19,
            "no_price": 81,
            "taker_side": "no"
        },
        {
            "trade_id": "d51de8da-4d8b-4571-8bda-fe23df78a4c6",
            "ticker": "KXHIGHCHI-25MAR18-B66.5",
            "count": 1,
            "created_time": "2025-03-17T21:14:17.577264Z",
            "yes_price": 19,
            "no_price": 81,
            "taker_side": "no"
        },
        {
            "trade_id": "bc6fa314-8fd1-4f67-9df5-1922210e7606",
            "ticker": "KXHIGHCHI-25MAR18-B66.5",
            "count": 1,
            "created_time": "2025-03-17T21:14:07.206151Z",
            "yes_price": 19,
            "no_price": 81,
            "taker_side": "no"
        },
        {
            "trade_id": "aa5fde30-cf26-4628-a058-cadc5f5f7eb9",
            "ticker": "KXHIGHCHI-25MAR18-B66.5",
            "count": 4,
            "created_time": "2025-03-17T21:13:56.496851Z",
            "yes_price": 19,
            "no_price": 81,
            "taker_side": "no"
        },
        {
            "trade_id": "54e14d7a-3fe9-4ee9-afee-a9a0de11b032",
            "ticker": "KXHIGHCHI-25MAR18-B66.5",
            "count": 18,
            "created_time": "2025-03-17T21:13:46.288552Z",
            "yes_price": 19,
            "no_price": 81,
            "taker_side": "no"
        },
        {
            "trade_id": "92e73d9e-d9d7-4efa-9773-b1e09bf38d47",
            "ticker": "KXHIGHCHI-25MAR18-B66.5",
            "count": 25,
            "created_time": "2025-03-17T20:38:32.330517Z",
            "yes_price": 22,
            "no_price": 78,
            "taker_side": "no"
        },
        {
            "trade_id": "13bfb965-0a98-47e8-8dad-a4719f09e9bd",
            "ticker": "KXHIGHCHI-25MAR18-B66.5",
            "count": 75,
            "created_time": "2025-03-17T20:37:00.436404Z",
            "yes_price": 22,
            "no_price": 78,
            "taker_side": "no"
        },
        {
            "trade_id": "4e25d73f-932f-417d-9ec0-377c2919a259",
            "ticker": "KXHIGHCHI-25MAR18-B66.5",
            "count": 60,
            "created_time": "2025-03-17T20:31:51.392254Z",
            "yes_price": 21,
            "no_price": 79,
            "taker_side": "no"
        },
        {
            "trade_id": "191ee548-f66d-4b6e-b7a9-d2eb4f059519",
            "ticker": "KXHIGHCHI-25MAR18-B66.5",
            "count": 150,
            "created_time": "2025-03-17T20:31:51.392254Z",
            "yes_price": 22,
            "no_price": 78,
            "taker_side": "no"
        },
        {
            "trade_id": "58db42c8-98b3-462b-a737-65babab8596e",
            "ticker": "KXHIGHCHI-25MAR18-B66.5",
            "count": 106,
            "created_time": "2025-03-17T20:24:08.413881Z",
            "yes_price": 22,
            "no_price": 78,
            "taker_side": "no"
        },
        {
            "trade_id": "1b5ed200-7079-49f6-bcee-c654f4be19de",
            "ticker": "KXHIGHCHI-25MAR18-B66.5",
            "count": 18,
            "created_time": "2025-03-17T20:24:08.413881Z",
            "yes_price": 20,
            "no_price": 80,
            "taker_side": "no"
        },
        {
            "trade_id": "3c4c3125-695b-4bd5-a03a-9adc2721c86e",
            "ticker": "KXHIGHCHI-25MAR18-B66.5",
            "count": 43,
            "created_time": "2025-03-17T16:27:02.987306Z",
            "yes_price": 28,
            "no_price": 72,
            "taker_side": "yes"
        },
        {
            "trade_id": "8f09b83a-6b72-4624-9386-ba0a4197d7fb",
            "ticker": "KXHIGHCHI-25MAR18-B66.5",
            "count": 20,
            "created_time": "2025-03-17T14:51:03.334039Z",
            "yes_price": 35,
            "no_price": 65,
            "taker_side": "no"
        },
        {
            "trade_id": "6eb3118a-4a22-49d0-9d24-de0fbb542fb7",
            "ticker": "KXHIGHCHI-25MAR18-B66.5",
            "count": 24,
            "created_time": "2025-03-17T14:51:03.334039Z",
            "yes_price": 34,
            "no_price": 66,
            "taker_side": "no"
        }
    ],
    "KXHIGHCHI-25MAR18-B68.5": [
        {
            "trade_id": "baada497-d4fa-434c-944a-cc8b347aa6b9",
            "ticker": "KXHIGHCHI-25MAR18-B68.5",
            "count": 102,
            "created_time": "2025-03-18T20:22:15.066316Z",
            "yes_price": 1,
            "no_price": 99,
            "taker_side": "yes"
        },
        {
            "trade_id": "64565fa6-8f08-4bbe-9425-2d611781f1e7",
            "ticker": "KXHIGHCHI-25MAR18-B68.5",
            "count": 81,
            "created_time": "2025-03-18T20:22:15.066316Z",
            "yes_price": 1,
            "no_price": 99,
            "taker_side": "yes"
        },
        {
            "trade_id": "53f84b2f-2212-4acf-9abe-c40c949b37b2",
            "ticker": "KXHIGHCHI-25MAR18-B68.5",
            "count": 19,
            "created_time": "2025-03-18T19:42:07.865322Z",
            "yes_price": 1,
            "no_price": 99,
            "taker_side": "yes"
        },
        {
            "trade_id": "a07d5f67-ab26-4c9f-87b7-9799b141fc6a",
            "ticker": "KXHIGHCHI-25MAR18-B68.5",
            "count": 173,
            "created_time": "2025-03-18T19:32:32.101528Z",
            "yes_price": 1,
            "no_price": 99,
            "taker_side": "no"
        },
        {
            "trade_id": "8c5a2470-7e05-45b4-9712-d7d54cdc801e",
            "ticker": "KXHIGHCHI-25MAR18-B68.5",
            "count": 10,
            "created_time": "2025-03-18T19:32:32.101528Z",
            "yes_price": 1,
            "no_price": 99,
            "taker_side": "no"
        },
        {
            "trade_id": "fe8cbc07-1a3c-443a-8e52-c701bc43e4d8",
            "ticker": "KXHIGHCHI-25MAR18-B68.5",
            "count": 791,
            "created_time": "2025-03-18T19:30:28.368708Z",
            "yes_price": 1,
            "no_price": 99,
            "taker_side": "no"
        },
        {
            "trade_id": "e8f625c6-5c8d-44b6-bd9f-8e0c88b7e766",
            "ticker": "KXHIGHCHI-25MAR18-B68.5",
            "count": 71,
            "created_time": "2025-03-18T19:30:28.368708Z",
            "yes_price": 1,
            "no_price": 99,
            "taker_side": "no"
        },
        {
            "trade_id": "a03d0fd1-db73-4363-bcf7-dba257c2678a",
            "ticker": "KXHIGHCHI-25MAR18-B68.5",
            "count": 138,
            "created_time": "2025-03-18T19:30:28.368708Z",
            "yes_price": 1,
            "no_price": 99,
            "taker_side": "no"
        },
        {
            "trade_id": "bb9544a1-d57a-4c93-b4ea-7261f190fdee",
            "ticker": "KXHIGHCHI-25MAR18-B68.5",
            "count": 29,
            "created_time": "2025-03-18T19:22:21.91261Z",
            "yes_price": 1,
            "no_price": 99,
            "taker_side": "no"
        },
        {
            "trade_id": "b18b3bea-c79d-4579-80a6-b9979a78cded",
            "ticker": "KXHIGHCHI-25MAR18-B68.5",
            "count": 21,
            "created_time": "2025-03-18T19:22:21.91261Z",
            "yes_price": 1,
            "no_price": 99,
            "taker_side": "no"
        },
        {
            "trade_id": "4902822e-5b5b-468b-b6c9-011aa7c5a173",
            "ticker": "KXHIGHCHI-25MAR18-B68.5",
            "count": 68,
            "created_time": "2025-03-18T19:17:13.41439Z",
            "yes_price": 1,
            "no_price": 99,
            "taker_side": "no"
        },
        {
            "trade_id": "ccdcb8c3-58a7-490e-9f0e-d75a6711a579",
            "ticker": "KXHIGHCHI-25MAR18-B68.5",
            "count": 100,
            "created_time": "2025-03-18T19:17:06.58173Z",
            "yes_price": 1,
            "no_price": 99,
            "taker_side": "no"
        },
        {
            "trade_id": "361e476c-69cf-4e17-9463-96ecf15217d7",
            "ticker": "KXHIGHCHI-25MAR18-B68.5",
            "count": 45,
            "created_time": "2025-03-18T19:14:13.723109Z",
            "yes_price": 1,
            "no_price": 99,
            "taker_side": "no"
        },
        {
            "trade_id": "91ded39d-f48a-4d49-a76a-d20a85d833e5",
            "ticker": "KXHIGHCHI-25MAR18-B68.5",
            "count": 7,
            "created_time": "2025-03-18T19:12:59.501373Z",
            "yes_price": 1,
            "no_price": 99,
            "taker_side": "no"
        },
        {
            "trade_id": "6a4a8a86-f4ba-4913-8795-15fa9f61e7c5",
            "ticker": "KXHIGHCHI-25MAR18-B68.5",
            "count": 152,
            "created_time": "2025-03-18T19:08:21.096679Z",
            "yes_price": 6,
            "no_price": 94,
            "taker_side": "yes"
        },
        {
            "trade_id": "684a78da-90c6-4533-9f3b-db84cf069246",
            "ticker": "KXHIGHCHI-25MAR18-B68.5",
            "count": 3,
            "created_time": "2025-03-18T19:07:42.447757Z",
            "yes_price": 1,
            "no_price": 99,
            "taker_side": "no"
        },
        {
            "trade_id": "b4805805-0730-491a-a220-f0a0104e9e48",
            "ticker": "KXHIGHCHI-25MAR18-B68.5",
            "count": 44,
            "created_time": "2025-03-18T19:01:11.084013Z",
            "yes_price": 3,
            "no_price": 97,
            "taker_side": "yes"
        },
        {
            "trade_id": "39953f3a-0fd7-4eb1-9dd2-8c832317ef90",
            "ticker": "KXHIGHCHI-25MAR18-B68.5",
            "count": 50,
            "created_time": "2025-03-18T18:59:15.770699Z",
            "yes_price": 2,
            "no_price": 98,
            "taker_side": "no"
        },
        {
            "trade_id": "acd8e019-54fd-4801-adf6-4cd8c2afd72d",
            "ticker": "KXHIGHCHI-25MAR18-B68.5",
            "count": 84,
            "created_time": "2025-03-18T18:38:44.298983Z",
            "yes_price": 15,
            "no_price": 85,
            "taker_side": "yes"
        },
        {
            "trade_id": "2ac06cab-7985-4b45-97bd-30493be73306",
            "ticker": "KXHIGHCHI-25MAR18-B68.5",
            "count": 53,
            "created_time": "2025-03-18T18:38:44.294203Z",
            "yes_price": 14,
            "no_price": 86,
            "taker_side": "yes"
        },
        {
            "trade_id": "15c913a4-ae6e-4b7f-9e3c-e17636cf32ff",
            "ticker": "KXHIGHCHI-25MAR18-B68.5",
            "count": 63,
            "created_time": "2025-03-18T18:38:44.294203Z",
            "yes_price": 14,
            "no_price": 86,
            "taker_side": "yes"
        },
        {
            "trade_id": "b7d8c145-f73f-424f-8a10-0c751042cd27",
            "ticker": "KXHIGHCHI-25MAR18-B68.5",
            "count": 9,
            "created_time": "2025-03-18T18:37:40.827653Z",
            "yes_price": 3,
            "no_price": 97,
            "taker_side": "no"
        },
        {
            "trade_id": "e5df0a64-8f11-4c7f-9ecf-fb397ef33454",
            "ticker": "KXHIGHCHI-25MAR18-B68.5",
            "count": 6,
            "created_time": "2025-03-18T18:28:19.937867Z",
            "yes_price": 14,
            "no_price": 86,
            "taker_side": "yes"
        },
        {
            "trade_id": "78096687-d41c-4aa4-ac9c-a7a4ca037420",
            "ticker": "KXHIGHCHI-25MAR18-B68.5",
            "count": 30,
            "created_time": "2025-03-18T18:28:19.937867Z",
            "yes_price": 6,
            "no_price": 94,
            "taker_side": "yes"
        },
        {
            "trade_id": "557bd393-f80a-4d60-896d-faa883e18f01",
            "ticker": "KXHIGHCHI-25MAR18-B68.5",
            "count": 30,
            "created_time": "2025-03-18T18:26:05.380111Z",
            "yes_price": 9,
            "no_price": 91,
            "taker_side": "no"
        },
        {
            "trade_id": "b392caaf-6cce-4cb0-ba7c-1b498fbbf15d",
            "ticker": "KXHIGHCHI-25MAR18-B68.5",
            "count": 17,
            "created_time": "2025-03-18T18:26:05.302059Z",
            "yes_price": 9,
            "no_price": 91,
            "taker_side": "yes"
        },
        {
            "trade_id": "4970ed6c-5b71-4397-bd24-65b0e6e2a30e",
            "ticker": "KXHIGHCHI-25MAR18-B68.5",
            "count": 30,
            "created_time": "2025-03-18T18:26:05.302059Z",
            "yes_price": 8,
            "no_price": 92,
            "taker_side": "yes"
        },
        {
            "trade_id": "20f21fac-0d53-429f-939c-e90d41cb36fc",
            "ticker": "KXHIGHCHI-25MAR18-B68.5",
            "count": 10,
            "created_time": "2025-03-18T18:25:14.975016Z",
            "yes_price": 3,
            "no_price": 97,
            "taker_side": "no"
        },
        {
            "trade_id": "82f65d77-1eb7-4a6d-8dac-c642ac30dbd2",
            "ticker": "KXHIGHCHI-25MAR18-B68.5",
            "count": 70,
            "created_time": "2025-03-18T18:25:05.305655Z",
            "yes_price": 8,
            "no_price": 92,
            "taker_side": "yes"
        },
        {
            "trade_id": "6ccc5460-733e-4519-a58e-b35a9f2dece5",
            "ticker": "KXHIGHCHI-25MAR18-B68.5",
            "count": 130,
            "created_time": "2025-03-18T18:25:05.305655Z",
            "yes_price": 9,
            "no_price": 91,
            "taker_side": "yes"
        },
        {
            "trade_id": "ebbcebf9-31cd-445d-860f-67c201236f05",
            "ticker": "KXHIGHCHI-25MAR18-B68.5",
            "count": 53,
            "created_time": "2025-03-18T18:24:41.455717Z",
            "yes_price": 3,
            "no_price": 97,
            "taker_side": "no"
        },
        {
            "trade_id": "4320d71d-df18-4e4b-b985-ac855c70ec92",
            "ticker": "KXHIGHCHI-25MAR18-B68.5",
            "count": 53,
            "created_time": "2025-03-18T18:24:41.374469Z",
            "yes_price": 9,
            "no_price": 91,
            "taker_side": "no"
        },
        {
            "trade_id": "beef1561-82c5-4b84-8bfe-d6d6343c9794",
            "ticker": "KXHIGHCHI-25MAR18-B68.5",
            "count": 100,
            "created_time": "2025-03-18T18:24:41.240732Z",
            "yes_price": 9,
            "no_price": 91,
            "taker_side": "no"
        },
        {
            "trade_id": "d3aea341-c2d2-48eb-8be9-1f200eecc131",
            "ticker": "KXHIGHCHI-25MAR18-B68.5",
            "count": 47,
            "created_time": "2025-03-18T18:24:41.22284Z",
            "yes_price": 9,
            "no_price": 91,
            "taker_side": "no"
        },
        {
            "trade_id": "a5f97786-965f-4c69-aff7-7314357e57a4",
            "ticker": "KXHIGHCHI-25MAR18-B68.5",
            "count": 200,
            "created_time": "2025-03-18T18:22:52.574189Z",
            "yes_price": 9,
            "no_price": 91,
            "taker_side": "no"
        },
        {
            "trade_id": "b9e37905-2582-41b4-9603-a6b6a669c506",
            "ticker": "KXHIGHCHI-25MAR18-B68.5",
            "count": 10,
            "created_time": "2025-03-18T18:22:18.612779Z",
            "yes_price": 10,
            "no_price": 90,
            "taker_side": "no"
        },
        {
            "trade_id": "b111e218-e69c-431a-bc0c-1b3264e93cd4",
            "ticker": "KXHIGHCHI-25MAR18-B68.5",
            "count": 40,
            "created_time": "2025-03-18T18:20:58.922353Z",
            "yes_price": 9,
            "no_price": 91,
            "taker_side": "no"
        },
        {
            "trade_id": "ac2970c8-6919-4f56-a70b-bd65831c3a89",
            "ticker": "KXHIGHCHI-25MAR18-B68.5",
            "count": 990,
            "created_time": "2025-03-18T18:03:46.876509Z",
            "yes_price": 15,
            "no_price": 85,
            "taker_side": "no"
        },
        {
            "trade_id": "90f8a526-fcad-4de0-8be4-bfb886fd4009",
            "ticker": "KXHIGHCHI-25MAR18-B68.5",
            "count": 10,
            "created_time": "2025-03-18T17:58:34.9396Z",
            "yes_price": 15,
            "no_price": 85,
            "taker_side": "no"
        },
        {
            "trade_id": "2394fc8b-c50b-4fc1-8aaa-5799fc8461bd",
            "ticker": "KXHIGHCHI-25MAR18-B68.5",
            "count": 9,
            "created_time": "2025-03-18T17:56:40.64446Z",
            "yes_price": 16,
            "no_price": 84,
            "taker_side": "no"
        },
        {
            "trade_id": "220f3787-3b05-42a4-ae07-7aa0162e088c",
            "ticker": "KXHIGHCHI-25MAR18-B68.5",
            "count": 1,
            "created_time": "2025-03-18T17:56:02.402606Z",
            "yes_price": 16,
            "no_price": 84,
            "taker_side": "no"
        },
        {
            "trade_id": "f829a815-f9de-4918-bd6e-419dd041123b",
            "ticker": "KXHIGHCHI-25MAR18-B68.5",
            "count": 2,
            "created_time": "2025-03-18T17:52:54.669391Z",
            "yes_price": 16,
            "no_price": 84,
            "taker_side": "no"
        },
        {
            "trade_id": "e985b43e-cb6c-4605-845e-a484ca5c6c3e",
            "ticker": "KXHIGHCHI-25MAR18-B68.5",
            "count": 2,
            "created_time": "2025-03-18T17:02:11.979381Z",
            "yes_price": 20,
            "no_price": 80,
            "taker_side": "yes"
        },
        {
            "trade_id": "3bbff91d-fbec-4ccc-afe4-df6db32eb2bf",
            "ticker": "KXHIGHCHI-25MAR18-B68.5",
            "count": 18,
            "created_time": "2025-03-18T17:02:11.979381Z",
            "yes_price": 12,
            "no_price": 88,
            "taker_side": "yes"
        },
        {
            "trade_id": "f656d4d4-8a34-4063-92ee-f25bb533d162",
            "ticker": "KXHIGHCHI-25MAR18-B68.5",
            "count": 57,
            "created_time": "2025-03-18T16:53:47.528285Z",
            "yes_price": 8,
            "no_price": 92,
            "taker_side": "no"
        },
        {
            "trade_id": "f399706b-dd30-4f70-96d7-2184adcc8c34",
            "ticker": "KXHIGHCHI-25MAR18-B68.5",
            "count": 1,
            "created_time": "2025-03-18T16:53:47.528285Z",
            "yes_price": 8,
            "no_price": 92,
            "taker_side": "no"
        },
        {
            "trade_id": "c0814f33-b80b-456c-b0cb-a148896e9fbb",
            "ticker": "KXHIGHCHI-25MAR18-B68.5",
            "count": 78,
            "created_time": "2025-03-18T16:53:47.528285Z",
            "yes_price": 7,
            "no_price": 93,
            "taker_side": "no"
        },
        {
            "trade_id": "a68f565b-6a43-4e6d-892b-a8f34a8f702d",
            "ticker": "KXHIGHCHI-25MAR18-B68.5",
            "count": 82,
            "created_time": "2025-03-18T16:53:47.528285Z",
            "yes_price": 8,
            "no_price": 92,
            "taker_side": "no"
        },
        {
            "trade_id": "68924791-2536-4887-aa48-f2a1a4ecc285",
            "ticker": "KXHIGHCHI-25MAR18-B68.5",
            "count": 23,
            "created_time": "2025-03-18T16:53:47.528285Z",
            "yes_price": 7,
            "no_price": 93,
            "taker_side": "no"
        },
        {
            "trade_id": "8d4ce0ee-7b70-41d1-9e10-8f9d04da1e83",
            "ticker": "KXHIGHCHI-25MAR18-B68.5",
            "count": 116,
            "created_time": "2025-03-18T16:39:45.810605Z",
            "yes_price": 14,
            "no_price": 86,
            "taker_side": "yes"
        },
        {
            "trade_id": "732b630a-43b3-4407-aeb0-1c95297dd806",
            "ticker": "KXHIGHCHI-25MAR18-B68.5",
            "count": 2,
            "created_time": "2025-03-18T16:39:45.810605Z",
            "yes_price": 13,
            "no_price": 87,
            "taker_side": "yes"
        },
        {
            "trade_id": "e98ecbbf-7b7e-4d5f-ba32-a762fb91eced",
            "ticker": "KXHIGHCHI-25MAR18-B68.5",
            "count": 11,
            "created_time": "2025-03-18T15:48:05.094207Z",
            "yes_price": 9,
            "no_price": 91,
            "taker_side": "no"
        },
        {
            "trade_id": "cd17b41c-54f6-449b-bcf5-ca1757720e6c",
            "ticker": "KXHIGHCHI-25MAR18-B68.5",
            "count": 18,
            "created_time": "2025-03-18T15:48:05.094207Z",
            "yes_price": 8,
            "no_price": 92,
            "taker_side": "no"
        },
        {
            "trade_id": "c6a1247a-d5a3-4e71-b8a8-f6ff646cc918",
            "ticker": "KXHIGHCHI-25MAR18-B68.5",
            "count": 10,
            "created_time": "2025-03-18T15:30:13.261915Z",
            "yes_price": 8,
            "no_price": 92,
            "taker_side": "no"
        },
        {
            "trade_id": "c43084f1-9bc5-4365-b309-05c3ed266763",
            "ticker": "KXHIGHCHI-25MAR18-B68.5",
            "count": 10,
            "created_time": "2025-03-18T15:20:32.325317Z",
            "yes_price": 8,
            "no_price": 92,
            "taker_side": "no"
        },
        {
            "trade_id": "ab6c5fca-90dc-459c-8e03-e7e18a5e253f",
            "ticker": "KXHIGHCHI-25MAR18-B68.5",
            "count": 12,
            "created_time": "2025-03-18T15:17:20.209189Z",
            "yes_price": 7,
            "no_price": 93,
            "taker_side": "no"
        },
        {
            "trade_id": "2a78ef1c-5034-4812-9923-f2f49fc9eeac",
            "ticker": "KXHIGHCHI-25MAR18-B68.5",
            "count": 18,
            "created_time": "2025-03-18T15:17:20.209189Z",
            "yes_price": 8,
            "no_price": 92,
            "taker_side": "no"
        },
        {
            "trade_id": "9a95215c-e6c4-4236-bf52-4245032153f9",
            "ticker": "KXHIGHCHI-25MAR18-B68.5",
            "count": 16,
            "created_time": "2025-03-18T15:02:43.958161Z",
            "yes_price": 12,
            "no_price": 88,
            "taker_side": "yes"
        },
        {
            "trade_id": "6b46cfc4-b17a-4fa0-9964-8bba5f843be9",
            "ticker": "KXHIGHCHI-25MAR18-B68.5",
            "count": 6,
            "created_time": "2025-03-18T15:02:43.958161Z",
            "yes_price": 13,
            "no_price": 87,
            "taker_side": "yes"
        },
        {
            "trade_id": "bcab6b9b-3a08-4f15-bfd2-345a932cf979",
            "ticker": "KXHIGHCHI-25MAR18-B68.5",
            "count": 30,
            "created_time": "2025-03-18T14:59:55.730417Z",
            "yes_price": 12,
            "no_price": 88,
            "taker_side": "yes"
        },
        {
            "trade_id": "abb36911-94d6-4668-bb0e-d838495d27c0",
            "ticker": "KXHIGHCHI-25MAR18-B68.5",
            "count": 32,
            "created_time": "2025-03-18T14:59:55.730417Z",
            "yes_price": 11,
            "no_price": 89,
            "taker_side": "yes"
        },
        {
            "trade_id": "403acd2c-b696-4715-a655-e4b37b64bd3c",
            "ticker": "KXHIGHCHI-25MAR18-B68.5",
            "count": 237,
            "created_time": "2025-03-18T14:59:55.730417Z",
            "yes_price": 12,
            "no_price": 88,
            "taker_side": "yes"
        },
        {
            "trade_id": "6922d80c-92a6-4dcb-b6cb-b7175eac4c58",
            "ticker": "KXHIGHCHI-25MAR18-B68.5",
            "count": 18,
            "created_time": "2025-03-18T14:36:33.880881Z",
            "yes_price": 10,
            "no_price": 90,
            "taker_side": "yes"
        },
        {
            "trade_id": "ccc2f950-f9f7-4724-8123-51bebc4fc5c5",
            "ticker": "KXHIGHCHI-25MAR18-B68.5",
            "count": 16,
            "created_time": "2025-03-18T14:35:25.967737Z",
            "yes_price": 10,
            "no_price": 90,
            "taker_side": "yes"
        },
        {
            "trade_id": "be91bec5-228f-4f63-a9da-c16d450f3183",
            "ticker": "KXHIGHCHI-25MAR18-B68.5",
            "count": 24,
            "created_time": "2025-03-18T14:35:25.967737Z",
            "yes_price": 11,
            "no_price": 89,
            "taker_side": "yes"
        },
        {
            "trade_id": "92fd6f6e-86c3-4199-94f1-6d0195ab0d05",
            "ticker": "KXHIGHCHI-25MAR18-B68.5",
            "count": 3,
            "created_time": "2025-03-18T14:18:28.399197Z",
            "yes_price": 12,
            "no_price": 88,
            "taker_side": "yes"
        },
        {
            "trade_id": "6dec704b-6eb8-4cd0-bff2-d65b2dd9ef0b",
            "ticker": "KXHIGHCHI-25MAR18-B68.5",
            "count": 13,
            "created_time": "2025-03-18T14:18:28.399197Z",
            "yes_price": 11,
            "no_price": 89,
            "taker_side": "yes"
        },
        {
            "trade_id": "e01eff3c-3739-4fbd-975b-9b74f1b333b8",
            "ticker": "KXHIGHCHI-25MAR18-B68.5",
            "count": 1,
            "created_time": "2025-03-18T14:06:32.850435Z",
            "yes_price": 6,
            "no_price": 94,
            "taker_side": "no"
        },
        {
            "trade_id": "b2c59015-2182-40d2-82d0-6a40b29adde8",
            "ticker": "KXHIGHCHI-25MAR18-B68.5",
            "count": 7,
            "created_time": "2025-03-18T14:06:32.850435Z",
            "yes_price": 6,
            "no_price": 94,
            "taker_side": "no"
        },
        {
            "trade_id": "239ac1e7-737b-4676-832e-d22bce537524",
            "ticker": "KXHIGHCHI-25MAR18-B68.5",
            "count": 2,
            "created_time": "2025-03-18T14:06:32.850435Z",
            "yes_price": 6,
            "no_price": 94,
            "taker_side": "no"
        },
        {
            "trade_id": "e91e6170-716f-49cc-9c75-461b6a5263f4",
            "ticker": "KXHIGHCHI-25MAR18-B68.5",
            "count": 5,
            "created_time": "2025-03-18T14:06:18.096378Z",
            "yes_price": 7,
            "no_price": 93,
            "taker_side": "no"
        },
        {
            "trade_id": "488c356e-649b-4deb-84dc-d33622ed78be",
            "ticker": "KXHIGHCHI-25MAR18-B68.5",
            "count": 12,
            "created_time": "2025-03-18T13:48:19.075057Z",
            "yes_price": 4,
            "no_price": 96,
            "taker_side": "no"
        },
        {
            "trade_id": "6a9adc0b-3f79-40aa-b191-ae6ea31508a7",
            "ticker": "KXHIGHCHI-25MAR18-B68.5",
            "count": 43,
            "created_time": "2025-03-18T13:37:28.293047Z",
            "yes_price": 3,
            "no_price": 97,
            "taker_side": "no"
        },
        {
            "trade_id": "9abd17fa-3573-4d30-b070-e333f10e6368",
            "ticker": "KXHIGHCHI-25MAR18-B68.5",
            "count": 7,
            "created_time": "2025-03-18T13:37:15.392083Z",
            "yes_price": 3,
            "no_price": 97,
            "taker_side": "no"
        },
        {
            "trade_id": "7a07af27-48d8-4eb8-b6bb-4024478bae3e",
            "ticker": "KXHIGHCHI-25MAR18-B68.5",
            "count": 118,
            "created_time": "2025-03-18T13:13:00.949991Z",
            "yes_price": 4,
            "no_price": 96,
            "taker_side": "yes"
        },
        {
            "trade_id": "72a64cbb-dc73-4643-9a8e-913bda3aa569",
            "ticker": "KXHIGHCHI-25MAR18-B68.5",
            "count": 148,
            "created_time": "2025-03-18T13:13:00.949991Z",
            "yes_price": 6,
            "no_price": 94,
            "taker_side": "yes"
        },
        {
            "trade_id": "4d45264f-18c2-44a1-a8b8-280b647b42c9",
            "ticker": "KXHIGHCHI-25MAR18-B68.5",
            "count": 78,
            "created_time": "2025-03-18T13:12:35.336981Z",
            "yes_price": 3,
            "no_price": 97,
            "taker_side": "no"
        },
        {
            "trade_id": "7093f059-67b6-4c6e-938e-ea85fc5f2acd",
            "ticker": "KXHIGHCHI-25MAR18-B68.5",
            "count": 47,
            "created_time": "2025-03-18T13:11:16.404469Z",
            "yes_price": 3,
            "no_price": 97,
            "taker_side": "yes"
        },
        {
            "trade_id": "4450e408-b7a3-4cb7-b0f1-232e9b96a538",
            "ticker": "KXHIGHCHI-25MAR18-B68.5",
            "count": 31,
            "created_time": "2025-03-18T13:11:16.404469Z",
            "yes_price": 3,
            "no_price": 97,
            "taker_side": "yes"
        },
        {
            "trade_id": "092b8709-1b53-4d70-a8cb-743d99639a7d",
            "ticker": "KXHIGHCHI-25MAR18-B68.5",
            "count": 30,
            "created_time": "2025-03-18T13:07:43.859402Z",
            "yes_price": 3,
            "no_price": 97,
            "taker_side": "yes"
        },
        {
            "trade_id": "c151fa39-00ca-45b2-b9b4-3224aabe2956",
            "ticker": "KXHIGHCHI-25MAR18-B68.5",
            "count": 2,
            "created_time": "2025-03-18T12:55:38.358957Z",
            "yes_price": 2,
            "no_price": 98,
            "taker_side": "no"
        },
        {
            "trade_id": "0c55f93d-228e-42f7-b89e-5f2b6bbb872b",
            "ticker": "KXHIGHCHI-25MAR18-B68.5",
            "count": 78,
            "created_time": "2025-03-18T12:29:14.240702Z",
            "yes_price": 3,
            "no_price": 97,
            "taker_side": "yes"
        },
        {
            "trade_id": "f9150947-29e9-45fd-bc9c-5bc401b23d05",
            "ticker": "KXHIGHCHI-25MAR18-B68.5",
            "count": 40,
            "created_time": "2025-03-18T12:26:35.162292Z",
            "yes_price": 3,
            "no_price": 97,
            "taker_side": "yes"
        },
        {
            "trade_id": "f80e4205-2ca5-4f02-a999-ad7ade0b5c32",
            "ticker": "KXHIGHCHI-25MAR18-B68.5",
            "count": 37,
            "created_time": "2025-03-18T12:24:32.778476Z",
            "yes_price": 3,
            "no_price": 97,
            "taker_side": "no"
        },
        {
            "trade_id": "d93e404f-3f66-4cb8-8aa4-1feb8040bed7",
            "ticker": "KXHIGHCHI-25MAR18-B68.5",
            "count": 2,
            "created_time": "2025-03-18T12:23:14.086007Z",
            "yes_price": 5,
            "no_price": 95,
            "taker_side": "yes"
        },
        {
            "trade_id": "c1a23de1-bd38-4e40-8168-5d768f521ce1",
            "ticker": "KXHIGHCHI-25MAR18-B68.5",
            "count": 53,
            "created_time": "2025-03-18T12:23:14.086007Z",
            "yes_price": 5,
            "no_price": 95,
            "taker_side": "yes"
        },
        {
            "trade_id": "28a1de6e-51a7-47fb-bb6e-f872110139c0",
            "ticker": "KXHIGHCHI-25MAR18-B68.5",
            "count": 181,
            "created_time": "2025-03-18T12:21:48.522537Z",
            "yes_price": 5,
            "no_price": 95,
            "taker_side": "yes"
        },
        {
            "trade_id": "82ac1935-32db-4821-b393-6daf1f18e0f8",
            "ticker": "KXHIGHCHI-25MAR18-B68.5",
            "count": 1,
            "created_time": "2025-03-18T12:21:48.462614Z",
            "yes_price": 3,
            "no_price": 97,
            "taker_side": "yes"
        },
        {
            "trade_id": "4c9cb79a-c948-4a39-bb9d-21598cdef302",
            "ticker": "KXHIGHCHI-25MAR18-B68.5",
            "count": 77,
            "created_time": "2025-03-18T12:21:48.462614Z",
            "yes_price": 3,
            "no_price": 97,
            "taker_side": "yes"
        },
        {
            "trade_id": "b152a2f5-220e-44ce-b615-8034db8d0db1",
            "ticker": "KXHIGHCHI-25MAR18-B68.5",
            "count": 50,
            "created_time": "2025-03-18T12:10:29.140751Z",
            "yes_price": 3,
            "no_price": 97,
            "taker_side": "yes"
        },
        {
            "trade_id": "d23f12d0-afa8-404d-86bb-fa8ee8cf8145",
            "ticker": "KXHIGHCHI-25MAR18-B68.5",
            "count": 18,
            "created_time": "2025-03-18T12:10:29.016289Z",
            "yes_price": 3,
            "no_price": 97,
            "taker_side": "yes"
        },
        {
            "trade_id": "db6346af-9a6e-4862-84c7-3aba3b47a2e7",
            "ticker": "KXHIGHCHI-25MAR18-B68.5",
            "count": 57,
            "created_time": "2025-03-18T12:08:02.360411Z",
            "yes_price": 3,
            "no_price": 97,
            "taker_side": "yes"
        },
        {
            "trade_id": "d05eb0bc-52e4-4f70-bc21-0984c032b525",
            "ticker": "KXHIGHCHI-25MAR18-B68.5",
            "count": 2,
            "created_time": "2025-03-18T12:08:02.360411Z",
            "yes_price": 5,
            "no_price": 95,
            "taker_side": "yes"
        },
        {
            "trade_id": "7c70a1b8-a900-480f-aab0-4c8a587fcd0d",
            "ticker": "KXHIGHCHI-25MAR18-B68.5",
            "count": 20,
            "created_time": "2025-03-18T12:06:44.676827Z",
            "yes_price": 3,
            "no_price": 97,
            "taker_side": "no"
        },
        {
            "trade_id": "74f3a41d-71c0-4cfb-9ea0-b3b6a884ece0",
            "ticker": "KXHIGHCHI-25MAR18-B68.5",
            "count": 50,
            "created_time": "2025-03-18T12:05:34.444344Z",
            "yes_price": 3,
            "no_price": 97,
            "taker_side": "yes"
        },
        {
            "trade_id": "5a59f65a-704c-40a6-a9ad-2a66b6d84287",
            "ticker": "KXHIGHCHI-25MAR18-B68.5",
            "count": 28,
            "created_time": "2025-03-18T12:05:34.266016Z",
            "yes_price": 3,
            "no_price": 97,
            "taker_side": "yes"
        },
        {
            "trade_id": "9d62ddf1-aa5e-4c31-9ec8-e37c4291ca3e",
            "ticker": "KXHIGHCHI-25MAR18-B68.5",
            "count": 174,
            "created_time": "2025-03-18T12:01:34.968155Z",
            "yes_price": 5,
            "no_price": 95,
            "taker_side": "yes"
        },
        {
            "trade_id": "120a4191-6d66-4608-8df6-3dd8cb4ff6da",
            "ticker": "KXHIGHCHI-25MAR18-B68.5",
            "count": 26,
            "created_time": "2025-03-18T12:01:34.968155Z",
            "yes_price": 3,
            "no_price": 97,
            "taker_side": "yes"
        },
        {
            "trade_id": "ee3c8f01-592a-4763-be3a-427fb2ef8af3",
            "ticker": "KXHIGHCHI-25MAR18-B68.5",
            "count": 50,
            "created_time": "2025-03-18T12:01:26.711795Z",
            "yes_price": 5,
            "no_price": 95,
            "taker_side": "no"
        },
        {
            "trade_id": "a8ca24e6-5789-4479-b925-810545e1676d",
            "ticker": "KXHIGHCHI-25MAR18-B68.5",
            "count": 12,
            "created_time": "2025-03-18T12:00:41.985301Z",
            "yes_price": 5,
            "no_price": 95,
            "taker_side": "yes"
        },
        {
            "trade_id": "84356250-f226-4067-8cfb-e0da28259bae",
            "ticker": "KXHIGHCHI-25MAR18-B68.5",
            "count": 12,
            "created_time": "2025-03-18T12:00:41.985301Z",
            "yes_price": 7,
            "no_price": 93,
            "taker_side": "yes"
        },
        {
            "trade_id": "9b4ba23c-2e17-4e75-8a7d-d84882fd3806",
            "ticker": "KXHIGHCHI-25MAR18-B68.5",
            "count": 222,
            "created_time": "2025-03-18T12:00:32.117175Z",
            "yes_price": 6,
            "no_price": 94,
            "taker_side": "no"
        },
        {
            "trade_id": "78644c60-737a-410f-bf08-56088b57bbb6",
            "ticker": "KXHIGHCHI-25MAR18-B68.5",
            "count": 78,
            "created_time": "2025-03-18T12:00:32.037455Z",
            "yes_price": 6,
            "no_price": 94,
            "taker_side": "no"
        },
        {
            "trade_id": "83ef225b-d03e-4883-9886-5300c986ac0a",
            "ticker": "KXHIGHCHI-25MAR18-B68.5",
            "count": 15,
            "created_time": "2025-03-18T06:34:29.979901Z",
            "yes_price": 15,
            "no_price": 85,
            "taker_side": "yes"
        },
        {
            "trade_id": "6b479f8d-a024-4861-89f0-907b6e832995",
            "ticker": "KXHIGHCHI-25MAR18-B68.5",
            "count": 3,
            "created_time": "2025-03-18T06:34:29.979901Z",
            "yes_price": 15,
            "no_price": 85,
            "taker_side": "yes"
        },
        {
            "trade_id": "f18ddd74-006e-4523-b8b1-c2cd05882280",
            "ticker": "KXHIGHCHI-25MAR18-B68.5",
            "count": 138,
            "created_time": "2025-03-18T06:07:59.552082Z",
            "yes_price": 12,
            "no_price": 88,
            "taker_side": "no"
        },
        {
            "trade_id": "eb2acedc-b8ed-40ca-a1c8-238ce2c37221",
            "ticker": "KXHIGHCHI-25MAR18-B68.5",
            "count": 208,
            "created_time": "2025-03-18T06:07:59.552082Z",
            "yes_price": 10,
            "no_price": 90,
            "taker_side": "no"
        },
        {
            "trade_id": "d230adf7-fdd3-43d6-909f-41b9ce46f8bc",
            "ticker": "KXHIGHCHI-25MAR18-B68.5",
            "count": 14,
            "created_time": "2025-03-18T06:07:59.552082Z",
            "yes_price": 13,
            "no_price": 87,
            "taker_side": "no"
        },
        {
            "trade_id": "560f88a8-5763-4d6a-b254-922848daf3b6",
            "ticker": "KXHIGHCHI-25MAR18-B68.5",
            "count": 13,
            "created_time": "2025-03-18T06:07:59.552082Z",
            "yes_price": 14,
            "no_price": 86,
            "taker_side": "no"
        },
        {
            "trade_id": "4c91c257-49eb-42b9-a7e3-29eb19616364",
            "ticker": "KXHIGHCHI-25MAR18-B68.5",
            "count": 102,
            "created_time": "2025-03-18T06:07:59.552082Z",
            "yes_price": 12,
            "no_price": 88,
            "taker_side": "no"
        },
        {
            "trade_id": "3a063c13-3ee0-465e-a171-80d9d18a6e14",
            "ticker": "KXHIGHCHI-25MAR18-B68.5",
            "count": 25,
            "created_time": "2025-03-18T06:07:59.552082Z",
            "yes_price": 14,
            "no_price": 86,
            "taker_side": "no"
        },
        {
            "trade_id": "4c04c54a-7a13-418b-8005-baf7ac2634ed",
            "ticker": "KXHIGHCHI-25MAR18-B68.5",
            "count": 70,
            "created_time": "2025-03-18T05:50:23.877403Z",
            "yes_price": 18,
            "no_price": 82,
            "taker_side": "yes"
        },
        {
            "trade_id": "259c7c60-42c9-44b6-8948-a6fdcd025738",
            "ticker": "KXHIGHCHI-25MAR18-B68.5",
            "count": 30,
            "created_time": "2025-03-18T05:50:23.877403Z",
            "yes_price": 19,
            "no_price": 81,
            "taker_side": "yes"
        },
        {
            "trade_id": "8a38f037-0808-4a51-a7d5-2e0cf8dcda30",
            "ticker": "KXHIGHCHI-25MAR18-B68.5",
            "count": 40,
            "created_time": "2025-03-18T05:10:46.57608Z",
            "yes_price": 17,
            "no_price": 83,
            "taker_side": "yes"
        },
        {
            "trade_id": "6bf78452-7726-4561-a3e4-34145ae6efbb",
            "ticker": "KXHIGHCHI-25MAR18-B68.5",
            "count": 29,
            "created_time": "2025-03-18T05:09:28.202474Z",
            "yes_price": 18,
            "no_price": 82,
            "taker_side": "yes"
        },
        {
            "trade_id": "e085841a-944f-41c4-8405-b95e8c7dcaa1",
            "ticker": "KXHIGHCHI-25MAR18-B68.5",
            "count": 3,
            "created_time": "2025-03-18T05:04:25.352377Z",
            "yes_price": 15,
            "no_price": 85,
            "taker_side": "no"
        },
        {
            "trade_id": "3b98e8a6-64aa-4e14-8394-6e398e97235c",
            "ticker": "KXHIGHCHI-25MAR18-B68.5",
            "count": 10,
            "created_time": "2025-03-18T05:04:25.352377Z",
            "yes_price": 15,
            "no_price": 85,
            "taker_side": "no"
        },
        {
            "trade_id": "015b64ae-60f2-46cb-af12-ccbff320fc82",
            "ticker": "KXHIGHCHI-25MAR18-B68.5",
            "count": 10,
            "created_time": "2025-03-18T05:04:25.352377Z",
            "yes_price": 15,
            "no_price": 85,
            "taker_side": "no"
        },
        {
            "trade_id": "feab014b-8671-481c-9871-e28b4a57925e",
            "ticker": "KXHIGHCHI-25MAR18-B68.5",
            "count": 40,
            "created_time": "2025-03-18T05:02:37.159251Z",
            "yes_price": 17,
            "no_price": 83,
            "taker_side": "yes"
        },
        {
            "trade_id": "fbb23105-5c21-4bf5-ba72-d0672ce952ce",
            "ticker": "KXHIGHCHI-25MAR18-B68.5",
            "count": 21,
            "created_time": "2025-03-18T05:02:37.159251Z",
            "yes_price": 20,
            "no_price": 80,
            "taker_side": "yes"
        },
        {
            "trade_id": "d2b0232e-aa78-4d66-9636-3b1eca50b190",
            "ticker": "KXHIGHCHI-25MAR18-B68.5",
            "count": 170,
            "created_time": "2025-03-18T05:02:37.159251Z",
            "yes_price": 20,
            "no_price": 80,
            "taker_side": "yes"
        },
        {
            "trade_id": "b317b57d-8391-4f55-8e8e-af46f0ac03aa",
            "ticker": "KXHIGHCHI-25MAR18-B68.5",
            "count": 10,
            "created_time": "2025-03-18T05:02:37.159251Z",
            "yes_price": 20,
            "no_price": 80,
            "taker_side": "yes"
        },
        {
            "trade_id": "d6cb3b0f-1fe5-40d3-8053-2d92c7127105",
            "ticker": "KXHIGHCHI-25MAR18-B68.5",
            "count": 14,
            "created_time": "2025-03-18T04:57:37.685333Z",
            "yes_price": 15,
            "no_price": 85,
            "taker_side": "no"
        },
        {
            "trade_id": "760da6f8-6150-4c8e-9881-fbfd9830d811",
            "ticker": "KXHIGHCHI-25MAR18-B68.5",
            "count": 11,
            "created_time": "2025-03-18T04:51:40.67335Z",
            "yes_price": 15,
            "no_price": 85,
            "taker_side": "no"
        },
        {
            "trade_id": "dc872d9c-77b8-40b0-aeff-1e6c48c08b8d",
            "ticker": "KXHIGHCHI-25MAR18-B68.5",
            "count": 47,
            "created_time": "2025-03-18T04:49:50.230395Z",
            "yes_price": 15,
            "no_price": 85,
            "taker_side": "no"
        },
        {
            "trade_id": "87d6aa34-82fd-4881-9d49-e9769a0ec68c",
            "ticker": "KXHIGHCHI-25MAR18-B68.5",
            "count": 117,
            "created_time": "2025-03-18T04:46:16.067037Z",
            "yes_price": 15,
            "no_price": 85,
            "taker_side": "no"
        },
        {
            "trade_id": "755f84c2-6d11-4501-aa39-8cb179c43fd6",
            "ticker": "KXHIGHCHI-25MAR18-B68.5",
            "count": 200,
            "created_time": "2025-03-18T04:46:01.385871Z",
            "yes_price": 15,
            "no_price": 85,
            "taker_side": "no"
        },
        {
            "trade_id": "1b0e8077-9e78-43f2-a82d-645b2551da4f",
            "ticker": "KXHIGHCHI-25MAR18-B68.5",
            "count": 64,
            "created_time": "2025-03-18T04:46:01.385871Z",
            "yes_price": 16,
            "no_price": 84,
            "taker_side": "no"
        },
        {
            "trade_id": "e30f6553-a199-42d6-afd3-31c67b5c0bb4",
            "ticker": "KXHIGHCHI-25MAR18-B68.5",
            "count": 23,
            "created_time": "2025-03-18T04:43:07.3411Z",
            "yes_price": 18,
            "no_price": 82,
            "taker_side": "no"
        },
        {
            "trade_id": "e3243a30-5d09-4ad4-ab49-55ffb4299ef2",
            "ticker": "KXHIGHCHI-25MAR18-B68.5",
            "count": 24,
            "created_time": "2025-03-18T04:42:52.633178Z",
            "yes_price": 18,
            "no_price": 82,
            "taker_side": "no"
        },
        {
            "trade_id": "d3f60826-cc80-4e27-884e-19afa1ad0439",
            "ticker": "KXHIGHCHI-25MAR18-B68.5",
            "count": 9,
            "created_time": "2025-03-18T03:43:45.552509Z",
            "yes_price": 19,
            "no_price": 81,
            "taker_side": "yes"
        },
        {
            "trade_id": "197ac2cf-7b21-40b1-aff4-6e2790828a8d",
            "ticker": "KXHIGHCHI-25MAR18-B68.5",
            "count": 26,
            "created_time": "2025-03-18T02:10:30.533739Z",
            "yes_price": 20,
            "no_price": 80,
            "taker_side": "no"
        },
        {
            "trade_id": "9c387949-c8f8-43f3-8fa1-792051148838",
            "ticker": "KXHIGHCHI-25MAR18-B68.5",
            "count": 5,
            "created_time": "2025-03-18T01:57:50.77214Z",
            "yes_price": 19,
            "no_price": 81,
            "taker_side": "no"
        },
        {
            "trade_id": "c9f2479c-7c0b-47f3-8824-76cdb38cddce",
            "ticker": "KXHIGHCHI-25MAR18-B68.5",
            "count": 25,
            "created_time": "2025-03-18T01:54:46.491319Z",
            "yes_price": 19,
            "no_price": 81,
            "taker_side": "no"
        },
        {
            "trade_id": "e0df20d0-3dc0-45be-9972-e283f3856953",
            "ticker": "KXHIGHCHI-25MAR18-B68.5",
            "count": 27,
            "created_time": "2025-03-18T01:53:37.223145Z",
            "yes_price": 19,
            "no_price": 81,
            "taker_side": "no"
        },
        {
            "trade_id": "ffdb9ce3-5fee-4590-b6cd-1ead76f6f996",
            "ticker": "KXHIGHCHI-25MAR18-B68.5",
            "count": 27,
            "created_time": "2025-03-18T01:41:09.797509Z",
            "yes_price": 21,
            "no_price": 79,
            "taker_side": "no"
        },
        {
            "trade_id": "c77cec84-ccfd-49b0-9902-b0cc88f1080d",
            "ticker": "KXHIGHCHI-25MAR18-B68.5",
            "count": 91,
            "created_time": "2025-03-18T01:41:09.797509Z",
            "yes_price": 21,
            "no_price": 79,
            "taker_side": "no"
        },
        {
            "trade_id": "22e1a390-eade-4bd7-bd20-ebdcd30e598b",
            "ticker": "KXHIGHCHI-25MAR18-B68.5",
            "count": 240,
            "created_time": "2025-03-18T01:25:56.265428Z",
            "yes_price": 21,
            "no_price": 79,
            "taker_side": "no"
        },
        {
            "trade_id": "1dc7ad4a-9732-4daa-9637-a54c0c0e8ad9",
            "ticker": "KXHIGHCHI-25MAR18-B68.5",
            "count": 59,
            "created_time": "2025-03-18T01:25:56.265428Z",
            "yes_price": 23,
            "no_price": 77,
            "taker_side": "no"
        },
        {
            "trade_id": "0e9f030c-fa9f-4a8c-abf4-2e5a77730aef",
            "ticker": "KXHIGHCHI-25MAR18-B68.5",
            "count": 30,
            "created_time": "2025-03-17T23:48:13.9807Z",
            "yes_price": 26,
            "no_price": 74,
            "taker_side": "no"
        },
        {
            "trade_id": "ee328826-8b40-41f0-a3a5-381ca63f20dd",
            "ticker": "KXHIGHCHI-25MAR18-B68.5",
            "count": 12,
            "created_time": "2025-03-17T23:47:18.917519Z",
            "yes_price": 27,
            "no_price": 73,
            "taker_side": "yes"
        },
        {
            "trade_id": "a3c13726-3679-4c66-b2f6-e266a681d9e0",
            "ticker": "KXHIGHCHI-25MAR18-B68.5",
            "count": 18,
            "created_time": "2025-03-17T23:47:18.917519Z",
            "yes_price": 29,
            "no_price": 71,
            "taker_side": "yes"
        },
        {
            "trade_id": "1efe6ad3-1cbf-4070-809e-567fb0ca54f0",
            "ticker": "KXHIGHCHI-25MAR18-B68.5",
            "count": 20,
            "created_time": "2025-03-17T23:47:18.917519Z",
            "yes_price": 29,
            "no_price": 71,
            "taker_side": "yes"
        },
        {
            "trade_id": "2ef1dbe4-42c6-432e-961e-42678ffd93e1",
            "ticker": "KXHIGHCHI-25MAR18-B68.5",
            "count": 2,
            "created_time": "2025-03-17T23:12:32.887466Z",
            "yes_price": 27,
            "no_price": 73,
            "taker_side": "yes"
        },
        {
            "trade_id": "eb9e205a-635f-47de-ae54-d696fb05ae59",
            "ticker": "KXHIGHCHI-25MAR18-B68.5",
            "count": 13,
            "created_time": "2025-03-17T22:15:30.622906Z",
            "yes_price": 25,
            "no_price": 75,
            "taker_side": "no"
        },
        {
            "trade_id": "71f380f4-d6f5-450b-b067-35a6b7cf0a37",
            "ticker": "KXHIGHCHI-25MAR18-B68.5",
            "count": 16,
            "created_time": "2025-03-17T22:10:35.129943Z",
            "yes_price": 25,
            "no_price": 75,
            "taker_side": "no"
        },
        {
            "trade_id": "92f9c957-916b-430d-a5e3-bed42a3a0404",
            "ticker": "KXHIGHCHI-25MAR18-B68.5",
            "count": 8,
            "created_time": "2025-03-17T22:05:26.729267Z",
            "yes_price": 26,
            "no_price": 74,
            "taker_side": "no"
        },
        {
            "trade_id": "f3a12975-9d4e-4550-ad01-1466b993e6aa",
            "ticker": "KXHIGHCHI-25MAR18-B68.5",
            "count": 10,
            "created_time": "2025-03-17T21:54:32.076939Z",
            "yes_price": 26,
            "no_price": 74,
            "taker_side": "no"
        },
        {
            "trade_id": "9924999c-9d96-4d4d-984f-8572180b980a",
            "ticker": "KXHIGHCHI-25MAR18-B68.5",
            "count": 6,
            "created_time": "2025-03-17T15:36:45.866024Z",
            "yes_price": 37,
            "no_price": 63,
            "taker_side": "yes"
        },
        {
            "trade_id": "0686d87b-e125-4a61-a3dc-a4026a586c94",
            "ticker": "KXHIGHCHI-25MAR18-B68.5",
            "count": 20,
            "created_time": "2025-03-17T15:30:55.952621Z",
            "yes_price": 37,
            "no_price": 63,
            "taker_side": "yes"
        }
    ],
    "KXHIGHCHI-25MAR18-B70.5": [
        {
            "trade_id": "71ce4e11-3f39-478a-a1d0-02d94faee458",
            "ticker": "KXHIGHCHI-25MAR18-B70.5",
            "count": 30,
            "created_time": "2025-03-18T20:47:07.962577Z",
            "yes_price": 1,
            "no_price": 99,
            "taker_side": "no"
        },
        {
            "trade_id": "5ae88bd1-8561-469b-9880-cae4a0383446",
            "ticker": "KXHIGHCHI-25MAR18-B70.5",
            "count": 106,
            "created_time": "2025-03-18T20:47:07.962577Z",
            "yes_price": 1,
            "no_price": 99,
            "taker_side": "no"
        },
        {
            "trade_id": "bcee739c-28dc-4818-be76-626c5199cd08",
            "ticker": "KXHIGHCHI-25MAR18-B70.5",
            "count": 204,
            "created_time": "2025-03-18T20:36:10.175955Z",
            "yes_price": 2,
            "no_price": 98,
            "taker_side": "yes"
        },
        {
            "trade_id": "1dd89b47-559d-4d4e-9e82-9846301a622f",
            "ticker": "KXHIGHCHI-25MAR18-B70.5",
            "count": 15,
            "created_time": "2025-03-18T20:33:22.181639Z",
            "yes_price": 2,
            "no_price": 98,
            "taker_side": "yes"
        },
        {
            "trade_id": "e0810a07-d2f6-4c36-a2ce-cf2d66bf2471",
            "ticker": "KXHIGHCHI-25MAR18-B70.5",
            "count": 87,
            "created_time": "2025-03-18T20:25:52.044285Z",
            "yes_price": 1,
            "no_price": 99,
            "taker_side": "no"
        },
        {
            "trade_id": "62ffbff0-cd46-4c28-8cf1-ef4e7c12f7cb",
            "ticker": "KXHIGHCHI-25MAR18-B70.5",
            "count": 45,
            "created_time": "2025-03-18T20:24:41.994696Z",
            "yes_price": 2,
            "no_price": 98,
            "taker_side": "yes"
        },
        {
            "trade_id": "430dacb6-f330-4f24-a5e0-37ec4f1dd68b",
            "ticker": "KXHIGHCHI-25MAR18-B70.5",
            "count": 45,
            "created_time": "2025-03-18T20:24:15.905472Z",
            "yes_price": 2,
            "no_price": 98,
            "taker_side": "yes"
        },
        {
            "trade_id": "75465902-38be-4eb7-97f6-89a72dac8621",
            "ticker": "KXHIGHCHI-25MAR18-B70.5",
            "count": 45,
            "created_time": "2025-03-18T20:22:39.719966Z",
            "yes_price": 3,
            "no_price": 97,
            "taker_side": "yes"
        },
        {
            "trade_id": "ac3b715c-b75b-4251-881e-039c8f6a4e1d",
            "ticker": "KXHIGHCHI-25MAR18-B70.5",
            "count": 324,
            "created_time": "2025-03-18T20:21:27.155837Z",
            "yes_price": 1,
            "no_price": 99,
            "taker_side": "no"
        },
        {
            "trade_id": "7e4004df-c239-4a91-9e5a-998c9e9e517a",
            "ticker": "KXHIGHCHI-25MAR18-B70.5",
            "count": 100,
            "created_time": "2025-03-18T20:21:27.155837Z",
            "yes_price": 1,
            "no_price": 99,
            "taker_side": "no"
        },
        {
            "trade_id": "72fb3d5f-dd62-4cda-b5cf-c4e5df80cdb0",
            "ticker": "KXHIGHCHI-25MAR18-B70.5",
            "count": 300,
            "created_time": "2025-03-18T20:20:49.2755Z",
            "yes_price": 2,
            "no_price": 98,
            "taker_side": "no"
        },
        {
            "trade_id": "34475775-a431-43a0-b1b7-ab79e8c4cd55",
            "ticker": "KXHIGHCHI-25MAR18-B70.5",
            "count": 277,
            "created_time": "2025-03-18T20:20:49.2755Z",
            "yes_price": 2,
            "no_price": 98,
            "taker_side": "no"
        },
        {
            "trade_id": "357d0f78-9e0f-4cd9-8bc5-0a807581a195",
            "ticker": "KXHIGHCHI-25MAR18-B70.5",
            "count": 165,
            "created_time": "2025-03-18T20:19:53.616053Z",
            "yes_price": 3,
            "no_price": 97,
            "taker_side": "no"
        },
        {
            "trade_id": "76022bcf-f71b-4568-9ec5-af61dc5b0ff7",
            "ticker": "KXHIGHCHI-25MAR18-B70.5",
            "count": 25,
            "created_time": "2025-03-18T20:17:35.333043Z",
            "yes_price": 3,
            "no_price": 97,
            "taker_side": "no"
        },
        {
            "trade_id": "40a1a8ef-30ef-44b8-8a0c-950093fb4e85",
            "ticker": "KXHIGHCHI-25MAR18-B70.5",
            "count": 125,
            "created_time": "2025-03-18T20:16:15.249938Z",
            "yes_price": 3,
            "no_price": 97,
            "taker_side": "no"
        },
        {
            "trade_id": "4cc588a6-a7bc-4d6a-ad0c-98696621c8e2",
            "ticker": "KXHIGHCHI-25MAR18-B70.5",
            "count": 400,
            "created_time": "2025-03-18T20:16:07.662291Z",
            "yes_price": 3,
            "no_price": 97,
            "taker_side": "no"
        },
        {
            "trade_id": "f9f3151d-7595-4f6e-ad25-92466a16dc9c",
            "ticker": "KXHIGHCHI-25MAR18-B70.5",
            "count": 15,
            "created_time": "2025-03-18T20:12:23.216775Z",
            "yes_price": 4,
            "no_price": 96,
            "taker_side": "no"
        },
        {
            "trade_id": "2927726e-ba44-4266-a859-60ac9ab6d284",
            "ticker": "KXHIGHCHI-25MAR18-B70.5",
            "count": 10,
            "created_time": "2025-03-18T20:12:23.216775Z",
            "yes_price": 4,
            "no_price": 96,
            "taker_side": "no"
        },
        {
            "trade_id": "0e5056a3-dba7-42bb-8597-9d24a052c96e",
            "ticker": "KXHIGHCHI-25MAR18-B70.5",
            "count": 2,
            "created_time": "2025-03-18T20:09:10.086574Z",
            "yes_price": 4,
            "no_price": 96,
            "taker_side": "no"
        },
        {
            "trade_id": "dfd0d88e-f21e-4cbd-9cd8-ef4dd569e4b9",
            "ticker": "KXHIGHCHI-25MAR18-B70.5",
            "count": 20,
            "created_time": "2025-03-18T20:07:06.7434Z",
            "yes_price": 4,
            "no_price": 96,
            "taker_side": "no"
        },
        {
            "trade_id": "fc02aac4-d4be-4068-bd72-ddad999515c9",
            "ticker": "KXHIGHCHI-25MAR18-B70.5",
            "count": 8,
            "created_time": "2025-03-18T20:05:06.68066Z",
            "yes_price": 9,
            "no_price": 91,
            "taker_side": "yes"
        },
        {
            "trade_id": "8a6c098d-6a56-4ce5-9f04-cbae253333a4",
            "ticker": "KXHIGHCHI-25MAR18-B70.5",
            "count": 23,
            "created_time": "2025-03-18T20:00:13.442854Z",
            "yes_price": 2,
            "no_price": 98,
            "taker_side": "no"
        },
        {
            "trade_id": "27d43fd0-7a94-4efc-a28e-280650f8b1ad",
            "ticker": "KXHIGHCHI-25MAR18-B70.5",
            "count": 10,
            "created_time": "2025-03-18T19:59:57.887612Z",
            "yes_price": 10,
            "no_price": 90,
            "taker_side": "yes"
        },
        {
            "trade_id": "6a2549d2-2559-4b03-8acc-18496426d1a1",
            "ticker": "KXHIGHCHI-25MAR18-B70.5",
            "count": 27,
            "created_time": "2025-03-18T19:57:06.976071Z",
            "yes_price": 10,
            "no_price": 90,
            "taker_side": "yes"
        },
        {
            "trade_id": "89827c98-5c9b-4c87-8953-e2cfc81cddc3",
            "ticker": "KXHIGHCHI-25MAR18-B70.5",
            "count": 9,
            "created_time": "2025-03-18T19:56:14.485814Z",
            "yes_price": 10,
            "no_price": 90,
            "taker_side": "yes"
        },
        {
            "trade_id": "b1317f41-a3db-47eb-862b-6b7ea78f76b7",
            "ticker": "KXHIGHCHI-25MAR18-B70.5",
            "count": 100,
            "created_time": "2025-03-18T19:55:36.542237Z",
            "yes_price": 9,
            "no_price": 91,
            "taker_side": "yes"
        },
        {
            "trade_id": "7db7cf85-6f5f-4f0d-ba42-de269368f9dd",
            "ticker": "KXHIGHCHI-25MAR18-B70.5",
            "count": 200,
            "created_time": "2025-03-18T19:54:42.65413Z",
            "yes_price": 5,
            "no_price": 95,
            "taker_side": "no"
        },
        {
            "trade_id": "baf20da0-6b29-4e63-be50-e2f70b41322f",
            "ticker": "KXHIGHCHI-25MAR18-B70.5",
            "count": 8,
            "created_time": "2025-03-18T19:49:44.811543Z",
            "yes_price": 12,
            "no_price": 88,
            "taker_side": "yes"
        },
        {
            "trade_id": "77a2d1e9-8118-42d2-9d12-5b902419a87e",
            "ticker": "KXHIGHCHI-25MAR18-B70.5",
            "count": 40,
            "created_time": "2025-03-18T19:48:31.992272Z",
            "yes_price": 11,
            "no_price": 89,
            "taker_side": "yes"
        },
        {
            "trade_id": "f02de139-1c46-4018-bbcf-ab0b54c4a887",
            "ticker": "KXHIGHCHI-25MAR18-B70.5",
            "count": 25,
            "created_time": "2025-03-18T19:48:30.035785Z",
            "yes_price": 7,
            "no_price": 93,
            "taker_side": "no"
        },
        {
            "trade_id": "a1e313cd-9480-4ba8-945f-a4d7545ec8e7",
            "ticker": "KXHIGHCHI-25MAR18-B70.5",
            "count": 65,
            "created_time": "2025-03-18T19:48:18.479518Z",
            "yes_price": 9,
            "no_price": 91,
            "taker_side": "yes"
        },
        {
            "trade_id": "0451ee4c-5682-4788-ab74-85888434a863",
            "ticker": "KXHIGHCHI-25MAR18-B70.5",
            "count": 1,
            "created_time": "2025-03-18T19:46:19.100333Z",
            "yes_price": 9,
            "no_price": 91,
            "taker_side": "yes"
        },
        {
            "trade_id": "f796af71-2ca9-4252-b62f-5b6ffbc119a3",
            "ticker": "KXHIGHCHI-25MAR18-B70.5",
            "count": 1,
            "created_time": "2025-03-18T19:44:39.307213Z",
            "yes_price": 8,
            "no_price": 92,
            "taker_side": "no"
        },
        {
            "trade_id": "18224ce9-3d0e-48fd-a695-3eef51cc26a4",
            "ticker": "KXHIGHCHI-25MAR18-B70.5",
            "count": 11,
            "created_time": "2025-03-18T19:44:39.307213Z",
            "yes_price": 7,
            "no_price": 93,
            "taker_side": "no"
        },
        {
            "trade_id": "4051b436-d834-4e19-bfdd-98d087c20efc",
            "ticker": "KXHIGHCHI-25MAR18-B70.5",
            "count": 19,
            "created_time": "2025-03-18T19:42:09.46471Z",
