{
    "KXHIGHCHI-25JAN01-T26": [],
    "KXHIGHCHI-25JAN01-B26.5": [],
    "KXHIGHCHI-25JAN01-B28.5": [
        {
            "trade_id": "88682997-7f82-4d78-aee5-94a84f99ed37",
            "ticker": "KXHIGHCHI-25JAN01-B28.5",
            "count": 52,
            "created_time": "2025-01-01T03:50:04.769667Z",
            "yes_price": 1,
            "no_price": 99,
            "taker_side": "yes"
        },
        {
            "trade_id": "e107b73f-d5a0-4966-97bf-cf3864e7e38d",
            "ticker": "KXHIGHCHI-25JAN01-B28.5",
            "count": 12,
            "created_time": "2025-01-01T00:24:41.599636Z",
            "yes_price": 1,
            "no_price": 99,
            "taker_side": "no"
        },
        {
            "trade_id": "31634a2b-b7e8-4956-8071-dce99ec984a4",
            "ticker": "KXHIGHCHI-25JAN01-B28.5",
            "count": 14,
            "created_time": "2024-12-31T23:45:44.038432Z",
            "yes_price": 1,
            "no_price": 99,
            "taker_side": "no"
        },
        {
            "trade_id": "59222c32-aa97-4f8c-9ce7-b092aa2985c8",
            "ticker": "KXHIGHCHI-25JAN01-B28.5",
            "count": 115,
            "created_time": "2024-12-31T23:41:07.278671Z",
            "yes_price": 1,
            "no_price": 99,
            "taker_side": "no"
        },
        {
            "trade_id": "0c540747-ca14-470f-8a82-f926d04da0ec",
            "ticker": "KXHIGHCHI-25JAN01-B28.5",
            "count": 58,
            "created_time": "2024-12-31T23:15:31.443656Z",
            "yes_price": 1,
            "no_price": 99,
            "taker_side": "no"
        },
        {
            "trade_id": "bb8e994a-7a46-409a-919f-cc403c349d8c",
            "ticker": "KXHIGHCHI-25JAN01-B28.5",
            "count": 33,
            "created_time": "2024-12-31T23:11:27.133045Z",
            "yes_price": 1,
            "no_price": 99,
            "taker_side": "no"
        },
        {
            "trade_id": "26c07cc0-c143-4fd7-a1a9-7817bae22d34",
            "ticker": "KXHIGHCHI-25JAN01-B28.5",
            "count": 9,
            "created_time": "2024-12-31T23:10:48.604089Z",
            "yes_price": 1,
            "no_price": 99,
            "taker_side": "no"
        },
        {
            "trade_id": "612ca6e8-1ca4-49c0-888b-486117544a97",
            "ticker": "KXHIGHCHI-25JAN01-B28.5",
            "count": 40,
            "created_time": "2024-12-31T18:43:17.804845Z",
            "yes_price": 3,
            "no_price": 97,
            "taker_side": "no"
        }
    ],
    "KXHIGHCHI-25JAN01-B30.5": [
        {
            "trade_id": "ed33dfed-5c66-44d0-b129-68020fe27f49",
            "ticker": "KXHIGHCHI-25JAN01-B30.5",
            "count": 93,
            "created_time": "2025-01-02T00:32:15.594862Z",
            "yes_price": 1,
            "no_price": 99,
            "taker_side": "yes"
        },
        {
            "trade_id": "aa1e58e9-4368-4f3b-a25c-fae2e76ec0d1",
            "ticker": "KXHIGHCHI-25JAN01-B30.5",
            "count": 1285,
            "created_time": "2025-01-01T21:57:59.753651Z",
            "yes_price": 1,
            "no_price": 99,
            "taker_side": "yes"
        },
        {
            "trade_id": "9b6f6ce9-30da-4ad2-aac5-4f4574390b86",
            "ticker": "KXHIGHCHI-25JAN01-B30.5",
            "count": 2000,
            "created_time": "2025-01-01T21:57:59.753651Z",
            "yes_price": 1,
            "no_price": 99,
            "taker_side": "yes"
        },
        {
            "trade_id": "88bffefc-65fc-4262-9401-5291d8e0878b",
            "ticker": "KXHIGHCHI-25JAN01-B30.5",
            "count": 2587,
            "created_time": "2025-01-01T21:57:59.753651Z",
            "yes_price": 1,
            "no_price": 99,
            "taker_side": "yes"
        },
        {
            "trade_id": "77bcb6af-c114-4906-a37d-e42f8e1c4a5f",
            "ticker": "KXHIGHCHI-25JAN01-B30.5",
            "count": 1034,
            "created_time": "2025-01-01T21:57:59.753651Z",
            "yes_price": 1,
            "no_price": 99,
            "taker_side": "yes"
        },
        {
            "trade_id": "6efa391a-703f-4df4-ac95-d79220398fe3",
            "ticker": "KXHIGHCHI-25JAN01-B30.5",
            "count": 78,
            "created_time": "2025-01-01T21:57:59.753651Z",
            "yes_price": 1,
            "no_price": 99,
            "taker_side": "yes"
        },
        {
            "trade_id": "0ad1e3d2-94d2-4f0f-8504-995f14aae331",
            "ticker": "KXHIGHCHI-25JAN01-B30.5",
            "count": 679,
            "created_time": "2025-01-01T21:57:59.753651Z",
            "yes_price": 1,
            "no_price": 99,
            "taker_side": "yes"
        },
        {
            "trade_id": "f9bd446c-0ae9-4f16-b088-0af1448b253e",
            "ticker": "KXHIGHCHI-25JAN01-B30.5",
            "count": 220,
            "created_time": "2025-01-01T20:13:17.169866Z",
            "yes_price": 1,
            "no_price": 99,
            "taker_side": "yes"
        },
        {
            "trade_id": "6d771272-c569-452a-8f49-a4bec8c7aa07",
            "ticker": "KXHIGHCHI-25JAN01-B30.5",
            "count": 714,
            "created_time": "2025-01-01T20:13:17.169866Z",
            "yes_price": 1,
            "no_price": 99,
            "taker_side": "yes"
        },
        {
            "trade_id": "65e8a210-d35d-43fd-8475-5164e5819f48",
            "ticker": "KXHIGHCHI-25JAN01-B30.5",
            "count": 20,
            "created_time": "2025-01-01T18:42:02.932676Z",
            "yes_price": 1,
            "no_price": 99,
            "taker_side": "yes"
        },
        {
            "trade_id": "87a4d924-01c2-4a18-a277-4ef9a6bdce37",
            "ticker": "KXHIGHCHI-25JAN01-B30.5",
            "count": 600,
            "created_time": "2025-01-01T16:34:57.05353Z",
            "yes_price": 1,
            "no_price": 99,
            "taker_side": "yes"
        },
        {
            "trade_id": "0999880d-f8e1-4c25-90d2-3fcd893540d0",
            "ticker": "KXHIGHCHI-25JAN01-B30.5",
            "count": 935,
            "created_time": "2025-01-01T16:02:34.888537Z",
            "yes_price": 1,
            "no_price": 99,
            "taker_side": "yes"
        },
        {
            "trade_id": "6a3a296e-f4f6-42a4-97a2-96a999e4b47b",
            "ticker": "KXHIGHCHI-25JAN01-B30.5",
            "count": 93,
            "created_time": "2025-01-01T13:01:22.140147Z",
            "yes_price": 1,
            "no_price": 99,
            "taker_side": "yes"
        },
        {
            "trade_id": "d1f1ef0d-21d7-411a-9257-17253e00e46a",
            "ticker": "KXHIGHCHI-25JAN01-B30.5",
            "count": 1,
            "created_time": "2025-01-01T06:04:59.413924Z",
            "yes_price": 1,
            "no_price": 99,
            "taker_side": "yes"
        },
        {
            "trade_id": "6dd9ac46-08fa-4308-b739-be35eaadcfdd",
            "ticker": "KXHIGHCHI-25JAN01-B30.5",
            "count": 932,
            "created_time": "2025-01-01T06:04:59.413924Z",
            "yes_price": 1,
            "no_price": 99,
            "taker_side": "yes"
        },
        {
            "trade_id": "f3dfdc78-1e91-462e-8c16-5e8fd6a55ec8",
            "ticker": "KXHIGHCHI-25JAN01-B30.5",
            "count": 235,
            "created_time": "2025-01-01T05:31:06.399371Z",
            "yes_price": 1,
            "no_price": 99,
            "taker_side": "no"
        },
        {
            "trade_id": "949f5d73-f644-4208-b7bc-9ada142cfaef",
            "ticker": "KXHIGHCHI-25JAN01-B30.5",
            "count": 444,
            "created_time": "2025-01-01T05:23:06.58034Z",
            "yes_price": 1,
            "no_price": 99,
            "taker_side": "no"
        },
        {
            "trade_id": "e5f89ec5-878b-41be-80ad-fe3cb3c0aa68",
            "ticker": "KXHIGHCHI-25JAN01-B30.5",
            "count": 200,
            "created_time": "2025-01-01T05:15:24.915161Z",
            "yes_price": 2,
            "no_price": 98,
            "taker_side": "no"
        },
        {
            "trade_id": "bc530309-b3ac-42c5-bff2-bc2087d7b412",
            "ticker": "KXHIGHCHI-25JAN01-B30.5",
            "count": 200,
            "created_time": "2025-01-01T05:15:24.914366Z",
            "yes_price": 2,
            "no_price": 98,
            "taker_side": "no"
        },
        {
            "trade_id": "3a42e0bd-6930-4388-a469-f1efb0f06f85",
            "ticker": "KXHIGHCHI-25JAN01-B30.5",
            "count": 131,
            "created_time": "2025-01-01T05:11:15.284229Z",
            "yes_price": 2,
            "no_price": 98,
            "taker_side": "no"
        },
        {
            "trade_id": "8f6babd8-c25f-4b73-a2bc-10254031d93c",
            "ticker": "KXHIGHCHI-25JAN01-B30.5",
            "count": 1,
            "created_time": "2025-01-01T04:49:29.256038Z",
            "yes_price": 3,
            "no_price": 97,
            "taker_side": "no"
        },
        {
            "trade_id": "77b895cb-567c-4364-a213-c84c32cd636f",
            "ticker": "KXHIGHCHI-25JAN01-B30.5",
            "count": 60,
            "created_time": "2025-01-01T04:46:55.79196Z",
            "yes_price": 3,
            "no_price": 97,
            "taker_side": "no"
        },
        {
            "trade_id": "744d3f5e-4d36-4cfe-88fb-ec0dda32c56d",
            "ticker": "KXHIGHCHI-25JAN01-B30.5",
            "count": 10,
            "created_time": "2025-01-01T04:46:55.79196Z",
            "yes_price": 3,
            "no_price": 97,
            "taker_side": "no"
        },
        {
            "trade_id": "834ce0a8-5827-49ef-944d-53fd8c25f67f",
            "ticker": "KXHIGHCHI-25JAN01-B30.5",
            "count": 10,
            "created_time": "2025-01-01T04:46:08.966772Z",
            "yes_price": 5,
            "no_price": 95,
            "taker_side": "yes"
        },
        {
            "trade_id": "0412f162-be66-4e07-bc27-4bdc6b6c868c",
            "ticker": "KXHIGHCHI-25JAN01-B30.5",
            "count": 43,
            "created_time": "2025-01-01T04:46:08.966772Z",
            "yes_price": 8,
            "no_price": 92,
            "taker_side": "yes"
        },
        {
            "trade_id": "eee86f0f-64b2-4b38-9496-e4b6a79c1b96",
            "ticker": "KXHIGHCHI-25JAN01-B30.5",
            "count": 10,
            "created_time": "2025-01-01T04:43:00.818304Z",
            "yes_price": 2,
            "no_price": 98,
            "taker_side": "no"
        },
        {
            "trade_id": "bf0c791d-9b69-40fe-9ddb-c75cf1eebd98",
            "ticker": "KXHIGHCHI-25JAN01-B30.5",
            "count": 2,
            "created_time": "2025-01-01T04:34:32.876369Z",
            "yes_price": 4,
            "no_price": 96,
            "taker_side": "yes"
        },
        {
            "trade_id": "72d7435b-697f-479b-98ee-26c9879bef14",
            "ticker": "KXHIGHCHI-25JAN01-B30.5",
            "count": 50,
            "created_time": "2025-01-01T04:30:35.132912Z",
            "yes_price": 3,
            "no_price": 97,
            "taker_side": "no"
        },
        {
            "trade_id": "de3be534-fa40-4351-a851-3aed2ac3d504",
            "ticker": "KXHIGHCHI-25JAN01-B30.5",
            "count": 320,
            "created_time": "2025-01-01T04:09:45.36664Z",
            "yes_price": 9,
            "no_price": 91,
            "taker_side": "yes"
        },
        {
            "trade_id": "155cfd0d-46c5-450a-9c72-b3d95613b6e7",
            "ticker": "KXHIGHCHI-25JAN01-B30.5",
            "count": 216,
            "created_time": "2025-01-01T04:09:45.36664Z",
            "yes_price": 7,
            "no_price": 93,
            "taker_side": "yes"
        },
        {
            "trade_id": "08f9cadd-f5b1-49bd-9bc4-a9ce9b3f8859",
            "ticker": "KXHIGHCHI-25JAN01-B30.5",
            "count": 37,
            "created_time": "2025-01-01T04:09:45.36664Z",
            "yes_price": 8,
            "no_price": 92,
            "taker_side": "yes"
        },
        {
            "trade_id": "6f9de3ef-cc87-4c23-9a94-ad58aea3f2d2",
            "ticker": "KXHIGHCHI-25JAN01-B30.5",
            "count": 125,
            "created_time": "2025-01-01T03:50:50.764164Z",
            "yes_price": 5,
            "no_price": 95,
            "taker_side": "no"
        },
        {
            "trade_id": "42efcf9a-d777-4a95-8f1e-7b534ed1448e",
            "ticker": "KXHIGHCHI-25JAN01-B30.5",
            "count": 3,
            "created_time": "2025-01-01T03:38:46.674373Z",
            "yes_price": 2,
            "no_price": 98,
            "taker_side": "no"
        },
        {
            "trade_id": "e7bd0951-7813-482d-81d6-847b69e73077",
            "ticker": "KXHIGHCHI-25JAN01-B30.5",
            "count": 31,
            "created_time": "2025-01-01T03:15:39.914838Z",
            "yes_price": 4,
            "no_price": 96,
            "taker_side": "no"
        },
        {
            "trade_id": "d59163fb-3dd6-4a8c-aa67-5477304cc187",
            "ticker": "KXHIGHCHI-25JAN01-B30.5",
            "count": 13,
            "created_time": "2025-01-01T03:15:39.892704Z",
            "yes_price": 4,
            "no_price": 96,
            "taker_side": "no"
        },
        {
            "trade_id": "fdcab351-f9c6-40ba-87fd-df46e39aad04",
            "ticker": "KXHIGHCHI-25JAN01-B30.5",
            "count": 395,
            "created_time": "2025-01-01T03:10:16.373212Z",
            "yes_price": 6,
            "no_price": 94,
            "taker_side": "yes"
        },
        {
            "trade_id": "1ba5a0be-f14c-4391-85c8-1107177edbe9",
            "ticker": "KXHIGHCHI-25JAN01-B30.5",
            "count": 63,
            "created_time": "2025-01-01T03:10:16.373212Z",
            "yes_price": 7,
            "no_price": 93,
            "taker_side": "yes"
        },
        {
            "trade_id": "14903a05-dd96-473b-80a1-43dd5d199afa",
            "ticker": "KXHIGHCHI-25JAN01-B30.5",
            "count": 42,
            "created_time": "2025-01-01T03:09:37.333203Z",
            "yes_price": 2,
            "no_price": 98,
            "taker_side": "no"
        },
        {
            "trade_id": "846ae76f-e406-434e-9606-99e489dfd0f2",
            "ticker": "KXHIGHCHI-25JAN01-B30.5",
            "count": 49,
            "created_time": "2025-01-01T02:50:26.038684Z",
            "yes_price": 5,
            "no_price": 95,
            "taker_side": "yes"
        },
        {
            "trade_id": "c9e2b75b-8339-473a-b3a8-24fb0d0242c1",
            "ticker": "KXHIGHCHI-25JAN01-B30.5",
            "count": 34,
            "created_time": "2025-01-01T02:43:01.335216Z",
            "yes_price": 4,
            "no_price": 96,
            "taker_side": "yes"
        },
        {
            "trade_id": "60d00a97-01f8-4f19-bcef-c164ee329fd8",
            "ticker": "KXHIGHCHI-25JAN01-B30.5",
            "count": 1,
            "created_time": "2025-01-01T02:42:06.385521Z",
            "yes_price": 4,
            "no_price": 96,
            "taker_side": "yes"
        },
        {
            "trade_id": "03f5b10f-50e8-4a31-a099-db14b94cc746",
            "ticker": "KXHIGHCHI-25JAN01-B30.5",
            "count": 50,
            "created_time": "2025-01-01T02:28:45.059669Z",
            "yes_price": 3,
            "no_price": 97,
            "taker_side": "no"
        },
        {
            "trade_id": "ff256b20-8332-4442-be53-a634e77f8722",
            "ticker": "KXHIGHCHI-25JAN01-B30.5",
            "count": 27,
            "created_time": "2025-01-01T02:18:32.209354Z",
            "yes_price": 3,
            "no_price": 97,
            "taker_side": "no"
        },
        {
            "trade_id": "2c0cc036-2e00-4beb-a34b-06111bbc71d6",
            "ticker": "KXHIGHCHI-25JAN01-B30.5",
            "count": 70,
            "created_time": "2025-01-01T02:17:26.500541Z",
            "yes_price": 4,
            "no_price": 96,
            "taker_side": "yes"
        },
        {
            "trade_id": "50a69db9-de4b-4ff3-b980-4949394d77ba",
            "ticker": "KXHIGHCHI-25JAN01-B30.5",
            "count": 100,
            "created_time": "2025-01-01T02:07:59.573846Z",
            "yes_price": 4,
            "no_price": 96,
            "taker_side": "no"
        },
        {
            "trade_id": "1eba800e-8331-4be7-9f2c-8394a028a355",
            "ticker": "KXHIGHCHI-25JAN01-B30.5",
            "count": 99,
            "created_time": "2025-01-01T02:07:32.602414Z",
            "yes_price": 7,
            "no_price": 93,
            "taker_side": "no"
        },
        {
            "trade_id": "375b0e0f-2c53-44d0-869c-ca668b6f0b56",
            "ticker": "KXHIGHCHI-25JAN01-B30.5",
            "count": 32,
            "created_time": "2025-01-01T02:04:28.876313Z",
            "yes_price": 7,
            "no_price": 93,
            "taker_side": "no"
        },
        {
            "trade_id": "4537b82b-1aa9-44e5-9610-f7208b80cfd0",
            "ticker": "KXHIGHCHI-25JAN01-B30.5",
            "count": 32,
            "created_time": "2025-01-01T02:04:28.865482Z",
            "yes_price": 7,
            "no_price": 93,
            "taker_side": "no"
        },
        {
            "trade_id": "849e157f-bc03-4f86-a243-a01ac9110fef",
            "ticker": "KXHIGHCHI-25JAN01-B30.5",
            "count": 87,
            "created_time": "2025-01-01T02:03:21.974798Z",
            "yes_price": 7,
            "no_price": 93,
            "taker_side": "no"
        },
        {
            "trade_id": "07439ede-d4e9-4135-8519-c230fc99fa45",
            "ticker": "KXHIGHCHI-25JAN01-B30.5",
            "count": 12,
            "created_time": "2025-01-01T02:03:21.974798Z",
            "yes_price": 7,
            "no_price": 93,
            "taker_side": "no"
        },
        {
            "trade_id": "00219d31-b28e-4b42-b64a-a3dd290eb287",
            "ticker": "KXHIGHCHI-25JAN01-B30.5",
            "count": 43,
            "created_time": "2025-01-01T02:03:21.974798Z",
            "yes_price": 8,
            "no_price": 92,
            "taker_side": "no"
        },
        {
            "trade_id": "6f89dd34-c216-423f-b7c6-d45a1c9bc231",
            "ticker": "KXHIGHCHI-25JAN01-B30.5",
            "count": 65,
            "created_time": "2025-01-01T02:03:21.974251Z",
            "yes_price": 8,
            "no_price": 92,
            "taker_side": "no"
        },
        {
            "trade_id": "66edab29-7941-4408-b3a6-9876342afa0c",
            "ticker": "KXHIGHCHI-25JAN01-B30.5",
            "count": 6,
            "created_time": "2025-01-01T01:31:17.056651Z",
            "yes_price": 15,
            "no_price": 85,
            "taker_side": "yes"
        },
        {
            "trade_id": "ec35ec96-ee99-4894-8d2b-9ca9ad732352",
            "ticker": "KXHIGHCHI-25JAN01-B30.5",
            "count": 6,
            "created_time": "2025-01-01T01:14:33.788646Z",
            "yes_price": 15,
            "no_price": 85,
            "taker_side": "yes"
        },
        {
            "trade_id": "4ffcb276-b630-4162-bd46-e84e3cfc9f31",
            "ticker": "KXHIGHCHI-25JAN01-B30.5",
            "count": 26,
            "created_time": "2025-01-01T01:06:11.147316Z",
            "yes_price": 14,
            "no_price": 86,
            "taker_side": "yes"
        },
        {
            "trade_id": "f7bed78a-b77e-474a-993d-9c6a3db22249",
            "ticker": "KXHIGHCHI-25JAN01-B30.5",
            "count": 316,
            "created_time": "2025-01-01T00:48:00.345324Z",
            "yes_price": 30,
            "no_price": 70,
            "taker_side": "yes"
        },
        {
            "trade_id": "f0ff756f-0513-42d8-aeaf-3ac76109077f",
            "ticker": "KXHIGHCHI-25JAN01-B30.5",
            "count": 15,
            "created_time": "2025-01-01T00:48:00.345324Z",
            "yes_price": 29,
            "no_price": 71,
            "taker_side": "yes"
        },
        {
            "trade_id": "b0d95d13-d77d-4b9d-a539-25a5f3478f14",
            "ticker": "KXHIGHCHI-25JAN01-B30.5",
            "count": 15,
            "created_time": "2025-01-01T00:48:00.345324Z",
            "yes_price": 14,
            "no_price": 86,
            "taker_side": "yes"
        },
        {
            "trade_id": "60a1b25a-3f92-4a84-bcf1-c89f9930dfe4",
            "ticker": "KXHIGHCHI-25JAN01-B30.5",
            "count": 113,
            "created_time": "2025-01-01T00:48:00.345324Z",
            "yes_price": 16,
            "no_price": 84,
            "taker_side": "yes"
        },
        {
            "trade_id": "3f40cedc-792b-4267-90c1-9c63330ae6e4",
            "ticker": "KXHIGHCHI-25JAN01-B30.5",
            "count": 105,
            "created_time": "2025-01-01T00:48:00.345324Z",
            "yes_price": 13,
            "no_price": 87,
            "taker_side": "yes"
        },
        {
            "trade_id": "13392e28-47de-4c56-b801-c7340095e527",
            "ticker": "KXHIGHCHI-25JAN01-B30.5",
            "count": 12,
            "created_time": "2025-01-01T00:48:00.345324Z",
            "yes_price": 29,
            "no_price": 71,
            "taker_side": "yes"
        },
        {
            "trade_id": "12cca540-e91a-4955-99ba-dd661f114d81",
            "ticker": "KXHIGHCHI-25JAN01-B30.5",
            "count": 499,
            "created_time": "2025-01-01T00:48:00.345324Z",
            "yes_price": 20,
            "no_price": 80,
            "taker_side": "yes"
        },
        {
            "trade_id": "9c0ce2f1-fbd6-48e5-9d15-cae9793a5bb9",
            "ticker": "KXHIGHCHI-25JAN01-B30.5",
            "count": 4,
            "created_time": "2025-01-01T00:32:51.781798Z",
            "yes_price": 10,
            "no_price": 90,
            "taker_side": "yes"
        },
        {
            "trade_id": "2dde01fa-589a-455d-91ea-b7db0789943e",
            "ticker": "KXHIGHCHI-25JAN01-B30.5",
            "count": 99,
            "created_time": "2025-01-01T00:32:44.964305Z",
            "yes_price": 8,
            "no_price": 92,
            "taker_side": "no"
        },
        {
            "trade_id": "7c755843-3873-4159-ba1f-43dcff588621",
            "ticker": "KXHIGHCHI-25JAN01-B30.5",
            "count": 1,
            "created_time": "2025-01-01T00:31:56.625027Z",
            "yes_price": 13,
            "no_price": 87,
            "taker_side": "yes"
        },
        {
            "trade_id": "3665f5e2-b8a3-4d27-a553-9fa87289d928",
            "ticker": "KXHIGHCHI-25JAN01-B30.5",
            "count": 38,
            "created_time": "2025-01-01T00:31:43.926237Z",
            "yes_price": 8,
            "no_price": 92,
            "taker_side": "no"
        },
        {
            "trade_id": "d852c130-0b1f-4d49-ba0f-aa4cac11c598",
            "ticker": "KXHIGHCHI-25JAN01-B30.5",
            "count": 19,
            "created_time": "2025-01-01T00:31:21.846145Z",
            "yes_price": 8,
            "no_price": 92,
            "taker_side": "no"
        },
        {
            "trade_id": "5b7f28c6-1c7c-4823-bd80-1eaf3af17616",
            "ticker": "KXHIGHCHI-25JAN01-B30.5",
            "count": 50,
            "created_time": "2025-01-01T00:28:21.008295Z",
            "yes_price": 10,
            "no_price": 90,
            "taker_side": "no"
        },
        {
            "trade_id": "c6992e83-75bd-4e1e-a0ef-421e5ca6fe37",
            "ticker": "KXHIGHCHI-25JAN01-B30.5",
            "count": 76,
            "created_time": "2025-01-01T00:24:41.613868Z",
            "yes_price": 9,
            "no_price": 91,
            "taker_side": "no"
        },
        {
            "trade_id": "57160496-6162-44ef-8699-01bed04e739a",
            "ticker": "KXHIGHCHI-25JAN01-B30.5",
            "count": 66,
            "created_time": "2025-01-01T00:14:45.37895Z",
            "yes_price": 10,
            "no_price": 90,
            "taker_side": "yes"
        },
        {
            "trade_id": "4adbbaa1-ae92-4f99-9de6-dbc3de0393d4",
            "ticker": "KXHIGHCHI-25JAN01-B30.5",
            "count": 1,
            "created_time": "2025-01-01T00:14:45.37895Z",
            "yes_price": 20,
            "no_price": 80,
            "taker_side": "yes"
        },
        {
            "trade_id": "24d2f8e9-4c07-48d3-9294-80bcff9e8be9",
            "ticker": "KXHIGHCHI-25JAN01-B30.5",
            "count": 25,
            "created_time": "2025-01-01T00:14:45.37895Z",
            "yes_price": 10,
            "no_price": 90,
            "taker_side": "yes"
        },
        {
            "trade_id": "1f7d07d8-6c38-4cf3-ace1-7fd8b701fd3d",
            "ticker": "KXHIGHCHI-25JAN01-B30.5",
            "count": 14,
            "created_time": "2024-12-31T23:45:44.060666Z",
            "yes_price": 7,
            "no_price": 93,
            "taker_side": "no"
        },
        {
            "trade_id": "8b899aaf-e105-4870-8984-b57bf6e070fa",
            "ticker": "KXHIGHCHI-25JAN01-B30.5",
            "count": 99,
            "created_time": "2024-12-31T23:41:07.301407Z",
            "yes_price": 6,
            "no_price": 94,
            "taker_side": "no"
        },
        {
            "trade_id": "0ca7ad69-c692-40f9-a646-bab966994660",
            "ticker": "KXHIGHCHI-25JAN01-B30.5",
            "count": 16,
            "created_time": "2024-12-31T23:41:07.301407Z",
            "yes_price": 6,
            "no_price": 94,
            "taker_side": "no"
        },
        {
            "trade_id": "10253941-ffef-4ba1-8226-1c39a4c0958c",
            "ticker": "KXHIGHCHI-25JAN01-B30.5",
            "count": 1,
            "created_time": "2024-12-31T23:30:46.342219Z",
            "yes_price": 6,
            "no_price": 94,
            "taker_side": "no"
        },
        {
            "trade_id": "e1db6292-3ecb-4bf0-8cdc-667fdd1c923a",
            "ticker": "KXHIGHCHI-25JAN01-B30.5",
            "count": 55,
            "created_time": "2024-12-31T23:15:31.450926Z",
            "yes_price": 6,
            "no_price": 94,
            "taker_side": "no"
        },
        {
            "trade_id": "8c3f6942-2a9c-4f3d-a93f-f2e3d46b2803",
            "ticker": "KXHIGHCHI-25JAN01-B30.5",
            "count": 3,
            "created_time": "2024-12-31T23:15:31.450926Z",
            "yes_price": 6,
            "no_price": 94,
            "taker_side": "no"
        },
        {
            "trade_id": "110caf1b-4365-40d7-889b-19ea8541fe51",
            "ticker": "KXHIGHCHI-25JAN01-B30.5",
            "count": 33,
            "created_time": "2024-12-31T23:11:27.119873Z",
            "yes_price": 6,
            "no_price": 94,
            "taker_side": "no"
        },
        {
            "trade_id": "0f266ce1-a116-48c5-bf49-45b104a069dc",
            "ticker": "KXHIGHCHI-25JAN01-B30.5",
            "count": 9,
            "created_time": "2024-12-31T23:10:48.618473Z",
            "yes_price": 6,
            "no_price": 94,
            "taker_side": "no"
        },
        {
            "trade_id": "543ea0c2-6cbf-4b75-b033-dcffad71beb8",
            "ticker": "KXHIGHCHI-25JAN01-B30.5",
            "count": 3,
            "created_time": "2024-12-31T22:53:24.296842Z",
            "yes_price": 6,
            "no_price": 94,
            "taker_side": "no"
        },
        {
            "trade_id": "a9f1cd8c-cc48-4018-adf3-849ae96afe76",
            "ticker": "KXHIGHCHI-25JAN01-B30.5",
            "count": 3,
            "created_time": "2024-12-31T22:48:55.319611Z",
            "yes_price": 10,
            "no_price": 90,
            "taker_side": "no"
        },
        {
            "trade_id": "5480ffeb-5b13-43f0-a421-799948731a18",
            "ticker": "KXHIGHCHI-25JAN01-B30.5",
            "count": 28,
            "created_time": "2024-12-31T22:48:55.296286Z",
            "yes_price": 10,
            "no_price": 90,
            "taker_side": "no"
        },
        {
            "trade_id": "75238e36-5934-464e-a55f-77df072c76e1",
            "ticker": "KXHIGHCHI-25JAN01-B30.5",
            "count": 18,
            "created_time": "2024-12-31T22:25:00.079167Z",
            "yes_price": 11,
            "no_price": 89,
            "taker_side": "no"
        },
        {
            "trade_id": "59977f8e-a665-4406-a5a8-0b76675a1ddc",
            "ticker": "KXHIGHCHI-25JAN01-B30.5",
            "count": 1,
            "created_time": "2024-12-31T22:00:43.8569Z",
            "yes_price": 11,
            "no_price": 89,
            "taker_side": "no"
        },
        {
            "trade_id": "3c933f01-72a5-495d-85d5-fce49bc78722",
            "ticker": "KXHIGHCHI-25JAN01-B30.5",
            "count": 1,
            "created_time": "2024-12-31T22:00:32.887056Z",
            "yes_price": 11,
            "no_price": 89,
            "taker_side": "no"
        },
        {
            "trade_id": "9487692a-02f1-48ef-8b60-7dec268084a9",
            "ticker": "KXHIGHCHI-25JAN01-B30.5",
            "count": 19,
            "created_time": "2024-12-31T21:45:23.76878Z",
            "yes_price": 12,
            "no_price": 88,
            "taker_side": "no"
        },
        {
            "trade_id": "9e0cc306-00e6-4ea2-962b-7903cd3ffe8d",
            "ticker": "KXHIGHCHI-25JAN01-B30.5",
            "count": 15,
            "created_time": "2024-12-31T20:02:19.396248Z",
            "yes_price": 10,
            "no_price": 90,
            "taker_side": "no"
        },
        {
            "trade_id": "044f4eed-e968-478b-a60d-e64121a850ee",
            "ticker": "KXHIGHCHI-25JAN01-B30.5",
            "count": 1,
            "created_time": "2024-12-31T20:02:19.396248Z",
            "yes_price": 9,
            "no_price": 91,
            "taker_side": "no"
        },
        {
            "trade_id": "cc89ddfc-0730-48f3-bc8d-fa63afc41058",
            "ticker": "KXHIGHCHI-25JAN01-B30.5",
            "count": 4,
            "created_time": "2024-12-31T19:43:06.477311Z",
            "yes_price": 12,
            "no_price": 88,
            "taker_side": "no"
        },
        {
            "trade_id": "7ca0608e-5179-4c45-ada7-59f647e06032",
            "ticker": "KXHIGHCHI-25JAN01-B30.5",
            "count": 50,
            "created_time": "2024-12-31T19:43:06.477311Z",
            "yes_price": 9,
            "no_price": 91,
            "taker_side": "no"
        },
        {
            "trade_id": "0e4b0d75-bb28-4c8a-bf3b-ac10cddce56c",
            "ticker": "KXHIGHCHI-25JAN01-B30.5",
            "count": 10,
            "created_time": "2024-12-31T19:42:19.341947Z",
            "yes_price": 12,
            "no_price": 88,
            "taker_side": "no"
        },
        {
            "trade_id": "9de9dfd6-7cfb-4ffe-b6bf-8c444bce6b28",
            "ticker": "KXHIGHCHI-25JAN01-B30.5",
            "count": 73,
            "created_time": "2024-12-31T19:06:57.010828Z",
            "yes_price": 10,
            "no_price": 90,
            "taker_side": "yes"
        },
        {
            "trade_id": "948153f2-85d0-4a2b-b0cb-49e30307552a",
            "ticker": "KXHIGHCHI-25JAN01-B30.5",
            "count": 13,
            "created_time": "2024-12-31T19:06:57.010828Z",
            "yes_price": 28,
            "no_price": 72,
            "taker_side": "yes"
        },
        {
            "trade_id": "16376efa-749d-43b4-aa13-9643b7e9c33a",
            "ticker": "KXHIGHCHI-25JAN01-B30.5",
            "count": 22,
            "created_time": "2024-12-31T19:06:57.010828Z",
            "yes_price": 36,
            "no_price": 64,
            "taker_side": "yes"
        },
        {
            "trade_id": "7756607c-072d-4de8-b15c-3ea6c497e3a3",
            "ticker": "KXHIGHCHI-25JAN01-B30.5",
            "count": 20,
            "created_time": "2024-12-31T18:46:25.077615Z",
            "yes_price": 10,
            "no_price": 90,
            "taker_side": "yes"
        },
        {
            "trade_id": "3c9abe2b-cc5d-4e74-bb98-eb89d1e903a0",
            "ticker": "KXHIGHCHI-25JAN01-B30.5",
            "count": 40,
            "created_time": "2024-12-31T18:43:17.796459Z",
            "yes_price": 9,
            "no_price": 91,
            "taker_side": "no"
        },
        {
            "trade_id": "2691a35a-1673-446a-8f11-9303898fda4a",
            "ticker": "KXHIGHCHI-25JAN01-B30.5",
            "count": 7,
            "created_time": "2024-12-31T18:17:51.340951Z",
            "yes_price": 10,
            "no_price": 90,
            "taker_side": "no"
        },
        {
            "trade_id": "f44e00b5-27a8-4f60-841e-9b3a596c5b0a",
            "ticker": "KXHIGHCHI-25JAN01-B30.5",
            "count": 30,
            "created_time": "2024-12-31T17:48:28.792682Z",
            "yes_price": 12,
            "no_price": 88,
            "taker_side": "no"
        },
        {
            "trade_id": "fac5bfd5-0b4e-46a0-9649-bb7e2cc168fd",
            "ticker": "KXHIGHCHI-25JAN01-B30.5",
            "count": 1,
            "created_time": "2024-12-31T17:47:36.303471Z",
            "yes_price": 12,
            "no_price": 88,
            "taker_side": "no"
        },
        {
            "trade_id": "f770b582-f25b-477c-af6a-6e0f9db12f13",
            "ticker": "KXHIGHCHI-25JAN01-B30.5",
            "count": 11,
            "created_time": "2024-12-31T17:47:36.303471Z",
            "yes_price": 36,
            "no_price": 64,
            "taker_side": "no"
        },
        {
            "trade_id": "a205d033-4ec4-403a-a73a-6d332e873fc5",
            "ticker": "KXHIGHCHI-25JAN01-B30.5",
            "count": 2,
            "created_time": "2024-12-31T17:47:36.303471Z",
            "yes_price": 38,
            "no_price": 62,
            "taker_side": "no"
        },
        {
            "trade_id": "c5bcc526-9750-4826-8778-19cc7256d2d8",
            "ticker": "KXHIGHCHI-25JAN01-B30.5",
            "count": 5,
            "created_time": "2024-12-31T16:28:44.432127Z",
            "yes_price": 40,
            "no_price": 60,
            "taker_side": "yes"
        },
        {
            "trade_id": "a8959bab-6541-4ff5-8ba0-6ed9a8544e2a",
            "ticker": "KXHIGHCHI-25JAN01-B30.5",
            "count": 11,
            "created_time": "2024-12-31T16:28:44.432127Z",
            "yes_price": 46,
            "no_price": 54,
            "taker_side": "yes"
        },
        {
            "trade_id": "a82a531c-c33b-46b6-8143-5f774e251462",
            "ticker": "KXHIGHCHI-25JAN01-B30.5",
            "count": 17,
            "created_time": "2024-12-31T16:28:44.432127Z",
            "yes_price": 41,
            "no_price": 59,
            "taker_side": "yes"
        },
        {
            "trade_id": "8a5d2e96-5450-41f9-81fd-886dd03916b5",
            "ticker": "KXHIGHCHI-25JAN01-B30.5",
            "count": 11,
            "created_time": "2024-12-31T16:22:29.997982Z",
            "yes_price": 43,
            "no_price": 57,
            "taker_side": "yes"
        },
        {
            "trade_id": "2030b3cf-688a-4f51-ba9d-408de453ef7d",
            "ticker": "KXHIGHCHI-25JAN01-B30.5",
            "count": 13,
            "created_time": "2024-12-31T16:22:29.997982Z",
            "yes_price": 36,
            "no_price": 64,
            "taker_side": "yes"
        },
        {
            "trade_id": "c8b70f2d-caae-48ef-9f9d-b41042e9250d",
            "ticker": "KXHIGHCHI-25JAN01-B30.5",
            "count": 10,
            "created_time": "2024-12-31T16:20:21.927293Z",
            "yes_price": 35,
            "no_price": 65,
            "taker_side": "yes"
        },
        {
            "trade_id": "27292c5a-0a97-4514-b075-4de85351ee2d",
            "ticker": "KXHIGHCHI-25JAN01-B30.5",
            "count": 3,
            "created_time": "2024-12-31T16:20:21.927293Z",
            "yes_price": 36,
            "no_price": 64,
            "taker_side": "yes"
        },
        {
            "trade_id": "ce1372d8-60ff-4215-81c4-7021c69fd9fa",
            "ticker": "KXHIGHCHI-25JAN01-B30.5",
            "count": 16,
            "created_time": "2024-12-31T15:52:39.698161Z",
            "yes_price": 38,
            "no_price": 62,
            "taker_side": "yes"
        },
        {
            "trade_id": "b2164d53-c085-488f-9684-1281d78be52c",
            "ticker": "KXHIGHCHI-25JAN01-B30.5",
            "count": 14,
            "created_time": "2024-12-31T15:52:25.701435Z",
            "yes_price": 32,
            "no_price": 68,
            "taker_side": "yes"
        },
        {
            "trade_id": "92398a07-5828-4f41-84ed-f6b93902958b",
            "ticker": "KXHIGHCHI-25JAN01-B30.5",
            "count": 7,
            "created_time": "2024-12-31T15:12:18.657954Z",
            "yes_price": 36,
            "no_price": 64,
            "taker_side": "yes"
        },
        {
            "trade_id": "6f04761c-1043-4966-9bc9-2e6f7ab919d5",
            "ticker": "KXHIGHCHI-25JAN01-B30.5",
            "count": 13,
            "created_time": "2024-12-31T15:12:06.515982Z",
            "yes_price": 28,
            "no_price": 72,
            "taker_side": "yes"
        },
        {
            "trade_id": "5e68ba59-b778-44c1-b624-81593f3746e8",
            "ticker": "KXHIGHCHI-25JAN01-B30.5",
            "count": 19,
            "created_time": "2024-12-31T15:10:22.600351Z",
            "yes_price": 29,
            "no_price": 71,
            "taker_side": "yes"
        },
        {
            "trade_id": "739dd817-419f-4ee4-9707-717ecaf8ee0f",
            "ticker": "KXHIGHCHI-25JAN01-B30.5",
            "count": 11,
            "created_time": "2024-12-31T15:10:01.821626Z",
            "yes_price": 19,
            "no_price": 81,
            "taker_side": "yes"
        }
    ],
    "KXHIGHCHI-25JAN01-B32.5": [
        {
            "trade_id": "569bff9c-5671-42a5-9e46-73e4a0a81df9",
            "ticker": "KXHIGHCHI-25JAN01-B32.5",
            "count": 935,
            "created_time": "2025-01-01T20:14:03.269901Z",
            "yes_price": 1,
            "no_price": 99,
            "taker_side": "yes"
        },
        {
            "trade_id": "a506e6a9-1c95-4a94-8c81-6bc64464aec2",
            "ticker": "KXHIGHCHI-25JAN01-B32.5",
            "count": 467,
            "created_time": "2025-01-01T16:04:23.301637Z",
            "yes_price": 1,
            "no_price": 99,
            "taker_side": "yes"
        },
        {
            "trade_id": "2165fc54-d250-42b4-aa86-ea4ec389ca7b",
            "ticker": "KXHIGHCHI-25JAN01-B32.5",
            "count": 119,
            "created_time": "2025-01-01T15:03:31.192924Z",
            "yes_price": 1,
            "no_price": 99,
            "taker_side": "yes"
        },
        {
            "trade_id": "17c57f25-0909-40b9-9400-b7367dc951a0",
            "ticker": "KXHIGHCHI-25JAN01-B32.5",
            "count": 280,
            "created_time": "2025-01-01T13:00:57.928786Z",
            "yes_price": 1,
            "no_price": 99,
            "taker_side": "yes"
        },
        {
            "trade_id": "9e9dcf23-9239-4d6d-823f-42038018b0f0",
            "ticker": "KXHIGHCHI-25JAN01-B32.5",
            "count": 1,
            "created_time": "2025-01-01T13:00:00.371649Z",
            "yes_price": 1,
            "no_price": 99,
            "taker_side": "yes"
        },
        {
            "trade_id": "13dbc785-cd99-4e78-a08b-c9f8b9810e23",
            "ticker": "KXHIGHCHI-25JAN01-B32.5",
            "count": 935,
            "created_time": "2025-01-01T06:05:15.611443Z",
            "yes_price": 1,
            "no_price": 99,
            "taker_side": "yes"
        },
        {
            "trade_id": "6a2297f4-4e74-4752-afb3-93f7c4b9aef1",
            "ticker": "KXHIGHCHI-25JAN01-B32.5",
            "count": 527,
            "created_time": "2025-01-01T06:03:22.25199Z",
            "yes_price": 1,
            "no_price": 99,
            "taker_side": "no"
        },
        {
            "trade_id": "1ab95a05-153a-431d-a33c-3f0b296a929e",
            "ticker": "KXHIGHCHI-25JAN01-B32.5",
            "count": 100,
            "created_time": "2025-01-01T06:03:22.25199Z",
            "yes_price": 1,
            "no_price": 99,
            "taker_side": "no"
        },
        {
            "trade_id": "39f218e0-dfd5-474b-a3ec-99f8667f963f",
            "ticker": "KXHIGHCHI-25JAN01-B32.5",
            "count": 62,
            "created_time": "2025-01-01T06:03:08.850049Z",
            "yes_price": 2,
            "no_price": 98,
            "taker_side": "no"
        },
        {
            "trade_id": "e116f9ce-7e87-4cd9-95e8-b3a57df66421",
            "ticker": "KXHIGHCHI-25JAN01-B32.5",
            "count": 2,
            "created_time": "2025-01-01T06:03:03.216191Z",
            "yes_price": 2,
            "no_price": 98,
            "taker_side": "no"
        },
        {
            "trade_id": "22247773-3bb2-4c5c-a9a2-fdf56ed10fe9",
            "ticker": "KXHIGHCHI-25JAN01-B32.5",
            "count": 376,
            "created_time": "2025-01-01T06:03:03.216191Z",
            "yes_price": 2,
            "no_price": 98,
            "taker_side": "no"
        },
        {
            "trade_id": "58ca1edb-2c6f-418c-8223-d718f6da127b",
            "ticker": "KXHIGHCHI-25JAN01-B32.5",
            "count": 1,
            "created_time": "2025-01-01T05:59:17.616971Z",
            "yes_price": 2,
            "no_price": 98,
            "taker_side": "yes"
        },
        {
            "trade_id": "deead9d7-9413-4016-943f-fba634c8c17c",
            "ticker": "KXHIGHCHI-25JAN01-B32.5",
            "count": 4,
            "created_time": "2025-01-01T05:58:54.267377Z",
            "yes_price": 2,
            "no_price": 98,
            "taker_side": "yes"
        },
        {
            "trade_id": "c3c988f2-a1ac-4da3-9e93-0929f505503d",
            "ticker": "KXHIGHCHI-25JAN01-B32.5",
            "count": 8,
            "created_time": "2025-01-01T05:38:19.613892Z",
            "yes_price": 3,
            "no_price": 97,
            "taker_side": "no"
        },
        {
            "trade_id": "12ebea4f-b469-4271-9f56-8bcbb3579df3",
            "ticker": "KXHIGHCHI-25JAN01-B32.5",
            "count": 200,
            "created_time": "2025-01-01T05:35:28.448239Z",
            "yes_price": 4,
            "no_price": 96,
            "taker_side": "yes"
        },
        {
            "trade_id": "f4b35ea6-4bb3-49ea-8dfb-12d2fbbb221a",
            "ticker": "KXHIGHCHI-25JAN01-B32.5",
            "count": 3,
            "created_time": "2025-01-01T05:24:35.304739Z",
            "yes_price": 3,
            "no_price": 97,
            "taker_side": "no"
        },
        {
            "trade_id": "e4a07c2d-036f-4fc0-ae47-4686b816f784",
            "ticker": "KXHIGHCHI-25JAN01-B32.5",
            "count": 200,
            "created_time": "2025-01-01T05:15:24.92384Z",
            "yes_price": 4,
            "no_price": 96,
            "taker_side": "no"
        },
        {
            "trade_id": "1aed2f65-283b-4de3-9bf2-762760381c74",
            "ticker": "KXHIGHCHI-25JAN01-B32.5",
            "count": 131,
            "created_time": "2025-01-01T05:11:15.27724Z",
            "yes_price": 5,
            "no_price": 95,
            "taker_side": "no"
        },
        {
            "trade_id": "43f954db-2366-49fd-9fc4-c92b1134da00",
            "ticker": "KXHIGHCHI-25JAN01-B32.5",
            "count": 25,
            "created_time": "2025-01-01T05:10:32.315316Z",
            "yes_price": 6,
            "no_price": 94,
            "taker_side": "no"
        },
        {
            "trade_id": "4a5b6ec7-36a6-4dc5-aad2-0bd1e7aec69d",
            "ticker": "KXHIGHCHI-25JAN01-B32.5",
            "count": 52,
            "created_time": "2025-01-01T04:58:28.493455Z",
            "yes_price": 5,
            "no_price": 95,
            "taker_side": "no"
        },
        {
            "trade_id": "1293b5d4-fd0e-40e7-ab8d-b99fe338ac9a",
            "ticker": "KXHIGHCHI-25JAN01-B32.5",
            "count": 1,
            "created_time": "2025-01-01T04:49:29.161612Z",
            "yes_price": 12,
            "no_price": 88,
            "taker_side": "yes"
        },
        {
            "trade_id": "e00dd738-17da-4607-8b0a-e6e8ea7b2bad",
            "ticker": "KXHIGHCHI-25JAN01-B32.5",
            "count": 50,
            "created_time": "2025-01-01T04:06:38.92019Z",
            "yes_price": 8,
            "no_price": 92,
            "taker_side": "no"
        },
        {
            "trade_id": "c98821ac-d9ca-48e3-a83f-604ec80496c9",
            "ticker": "KXHIGHCHI-25JAN01-B32.5",
            "count": 271,
            "created_time": "2025-01-01T04:06:38.92019Z",
            "yes_price": 5,
            "no_price": 95,
            "taker_side": "no"
        },
        {
            "trade_id": "c618af43-d654-4023-9caf-b01a06fc32ed",
            "ticker": "KXHIGHCHI-25JAN01-B32.5",
            "count": 51,
            "created_time": "2025-01-01T04:06:38.92019Z",
            "yes_price": 6,
            "no_price": 94,
            "taker_side": "no"
        },
        {
            "trade_id": "639bd7d9-2904-4cc9-a7c5-c0d6098b083d",
            "ticker": "KXHIGHCHI-25JAN01-B32.5",
            "count": 50,
            "created_time": "2025-01-01T04:06:38.92019Z",
            "yes_price": 10,
            "no_price": 90,
            "taker_side": "no"
        },
        {
            "trade_id": "5c6b9842-18ec-4ccb-90e4-f3b1a337dcfe",
            "ticker": "KXHIGHCHI-25JAN01-B32.5",
            "count": 56,
            "created_time": "2025-01-01T04:06:38.92019Z",
            "yes_price": 11,
            "no_price": 89,
            "taker_side": "no"
        },
        {
            "trade_id": "5b424ab8-950d-4069-ac4b-6fd1ae3cf2c5",
            "ticker": "KXHIGHCHI-25JAN01-B32.5",
            "count": 19,
            "created_time": "2025-01-01T03:56:04.364272Z",
            "yes_price": 20,
            "no_price": 80,
            "taker_side": "no"
        },
        {
            "trade_id": "53572f14-a637-4a05-ad24-c2582d6fc33c",
            "ticker": "KXHIGHCHI-25JAN01-B32.5",
            "count": 74,
            "created_time": "2025-01-01T03:54:51.641286Z",
            "yes_price": 20,
            "no_price": 80,
            "taker_side": "no"
        },
        {
            "trade_id": "891226fc-0c19-4d8e-9c68-617001409108",
            "ticker": "KXHIGHCHI-25JAN01-B32.5",
            "count": 107,
            "created_time": "2025-01-01T03:54:06.972726Z",
            "yes_price": 20,
            "no_price": 80,
            "taker_side": "no"
        },
        {
            "trade_id": "72ce751f-d75d-479f-ba9e-6e3c31c637ed",
            "ticker": "KXHIGHCHI-25JAN01-B32.5",
            "count": 377,
            "created_time": "2025-01-01T03:51:50.959726Z",
            "yes_price": 15,
            "no_price": 85,
            "taker_side": "no"
        },
        {
            "trade_id": "d6b96620-07b3-44b4-8f49-39c20adcb265",
            "ticker": "KXHIGHCHI-25JAN01-B32.5",
            "count": 125,
            "created_time": "2025-01-01T03:50:50.756538Z",
            "yes_price": 9,
            "no_price": 91,
            "taker_side": "no"
        },
        {
            "trade_id": "f84c9e78-e7a5-4182-a35c-143c32578bfc",
            "ticker": "KXHIGHCHI-25JAN01-B32.5",
            "count": 50,
            "created_time": "2025-01-01T03:46:37.265966Z",
            "yes_price": 14,
            "no_price": 86,
            "taker_side": "no"
        },
        {
            "trade_id": "568e182c-f781-4d1d-96c9-a72dc6e1e50f",
            "ticker": "KXHIGHCHI-25JAN01-B32.5",
            "count": 49,
            "created_time": "2025-01-01T03:46:37.265966Z",
            "yes_price": 15,
            "no_price": 85,
            "taker_side": "no"
        },
        {
            "trade_id": "3751dac0-36e0-4cd2-a53e-593d9aae9d30",
            "ticker": "KXHIGHCHI-25JAN01-B32.5",
            "count": 62,
            "created_time": "2025-01-01T03:46:37.265966Z",
            "yes_price": 11,
            "no_price": 89,
            "taker_side": "no"
        },
        {
            "trade_id": "be636b93-d0f7-4570-835a-3ab028dff4c5",
            "ticker": "KXHIGHCHI-25JAN01-B32.5",
            "count": 3,
            "created_time": "2025-01-01T03:38:46.682386Z",
            "yes_price": 14,
            "no_price": 86,
            "taker_side": "no"
        },
        {
            "trade_id": "eb01314a-a202-4fcc-80d7-64c6a03ef08b",
            "ticker": "KXHIGHCHI-25JAN01-B32.5",
            "count": 19,
            "created_time": "2025-01-01T03:27:56.338355Z",
            "yes_price": 24,
            "no_price": 76,
            "taker_side": "yes"
        },
        {
            "trade_id": "fd369d09-4899-41e4-89d3-33828befa1d2",
            "ticker": "KXHIGHCHI-25JAN01-B32.5",
            "count": 13,
            "created_time": "2025-01-01T03:15:39.892388Z",
            "yes_price": 22,
            "no_price": 78,
            "taker_side": "no"
        },
        {
            "trade_id": "4a1db8cb-c826-4c65-bdce-c354703cb5a3",
            "ticker": "KXHIGHCHI-25JAN01-B32.5",
            "count": 31,
            "created_time": "2025-01-01T03:15:39.884194Z",
            "yes_price": 22,
            "no_price": 78,
            "taker_side": "no"
        },
        {
            "trade_id": "c4e4c625-b77a-44ae-8204-ffb37a7bdd94",
            "ticker": "KXHIGHCHI-25JAN01-B32.5",
            "count": 243,
            "created_time": "2025-01-01T03:09:37.245724Z",
            "yes_price": 28,
            "no_price": 72,
            "taker_side": "yes"
        },
        {
            "trade_id": "b735d2b9-d45c-4d09-8711-9aede0519665",
            "ticker": "KXHIGHCHI-25JAN01-B32.5",
            "count": 42,
            "created_time": "2025-01-01T03:09:37.245724Z",
            "yes_price": 28,
            "no_price": 72,
            "taker_side": "yes"
        },
        {
            "trade_id": "0a024ded-cc37-457a-b197-be7af28aaa64",
            "ticker": "KXHIGHCHI-25JAN01-B32.5",
            "count": 53,
            "created_time": "2025-01-01T03:09:37.245724Z",
            "yes_price": 29,
            "no_price": 71,
            "taker_side": "yes"
        },
        {
            "trade_id": "626d0230-6963-48ba-a62a-b19391c9c7f1",
            "ticker": "KXHIGHCHI-25JAN01-B32.5",
            "count": 50,
            "created_time": "2025-01-01T03:04:58.060907Z",
            "yes_price": 20,
            "no_price": 80,
            "taker_side": "yes"
        },
        {
            "trade_id": "61557977-2721-4bd8-a5ec-ff1fb5f57c5b",
            "ticker": "KXHIGHCHI-25JAN01-B32.5",
            "count": 155,
            "created_time": "2025-01-01T03:04:58.060907Z",
            "yes_price": 21,
            "no_price": 79,
            "taker_side": "yes"
        },
        {
            "trade_id": "2c762431-b3ff-4b5b-9c3b-039bffffd932",
            "ticker": "KXHIGHCHI-25JAN01-B32.5",
            "count": 50,
            "created_time": "2025-01-01T02:57:08.855293Z",
            "yes_price": 19,
            "no_price": 81,
            "taker_side": "no"
        },
        {
            "trade_id": "21277982-2df6-4e57-9b85-a406a19bfeee",
            "ticker": "KXHIGHCHI-25JAN01-B32.5",
            "count": 1,
            "created_time": "2025-01-01T02:57:08.855293Z",
            "yes_price": 19,
            "no_price": 81,
            "taker_side": "no"
        },
        {
            "trade_id": "2a5b1bbc-d728-4082-bd18-c364e26b480d",
            "ticker": "KXHIGHCHI-25JAN01-B32.5",
            "count": 3,
            "created_time": "2025-01-01T02:56:33.58153Z",
            "yes_price": 25,
            "no_price": 75,
            "taker_side": "yes"
        },
        {
            "trade_id": "89c66c5c-270c-4575-8e74-cd08ec7e2cf1",
            "ticker": "KXHIGHCHI-25JAN01-B32.5",
            "count": 10,
            "created_time": "2025-01-01T02:53:34.852276Z",
            "yes_price": 27,
            "no_price": 73,
            "taker_side": "yes"
        },
        {
            "trade_id": "68605f11-bd10-4562-b354-9a9783d9f17c",
            "ticker": "KXHIGHCHI-25JAN01-B32.5",
            "count": 40,
            "created_time": "2025-01-01T02:51:59.90522Z",
            "yes_price": 27,
            "no_price": 73,
            "taker_side": "yes"
        },
        {
            "trade_id": "7fd641d2-2902-4890-b229-40c7c4804cd2",
            "ticker": "KXHIGHCHI-25JAN01-B32.5",
            "count": 34,
            "created_time": "2025-01-01T02:51:15.219067Z",
            "yes_price": 28,
            "no_price": 72,
            "taker_side": "yes"
        },
        {
            "trade_id": "5036d7ec-44af-458b-b446-2814bc465930",
            "ticker": "KXHIGHCHI-25JAN01-B32.5",
            "count": 36,
            "created_time": "2025-01-01T02:44:36.641767Z",
            "yes_price": 29,
            "no_price": 71,
            "taker_side": "yes"
        },
        {
            "trade_id": "bf6b8b40-5655-4977-b08c-0ad20b566b9a",
            "ticker": "KXHIGHCHI-25JAN01-B32.5",
            "count": 69,
            "created_time": "2025-01-01T02:38:19.081259Z",
            "yes_price": 16,
            "no_price": 84,
            "taker_side": "no"
        },
        {
            "trade_id": "8db2c3ee-030e-4381-92fb-40fc6fe940c2",
            "ticker": "KXHIGHCHI-25JAN01-B32.5",
            "count": 60,
            "created_time": "2025-01-01T02:38:13.391803Z",
            "yes_price": 19,
            "no_price": 81,
            "taker_side": "no"
        },
        {
            "trade_id": "0803f5a5-263c-4805-9014-6a673cad8fb6",
            "ticker": "KXHIGHCHI-25JAN01-B32.5",
            "count": 1,
            "created_time": "2025-01-01T02:38:08.523485Z",
            "yes_price": 20,
            "no_price": 80,
            "taker_side": "no"
        },
        {
            "trade_id": "fdc56e4b-46ed-4329-a793-e30611b3611c",
            "ticker": "KXHIGHCHI-25JAN01-B32.5",
            "count": 100,
            "created_time": "2025-01-01T02:38:02.586528Z",
            "yes_price": 25,
            "no_price": 75,
            "taker_side": "no"
        },
        {
            "trade_id": "2d97dda5-19c1-4d47-90e0-9e49f6ea526d",
            "ticker": "KXHIGHCHI-25JAN01-B32.5",
            "count": 5,
            "created_time": "2025-01-01T02:36:25.40713Z",
            "yes_price": 37,
            "no_price": 63,
            "taker_side": "yes"
        },
        {
            "trade_id": "65eb15ed-1f46-433d-8551-18b73a115d58",
            "ticker": "KXHIGHCHI-25JAN01-B32.5",
            "count": 38,
            "created_time": "2025-01-01T02:33:40.213088Z",
            "yes_price": 37,
            "no_price": 63,
            "taker_side": "yes"
        },
        {
            "trade_id": "985af7a0-2b1f-45e1-a9f2-831d70b28573",
            "ticker": "KXHIGHCHI-25JAN01-B32.5",
            "count": 200,
            "created_time": "2025-01-01T02:30:53.445677Z",
            "yes_price": 20,
            "no_price": 80,
            "taker_side": "no"
        },
        {
            "trade_id": "eeace4f1-2589-4455-b21b-f4cc299cfef6",
            "ticker": "KXHIGHCHI-25JAN01-B32.5",
            "count": 172,
            "created_time": "2025-01-01T02:29:13.925075Z",
            "yes_price": 45,
            "no_price": 55,
            "taker_side": "yes"
        },
        {
            "trade_id": "4bbae6de-1908-4d24-aa45-a5a664409038",
            "ticker": "KXHIGHCHI-25JAN01-B32.5",
            "count": 29,
            "created_time": "2025-01-01T02:29:13.925075Z",
            "yes_price": 42,
            "no_price": 58,
            "taker_side": "yes"
        },
        {
            "trade_id": "0221c6e5-b889-4559-98ce-ec62d1545bf0",
            "ticker": "KXHIGHCHI-25JAN01-B32.5",
            "count": 15,
            "created_time": "2025-01-01T02:29:13.925075Z",
            "yes_price": 44,
            "no_price": 56,
            "taker_side": "yes"
        },
        {
            "trade_id": "641b3fa6-8839-48b1-9a6d-d8db7e36d318",
            "ticker": "KXHIGHCHI-25JAN01-B32.5",
            "count": 50,
            "created_time": "2025-01-01T02:28:45.034389Z",
            "yes_price": 20,
            "no_price": 80,
            "taker_side": "no"
        },
        {
            "trade_id": "73abec3d-67b6-4e90-9526-b914ba304680",
            "ticker": "KXHIGHCHI-25JAN01-B32.5",
            "count": 6,
            "created_time": "2025-01-01T02:18:55.567359Z",
            "yes_price": 21,
            "no_price": 79,
            "taker_side": "no"
        },
        {
            "trade_id": "01a9bcd3-621a-462d-8f23-04891eb4485e",
            "ticker": "KXHIGHCHI-25JAN01-B32.5",
            "count": 399,
            "created_time": "2025-01-01T02:18:55.567359Z",
            "yes_price": 20,
            "no_price": 80,
            "taker_side": "no"
        },
        {
            "trade_id": "4dfe0df0-decc-45f1-b38e-b737c35cb07a",
            "ticker": "KXHIGHCHI-25JAN01-B32.5",
            "count": 27,
            "created_time": "2025-01-01T02:18:32.201548Z",
            "yes_price": 21,
            "no_price": 79,
            "taker_side": "no"
        },
        {
            "trade_id": "70522080-66d3-40c1-bc1a-00835e5bf057",
            "ticker": "KXHIGHCHI-25JAN01-B32.5",
            "count": 70,
            "created_time": "2025-01-01T02:16:37.522278Z",
            "yes_price": 20,
            "no_price": 80,
            "taker_side": "no"
        },
        {
            "trade_id": "692e22d7-0e57-4d56-9319-de64ac147b28",
            "ticker": "KXHIGHCHI-25JAN01-B32.5",
            "count": 105,
            "created_time": "2025-01-01T02:16:19.246004Z",
            "yes_price": 21,
            "no_price": 79,
            "taker_side": "no"
        },
        {
            "trade_id": "b5ab11a7-8cf9-417a-82ef-b3dc20efeecd",
            "ticker": "KXHIGHCHI-25JAN01-B32.5",
            "count": 411,
            "created_time": "2025-01-01T02:08:25.179603Z",
            "yes_price": 30,
            "no_price": 70,
            "taker_side": "no"
        },
        {
            "trade_id": "9a577e3e-4a24-4eb1-845e-aa4a9f80f23d",
            "ticker": "KXHIGHCHI-25JAN01-B32.5",
            "count": 100,
            "created_time": "2025-01-01T02:07:59.581928Z",
            "yes_price": 30,
            "no_price": 70,
            "taker_side": "no"
        },
        {
            "trade_id": "3e99a4ed-4844-4bd9-9d18-7492e2418a47",
            "ticker": "KXHIGHCHI-25JAN01-B32.5",
            "count": 99,
            "created_time": "2025-01-01T02:07:32.609203Z",
            "yes_price": 30,
            "no_price": 70,
            "taker_side": "no"
        },
        {
            "trade_id": "59ab0d09-d5c6-4592-8c9d-18ff855c47b4",
            "ticker": "KXHIGHCHI-25JAN01-B32.5",
            "count": 390,
            "created_time": "2025-01-01T02:07:04.57938Z",
            "yes_price": 30,
            "no_price": 70,
            "taker_side": "no"
        },
        {
            "trade_id": "1c374f62-aae7-445f-8b9b-406d00c26a6f",
            "ticker": "KXHIGHCHI-25JAN01-B32.5",
            "count": 27,
            "created_time": "2025-01-01T02:07:04.57938Z",
            "yes_price": 31,
            "no_price": 69,
            "taker_side": "no"
        },
        {
            "trade_id": "06af1eea-60b4-4ae4-89eb-48f3939e0f4b",
            "ticker": "KXHIGHCHI-25JAN01-B32.5",
            "count": 200,
            "created_time": "2025-01-01T02:07:04.57938Z",
            "yes_price": 30,
            "no_price": 70,
            "taker_side": "no"
        },
        {
            "trade_id": "8cc7b741-5519-4299-8cef-3c4d7eb7108c",
            "ticker": "KXHIGHCHI-25JAN01-B32.5",
            "count": 50,
            "created_time": "2025-01-01T02:04:47.274742Z",
            "yes_price": 36,
            "no_price": 64,
            "taker_side": "no"
        },
        {
            "trade_id": "133847a2-7f0c-4b91-88a4-bd98f13e6c08",
            "ticker": "KXHIGHCHI-25JAN01-B32.5",
            "count": 32,
            "created_time": "2025-01-01T02:04:46.274836Z",
            "yes_price": 37,
            "no_price": 63,
            "taker_side": "yes"
        },
        {
            "trade_id": "387b9515-76ca-47cb-a73a-27869004af5d",
            "ticker": "KXHIGHCHI-25JAN01-B32.5",
            "count": 32,
            "created_time": "2025-01-01T02:04:28.865787Z",
            "yes_price": 37,
            "no_price": 63,
            "taker_side": "no"
        },
        {
            "trade_id": "bf8f065a-6287-4a2f-a3c6-6789fc828916",
            "ticker": "KXHIGHCHI-25JAN01-B32.5",
            "count": 13,
            "created_time": "2025-01-01T02:04:19.537017Z",
            "yes_price": 37,
            "no_price": 63,
            "taker_side": "yes"
        },
        {
            "trade_id": "75af8197-ad5a-4ab4-9405-87f5c85a0f6e",
            "ticker": "KXHIGHCHI-25JAN01-B32.5",
            "count": 129,
            "created_time": "2025-01-01T02:03:21.957623Z",
            "yes_price": 37,
            "no_price": 63,
            "taker_side": "no"
        },
        {
            "trade_id": "15aed24a-8def-4d93-90f6-d392593bcfcc",
            "ticker": "KXHIGHCHI-25JAN01-B32.5",
            "count": 65,
            "created_time": "2025-01-01T02:03:21.956829Z",
            "yes_price": 38,
            "no_price": 62,
            "taker_side": "no"
        },
        {
            "trade_id": "fbd0ab5d-bc05-423a-8b12-86a4e7eccd9c",
            "ticker": "KXHIGHCHI-25JAN01-B32.5",
            "count": 20,
            "created_time": "2025-01-01T01:53:38.562556Z",
            "yes_price": 47,
            "no_price": 53,
            "taker_side": "yes"
        },
        {
            "trade_id": "3b462cae-6dc8-4a9f-b0c0-45300ab0ad32",
            "ticker": "KXHIGHCHI-25JAN01-B32.5",
            "count": 36,
            "created_time": "2025-01-01T01:53:16.955183Z",
            "yes_price": 47,
            "no_price": 53,
            "taker_side": "yes"
        },
        {
            "trade_id": "8aa15e22-217e-4393-824e-f7b5bd727e71",
            "ticker": "KXHIGHCHI-25JAN01-B32.5",
            "count": 20,
            "created_time": "2025-01-01T01:30:49.385268Z",
            "yes_price": 46,
            "no_price": 54,
            "taker_side": "yes"
        },
        {
            "trade_id": "221077c0-34d6-4e92-b968-d57b27c067fc",
            "ticker": "KXHIGHCHI-25JAN01-B32.5",
            "count": 26,
            "created_time": "2025-01-01T01:30:49.385268Z",
            "yes_price": 45,
            "no_price": 55,
            "taker_side": "yes"
        },
        {
            "trade_id": "d7a3c555-16ba-4082-960e-d06f8127747e",
            "ticker": "KXHIGHCHI-25JAN01-B32.5",
            "count": 20,
            "created_time": "2025-01-01T01:30:31.283959Z",
            "yes_price": 43,
            "no_price": 57,
            "taker_side": "yes"
        },
        {
            "trade_id": "d2f397bd-24a5-42de-841f-abd1333a7d3d",
            "ticker": "KXHIGHCHI-25JAN01-B32.5",
            "count": 11,
            "created_time": "2025-01-01T01:30:31.283959Z",
            "yes_price": 51,
            "no_price": 49,
            "taker_side": "yes"
        },
        {
            "trade_id": "1d38adf9-12b1-4718-ab40-9cadaf7d61fa",
            "ticker": "KXHIGHCHI-25JAN01-B32.5",
            "count": 46,
            "created_time": "2025-01-01T01:30:31.283959Z",
            "yes_price": 50,
            "no_price": 50,
            "taker_side": "yes"
        },
        {
            "trade_id": "00b9c275-f002-4c2c-b87b-cc3a28f3f4f4",
            "ticker": "KXHIGHCHI-25JAN01-B32.5",
            "count": 26,
            "created_time": "2025-01-01T01:30:31.283959Z",
            "yes_price": 42,
            "no_price": 58,
            "taker_side": "yes"
        },
        {
            "trade_id": "a70edd1e-8e03-4cfa-ab71-c3aa873333dc",
            "ticker": "KXHIGHCHI-25JAN01-B32.5",
            "count": 11,
            "created_time": "2025-01-01T01:06:30.474378Z",
            "yes_price": 42,
            "no_price": 58,
            "taker_side": "yes"
        },
        {
            "trade_id": "0ee69056-0bb5-4e56-ae34-cd02323f72dd",
            "ticker": "KXHIGHCHI-25JAN01-B32.5",
            "count": 19,
            "created_time": "2025-01-01T01:04:11.494004Z",
            "yes_price": 39,
            "no_price": 61,
            "taker_side": "yes"
        },
        {
            "trade_id": "eab447d6-269c-46b4-86fe-a1505dc8a05b",
            "ticker": "KXHIGHCHI-25JAN01-B32.5",
            "count": 99,
            "created_time": "2025-01-01T00:32:44.976635Z",
            "yes_price": 37,
            "no_price": 63,
            "taker_side": "no"
        },
        {
            "trade_id": "c788a5fc-186d-4c18-b669-3627ac270e69",
            "ticker": "KXHIGHCHI-25JAN01-B32.5",
            "count": 1,
            "created_time": "2025-01-01T00:31:56.695496Z",
            "yes_price": 37,
            "no_price": 63,
            "taker_side": "no"
        },
        {
            "trade_id": "8dbcb450-1880-4bb8-88a7-230b5a5629e2",
            "ticker": "KXHIGHCHI-25JAN01-B32.5",
            "count": 76,
            "created_time": "2025-01-01T00:24:41.607102Z",
            "yes_price": 40,
            "no_price": 60,
            "taker_side": "no"
        },
        {
            "trade_id": "43e0c7cd-11eb-49ce-9871-d03141857513",
            "ticker": "KXHIGHCHI-25JAN01-B32.5",
            "count": 14,
            "created_time": "2024-12-31T23:45:44.045747Z",
            "yes_price": 41,
            "no_price": 59,
            "taker_side": "no"
        },
        {
            "trade_id": "78292b63-dc91-4379-9dab-80307ee05faa",
            "ticker": "KXHIGHCHI-25JAN01-B32.5",
            "count": 115,
            "created_time": "2024-12-31T23:41:07.308476Z",
            "yes_price": 41,
            "no_price": 59,
            "taker_side": "no"
        },
        {
            "trade_id": "4c904c08-4708-4328-9603-c0a06a5a243d",
            "ticker": "KXHIGHCHI-25JAN01-B32.5",
            "count": 1,
            "created_time": "2024-12-31T23:30:40.597447Z",
            "yes_price": 41,
            "no_price": 59,
            "taker_side": "no"
        },
        {
            "trade_id": "1ef8da01-2eaf-4127-af1e-ce27e9f056d6",
            "ticker": "KXHIGHCHI-25JAN01-B32.5",
            "count": 58,
            "created_time": "2024-12-31T23:15:31.45737Z",
            "yes_price": 41,
            "no_price": 59,
            "taker_side": "no"
        },
        {
            "trade_id": "b6033da4-5c81-44ab-9603-44bbcc1d3674",
            "ticker": "KXHIGHCHI-25JAN01-B32.5",
            "count": 33,
            "created_time": "2024-12-31T23:11:27.126348Z",
            "yes_price": 41,
            "no_price": 59,
            "taker_side": "no"
        },
        {
            "trade_id": "a0778658-db8e-42ef-9318-eac1845cf283",
            "ticker": "KXHIGHCHI-25JAN01-B32.5",
            "count": 9,
            "created_time": "2024-12-31T23:10:48.611737Z",
            "yes_price": 41,
            "no_price": 59,
            "taker_side": "no"
        },
        {
            "trade_id": "90f15180-8b3a-4ff1-8cb9-e836ecc2ee9c",
            "ticker": "KXHIGHCHI-25JAN01-B32.5",
            "count": 65,
            "created_time": "2024-12-31T23:02:29.286775Z",
            "yes_price": 41,
            "no_price": 59,
            "taker_side": "no"
        },
        {
            "trade_id": "3d28ed53-2c05-4d5f-8ce5-e8e6381626f6",
            "ticker": "KXHIGHCHI-25JAN01-B32.5",
            "count": 3,
            "created_time": "2024-12-31T22:53:24.28918Z",
            "yes_price": 41,
            "no_price": 59,
            "taker_side": "no"
        },
        {
            "trade_id": "049e97e4-d619-4a05-a2f8-08a22fda5854",
            "ticker": "KXHIGHCHI-25JAN01-B32.5",
            "count": 20,
            "created_time": "2024-12-31T22:52:33.87408Z",
            "yes_price": 46,
            "no_price": 54,
            "taker_side": "yes"
        },
        {
            "trade_id": "dec7aa44-06af-4042-bc50-90e67659c32a",
            "ticker": "KXHIGHCHI-25JAN01-B32.5",
            "count": 63,
            "created_time": "2024-12-31T22:50:43.857409Z",
            "yes_price": 39,
            "no_price": 61,
            "taker_side": "yes"
        },
        {
            "trade_id": "cca8f76e-6341-4bed-8292-87ca616e15c6",
            "ticker": "KXHIGHCHI-25JAN01-B32.5",
            "count": 28,
            "created_time": "2024-12-31T22:50:43.857409Z",
            "yes_price": 37,
            "no_price": 63,
            "taker_side": "yes"
        },
        {
            "trade_id": "87443a60-c9ba-4a92-8ab9-e864c6620a9b",
            "ticker": "KXHIGHCHI-25JAN01-B32.5",
            "count": 500,
            "created_time": "2024-12-31T22:50:43.857409Z",
            "yes_price": 42,
            "no_price": 58,
            "taker_side": "yes"
        },
        {
            "trade_id": "92969885-bcd1-4907-8ce6-bf4a951e0ea0",
            "ticker": "KXHIGHCHI-25JAN01-B32.5",
            "count": 28,
            "created_time": "2024-12-31T22:48:55.280568Z",
            "yes_price": 37,
            "no_price": 63,
            "taker_side": "no"
        },
        {
            "trade_id": "9ff6b88e-58a6-4108-a48e-0b8857609152",
            "ticker": "KXHIGHCHI-25JAN01-B32.5",
            "count": 18,
            "created_time": "2024-12-31T22:25:00.087174Z",
            "yes_price": 29,
            "no_price": 71,
            "taker_side": "no"
        },
        {
            "trade_id": "e17efb12-bff6-4348-99c8-1ebd51cd5f3f",
            "ticker": "KXHIGHCHI-25JAN01-B32.5",
            "count": 50,
            "created_time": "2024-12-31T22:23:06.683546Z",
            "yes_price": 46,
            "no_price": 54,
            "taker_side": "yes"
        },
        {
            "trade_id": "c920b339-55c3-4b05-af2f-d092654c43fa",
            "ticker": "KXHIGHCHI-25JAN01-B32.5",
            "count": 72,
            "created_time": "2024-12-31T22:23:06.683546Z",
            "yes_price": 50,
            "no_price": 50,
            "taker_side": "yes"
        },
        {
            "trade_id": "5eab7237-bc84-4d54-a112-8c2ad0618a60",
            "ticker": "KXHIGHCHI-25JAN01-B32.5",
            "count": 24,
            "created_time": "2024-12-31T22:23:06.683546Z",
            "yes_price": 42,
            "no_price": 58,
            "taker_side": "yes"
        },
        {
            "trade_id": "50f3cbcf-8e5e-4717-a285-b4732e1b8823",
            "ticker": "KXHIGHCHI-25JAN01-B32.5",
            "count": 254,
            "created_time": "2024-12-31T22:23:06.683546Z",
            "yes_price": 36,
            "no_price": 64,
            "taker_side": "yes"
        },
        {
            "trade_id": "4f9bae3e-f3bc-4c6a-805f-69617b0db31e",
            "ticker": "KXHIGHCHI-25JAN01-B32.5",
            "count": 28,
            "created_time": "2024-12-31T22:23:06.683546Z",
            "yes_price": 49,
            "no_price": 51,
            "taker_side": "yes"
        },
        {
            "trade_id": "15a4ac6a-47ce-4259-b766-b628e7a10eb5",
            "ticker": "KXHIGHCHI-25JAN01-B32.5",
            "count": 50,
            "created_time": "2024-12-31T22:23:06.683546Z",
            "yes_price": 35,
            "no_price": 65,
            "taker_side": "yes"
        },
        {
            "trade_id": "cb19d864-b3fe-4be1-9482-f04449e86bbe",
            "ticker": "KXHIGHCHI-25JAN01-B32.5",
            "count": 83,
            "created_time": "2024-12-31T22:11:13.352107Z",
            "yes_price": 36,
            "no_price": 64,
            "taker_side": "yes"
        },
        {
            "trade_id": "f781426f-f475-4504-8cb8-e5305ccf510a",
            "ticker": "KXHIGHCHI-25JAN01-B32.5",
            "count": 17,
            "created_time": "2024-12-31T22:10:53.356418Z",
            "yes_price": 35,
            "no_price": 65,
            "taker_side": "yes"
        },
        {
            "trade_id": "a39e94d9-58af-42c0-b826-7c50c2e49ad9",
            "ticker": "KXHIGHCHI-25JAN01-B32.5",
            "count": 1,
            "created_time": "2024-12-31T22:00:43.865273Z",
            "yes_price": 27,
            "no_price": 73,
            "taker_side": "no"
        },
        {
            "trade_id": "f4b89e05-b1ec-4f82-8d68-89ecf6050d20",
            "ticker": "KXHIGHCHI-25JAN01-B32.5",
            "count": 1,
            "created_time": "2024-12-31T22:00:37.702105Z",
            "yes_price": 27,
            "no_price": 73,
            "taker_side": "no"
        },
        {
            "trade_id": "59e923f4-ac6c-4b0a-87c5-aed16181df9f",
            "ticker": "KXHIGHCHI-25JAN01-B32.5",
            "count": 19,
            "created_time": "2024-12-31T21:45:23.759979Z",
            "yes_price": 27,
            "no_price": 73,
            "taker_side": "no"
        },
        {
            "trade_id": "0e742537-ebc1-4330-b378-4e6b47fc6206",
            "ticker": "KXHIGHCHI-25JAN01-B32.5",
            "count": 54,
            "created_time": "2024-12-31T21:19:41.876198Z",
            "yes_price": 35,
            "no_price": 65,
            "taker_side": "yes"
        },
        {
            "trade_id": "26a7c1b6-b793-4e01-b06c-07fbac4c3f67",
            "ticker": "KXHIGHCHI-25JAN01-B32.5",
            "count": 70,
            "created_time": "2024-12-31T21:07:47.638866Z",
            "yes_price": 35,
            "no_price": 65,
            "taker_side": "yes"
        },
        {
            "trade_id": "20912b6a-31ef-4bcf-b637-b3b03230636b",
            "ticker": "KXHIGHCHI-25JAN01-B32.5",
            "count": 13,
            "created_time": "2024-12-31T20:27:30.447307Z",
            "yes_price": 35,
            "no_price": 65,
            "taker_side": "yes"
        },
        {
            "trade_id": "b83f26ce-8673-4291-819d-3330a7941db4",
            "ticker": "KXHIGHCHI-25JAN01-B32.5",
            "count": 69,
            "created_time": "2024-12-31T20:25:52.160198Z",
            "yes_price": 34,
            "no_price": 66,
            "taker_side": "yes"
        },
        {
            "trade_id": "b3232cec-fbb6-4249-b90e-ba034f5cf82b",
            "ticker": "KXHIGHCHI-25JAN01-B32.5",
            "count": 56,
            "created_time": "2024-12-31T20:25:52.160198Z",
            "yes_price": 36,
            "no_price": 64,
            "taker_side": "yes"
        },
        {
            "trade_id": "56b3344f-e27d-4cf4-8968-5337a0138b5d",
            "ticker": "KXHIGHCHI-25JAN01-B32.5",
            "count": 17,
            "created_time": "2024-12-31T20:25:52.160198Z",
            "yes_price": 34,
            "no_price": 66,
            "taker_side": "yes"
        },
        {
            "trade_id": "a996335e-ffbb-4dbb-9c5a-7fffa47fd8db",
            "ticker": "KXHIGHCHI-25JAN01-B32.5",
            "count": 32,
            "created_time": "2024-12-31T19:45:37.350524Z",
            "yes_price": 25,
            "no_price": 75,
            "taker_side": "no"
        },
        {
            "trade_id": "43554451-44e9-4c74-acf6-76b7ac30c566",
            "ticker": "KXHIGHCHI-25JAN01-B32.5",
            "count": 31,
            "created_time": "2024-12-31T19:45:37.350524Z",
            "yes_price": 20,
            "no_price": 80,
            "taker_side": "no"
        },
        {
            "trade_id": "e4d24124-c05b-4324-8db9-cfdcb00015b5",
            "ticker": "KXHIGHCHI-25JAN01-B32.5",
            "count": 52,
            "created_time": "2024-12-31T19:43:21.123075Z",
            "yes_price": 32,
            "no_price": 68,
            "taker_side": "no"
        },
        {
            "trade_id": "6c6316ae-52a7-430e-b119-b7be0aacc9fb",
            "ticker": "KXHIGHCHI-25JAN01-B32.5",
            "count": 18,
            "created_time": "2024-12-31T19:43:21.123075Z",
            "yes_price": 25,
            "no_price": 75,
            "taker_side": "no"
        },
        {
            "trade_id": "d5893f30-217d-45c0-ab0b-be5afa3e167b",
            "ticker": "KXHIGHCHI-25JAN01-B32.5",
            "count": 7,
            "created_time": "2024-12-31T19:42:52.61636Z",
            "yes_price": 37,
            "no_price": 63,
            "taker_side": "no"
        },
        {
            "trade_id": "5d5e510e-f122-4135-bbb0-488b2b933f24",
            "ticker": "KXHIGHCHI-25JAN01-B32.5",
            "count": 55,
            "created_time": "2024-12-31T19:42:52.61636Z",
            "yes_price": 32,
            "no_price": 68,
            "taker_side": "no"
        },
        {
            "trade_id": "01c77ea3-349c-47f0-a954-f3ed4da17f53",
            "ticker": "KXHIGHCHI-25JAN01-B32.5",
            "count": 10,
            "created_time": "2024-12-31T19:42:52.61636Z",
            "yes_price": 36,
            "no_price": 64,
            "taker_side": "no"
        },
        {
            "trade_id": "2dbb8b13-f724-4981-852c-a79481072612",
            "ticker": "KXHIGHCHI-25JAN01-B32.5",
            "count": 10,
            "created_time": "2024-12-31T19:42:19.350917Z",
            "yes_price": 37,
            "no_price": 63,
            "taker_side": "no"
        },
        {
            "trade_id": "f9d3558e-6819-4f8a-af72-cb9920159e96",
            "ticker": "KXHIGHCHI-25JAN01-B32.5",
            "count": 10,
            "created_time": "2024-12-31T18:43:17.698561Z",
            "yes_price": 46,
            "no_price": 54,
            "taker_side": "yes"
        },
        {
            "trade_id": "ec07afa9-0be4-4aab-8a3c-0b4633454b2c",
            "ticker": "KXHIGHCHI-25JAN01-B32.5",
            "count": 13,
            "created_time": "2024-12-31T18:43:17.698561Z",
            "yes_price": 54,
            "no_price": 46,
            "taker_side": "yes"
        },
        {
            "trade_id": "aa0e638e-66d3-4a80-815c-0979d947e7f3",
            "ticker": "KXHIGHCHI-25JAN01-B32.5",
            "count": 9,
            "created_time": "2024-12-31T18:43:17.698561Z",
            "yes_price": 50,
            "no_price": 50,
            "taker_side": "yes"
        },
        {
            "trade_id": "6086bd7e-d876-4879-8d2f-afd8bc6df45a",
            "ticker": "KXHIGHCHI-25JAN01-B32.5",
            "count": 74,
            "created_time": "2024-12-31T18:43:17.698561Z",
            "yes_price": 50,
            "no_price": 50,
            "taker_side": "yes"
        },
        {
            "trade_id": "520074eb-3cfb-46b0-9494-5b787c37070a",
            "ticker": "KXHIGHCHI-25JAN01-B32.5",
            "count": 9,
            "created_time": "2024-12-31T18:43:17.698561Z",
            "yes_price": 43,
            "no_price": 57,
            "taker_side": "yes"
        },
        {
            "trade_id": "4e1388c0-8cad-45c4-9317-a0debc7ee40c",
            "ticker": "KXHIGHCHI-25JAN01-B32.5",
            "count": 11,
            "created_time": "2024-12-31T18:43:17.698561Z",
            "yes_price": 52,
            "no_price": 48,
            "taker_side": "yes"
        },
        {
            "trade_id": "4bd3eeee-e0c5-4dcc-b6da-3629a4e2979a",
            "ticker": "KXHIGHCHI-25JAN01-B32.5",
            "count": 40,
            "created_time": "2024-12-31T18:43:17.698561Z",
            "yes_price": 42,
            "no_price": 58,
            "taker_side": "yes"
        },
        {
            "trade_id": "1b3fcb84-de3e-415e-9853-f884efda5d74",
            "ticker": "KXHIGHCHI-25JAN01-B32.5",
            "count": 24,
            "created_time": "2024-12-31T18:43:17.698561Z",
            "yes_price": 45,
            "no_price": 55,
            "taker_side": "yes"
        },
        {
            "trade_id": "08031db4-05c9-4236-bf65-930e0e097933",
            "ticker": "KXHIGHCHI-25JAN01-B32.5",
            "count": 11,
            "created_time": "2024-12-31T18:43:17.698561Z",
            "yes_price": 51,
            "no_price": 49,
            "taker_side": "yes"
        },
        {
            "trade_id": "47a8713f-6d74-4552-91a1-95e935a77c68",
            "ticker": "KXHIGHCHI-25JAN01-B32.5",
            "count": 9,
            "created_time": "2024-12-31T18:07:30.466853Z",
            "yes_price": 44,
            "no_price": 56,
            "taker_side": "yes"
        },
        {
            "trade_id": "dd4a82f6-f7b5-432a-882f-ca1a3bd8e2f2",
            "ticker": "KXHIGHCHI-25JAN01-B32.5",
            "count": 14,
            "created_time": "2024-12-31T16:19:56.730309Z",
            "yes_price": 42,
            "no_price": 58,
            "taker_side": "yes"
        },
        {
            "trade_id": "b6040c73-c67f-499d-93e4-6c514c73605a",
            "ticker": "KXHIGHCHI-25JAN01-B32.5",
            "count": 8,
            "created_time": "2024-12-31T16:19:56.730309Z",
            "yes_price": 42,
            "no_price": 58,
            "taker_side": "yes"
        },
        {
            "trade_id": "e03377cb-8e99-47e4-b256-83f3bfb20df4",
            "ticker": "KXHIGHCHI-25JAN01-B32.5",
            "count": 114,
            "created_time": "2024-12-31T16:08:26.042767Z",
            "yes_price": 17,
            "no_price": 83,
            "taker_side": "no"
        },
        {
            "trade_id": "3922b44e-4d2e-48e0-a5bc-f4664da38898",
            "ticker": "KXHIGHCHI-25JAN01-B32.5",
            "count": 5,
            "created_time": "2024-12-31T16:08:26.042767Z",
            "yes_price": 17,
            "no_price": 83,
            "taker_side": "no"
        },
        {
            "trade_id": "bac5e0af-7c68-4645-a98f-abb1c7e0ce6e",
            "ticker": "KXHIGHCHI-25JAN01-B32.5",
            "count": 40,
            "created_time": "2024-12-31T15:31:43.872755Z",
            "yes_price": 36,
            "no_price": 64,
            "taker_side": "no"
        },
        {
            "trade_id": "ba81043c-2a3e-4d7b-a868-115c0e8cefe6",
            "ticker": "KXHIGHCHI-25JAN01-B32.5",
            "count": 5,
            "created_time": "2024-12-31T15:31:43.872755Z",
            "yes_price": 37,
            "no_price": 63,
            "taker_side": "no"
        },
        {
            "trade_id": "828bbdf5-fc56-4cff-8eb1-bf5c63befe1f",
            "ticker": "KXHIGHCHI-25JAN01-B32.5",
            "count": 10,
            "created_time": "2024-12-31T15:11:56.025001Z",
            "yes_price": 46,
            "no_price": 54,
            "taker_side": "yes"
        },
        {
            "trade_id": "1926b3e9-8346-4f32-9b6c-9bfb68ad6cb2",
            "ticker": "KXHIGHCHI-25JAN01-B32.5",
            "count": 30,
            "created_time": "2024-12-31T15:09:39.576097Z",
            "yes_price": 46,
            "no_price": 54,
            "taker_side": "yes"
        }
    ],
    "KXHIGHCHI-25JAN01-T33": [
        {
            "trade_id": "3032803e-0bd6-426d-8fda-3405cc10c254",
            "ticker": "KXHIGHCHI-25JAN01-T33",
            "count": 45,
            "created_time": "2025-01-01T20:49:32.052329Z",
            "yes_price": 99,
            "no_price": 1,
            "taker_side": "no"
        },
        {
            "trade_id": "1b4c1a52-25c7-4bff-8b59-993e272e02fd",
            "ticker": "KXHIGHCHI-25JAN01-T33",
            "count": 935,
            "created_time": "2025-01-01T20:20:38.501368Z",
            "yes_price": 99,
            "no_price": 1,
            "taker_side": "no"
        },
        {
            "trade_id": "59554da3-2416-41c2-ba11-d28c0b5a3b57",
            "ticker": "KXHIGHCHI-25JAN01-T33",
            "count": 25,
            "created_time": "2025-01-01T19:15:38.991996Z",
            "yes_price": 99,
            "no_price": 1,
            "taker_side": "no"
        },
        {
            "trade_id": "70a2ff33-e608-46e4-bcdb-4138854a982c",
            "ticker": "KXHIGHCHI-25JAN01-T33",
            "count": 67,
            "created_time": "2025-01-01T19:06:35.407624Z",
            "yes_price": 99,
            "no_price": 1,
            "taker_side": "no"
        },
        {
            "trade_id": "68d44654-2de8-43e8-9d00-9ea52b0b131f",
            "ticker": "KXHIGHCHI-25JAN01-T33",
            "count": 28,
            "created_time": "2025-01-01T19:04:33.213607Z",
            "yes_price": 99,
            "no_price": 1,
            "taker_side": "no"
        },
        {
            "trade_id": "0ea441df-946d-428c-b720-37fb46b520d5",
            "ticker": "KXHIGHCHI-25JAN01-T33",
            "count": 200,
            "created_time": "2025-01-01T17:56:29.983999Z",
            "yes_price": 99,
            "no_price": 1,
            "taker_side": "no"
        },
        {
            "trade_id": "328e24df-5b88-49f1-8059-d9463cbb876e",
            "ticker": "KXHIGHCHI-25JAN01-T33",
            "count": 935,
            "created_time": "2025-01-01T16:03:39.094921Z",
            "yes_price": 99,
            "no_price": 1,
            "taker_side": "no"
        },
        {
            "trade_id": "655c2e2c-7395-4248-9951-646bdc177bfc",
            "ticker": "KXHIGHCHI-25JAN01-T33",
            "count": 248,
            "created_time": "2025-01-01T13:57:04.012951Z",
            "yes_price": 99,
            "no_price": 1,
            "taker_side": "no"
        },
        {
            "trade_id": "2633abd2-af17-4660-972b-1c063727d4f9",
            "ticker": "KXHIGHCHI-25JAN01-T33",
            "count": 935,
            "created_time": "2025-01-01T13:08:54.502467Z",
            "yes_price": 99,
            "no_price": 1,
            "taker_side": "no"
        },
        {
            "trade_id": "910b60d4-e675-434e-bdcf-fc5c84842374",
            "ticker": "KXHIGHCHI-25JAN01-T33",
            "count": 935,
            "created_time": "2025-01-01T13:07:15.243513Z",
            "yes_price": 99,
            "no_price": 1,
            "taker_side": "no"
        },
        {
            "trade_id": "672d2037-ca48-4a7b-adea-53b0fb7f2ac7",
            "ticker": "KXHIGHCHI-25JAN01-T33",
            "count": 935,
            "created_time": "2025-01-01T13:01:43.263478Z",
            "yes_price": 99,
            "no_price": 1,
            "taker_side": "no"
        },
        {
            "trade_id": "681fbee8-5b1c-4b87-b44b-64cb292bca88",
            "ticker": "KXHIGHCHI-25JAN01-T33",
            "count": 110,
            "created_time": "2025-01-01T13:00:25.273356Z",
            "yes_price": 99,
            "no_price": 1,
            "taker_side": "no"
        },
        {
            "trade_id": "6263a445-9f4e-4d0a-8793-98e0d0bca9f7",
            "ticker": "KXHIGHCHI-25JAN01-T33",
            "count": 94,
            "created_time": "2025-01-01T07:42:09.365208Z",
            "yes_price": 99,
            "no_price": 1,
            "taker_side": "no"
        },
        {
            "trade_id": "4cff6743-624d-420e-a8d2-cc713cae8781",
            "ticker": "KXHIGHCHI-25JAN01-T33",
            "count": 56,
            "created_time": "2025-01-01T06:05:38.585015Z",
            "yes_price": 99,
            "no_price": 1,
            "taker_side": "no"
        },
        {
            "trade_id": "c2c724af-e6f3-4ca1-a914-6c1b8ecb3e27",
            "ticker": "KXHIGHCHI-25JAN01-T33",
            "count": 100,
            "created_time": "2025-01-01T06:05:38.464118Z",
            "yes_price": 99,
            "no_price": 1,
            "taker_side": "no"
        },
        {
            "trade_id": "7f4055df-5e12-4534-9160-b9a0346f2b33",
            "ticker": "KXHIGHCHI-25JAN01-T33",
            "count": 88,
            "created_time": "2025-01-01T06:05:37.460025Z",
            "yes_price": 99,
            "no_price": 1,
            "taker_side": "no"
        },
        {
            "trade_id": "2d97ccc7-0774-4a4e-b21f-57eb11510ae5",
            "ticker": "KXHIGHCHI-25JAN01-T33",
            "count": 78,
            "created_time": "2025-01-01T06:05:24.288049Z",
            "yes_price": 99,
            "no_price": 1,
            "taker_side": "no"
        },
        {
            "trade_id": "cdb2e431-567a-4310-86db-0ca2f15ec65d",
            "ticker": "KXHIGHCHI-25JAN01-T33",
            "count": 100,
            "created_time": "2025-01-01T06:03:19.556112Z",
            "yes_price": 99,
            "no_price": 1,
            "taker_side": "yes"
        },
        {
            "trade_id": "648d10fa-da25-4bad-a8c3-23855caddec9",
            "ticker": "KXHIGHCHI-25JAN01-T33",
            "count": 84,
            "created_time": "2025-01-01T06:03:19.556112Z",
            "yes_price": 99,
            "no_price": 1,
            "taker_side": "yes"
        },
        {
            "trade_id": "367b67a2-2c04-452a-a51c-9b325fac899e",
            "ticker": "KXHIGHCHI-25JAN01-T33",
            "count": 776,
            "created_time": "2025-01-01T06:03:19.556112Z",
            "yes_price": 99,
            "no_price": 1,
            "taker_side": "yes"
        },
        {
            "trade_id": "2cb5e3c7-8527-4305-8e7a-767a9fc9094a",
            "ticker": "KXHIGHCHI-25JAN01-T33",
            "count": 500,
            "created_time": "2025-01-01T06:03:19.556112Z",
            "yes_price": 99,
            "no_price": 1,
            "taker_side": "yes"
        },
        {
            "trade_id": "23655090-7baf-4cfd-bca0-f0afaf5d3099",
            "ticker": "KXHIGHCHI-25JAN01-T33",
            "count": 80,
            "created_time": "2025-01-01T06:03:19.556112Z",
            "yes_price": 99,
            "no_price": 1,
            "taker_side": "yes"
        },
        {
            "trade_id": "7aeb7dcf-8988-4725-8d22-383f80977de5",
            "ticker": "KXHIGHCHI-25JAN01-T33",
            "count": 783,
            "created_time": "2025-01-01T06:03:15.91275Z",
            "yes_price": 98,
            "no_price": 2,
            "taker_side": "yes"
        },
        {
            "trade_id": "d10eb7d7-9f3d-4069-b02b-094c75dc67e6",
            "ticker": "KXHIGHCHI-25JAN01-T33",
            "count": 100,
            "created_time": "2025-01-01T06:02:58.556605Z",
            "yes_price": 98,
            "no_price": 2,
            "taker_side": "yes"
        },
        {
            "trade_id": "71a83608-76b9-4161-afe8-70fbaac2e04e",
            "ticker": "KXHIGHCHI-25JAN01-T33",
            "count": 43,
            "created_time": "2025-01-01T06:02:58.556605Z",
            "yes_price": 98,
            "no_price": 2,
            "taker_side": "yes"
        },
        {
            "trade_id": "0fc4b225-ece5-4576-b733-698fd400d5cb",
            "ticker": "KXHIGHCHI-25JAN01-T33",
            "count": 28,
            "created_time": "2025-01-01T06:02:58.556605Z",
            "yes_price": 97,
            "no_price": 3,
            "taker_side": "yes"
        },
        {
            "trade_id": "875faf10-71f5-47d1-a530-80b8cf3a94b2",
            "ticker": "KXHIGHCHI-25JAN01-T33",
            "count": 5,
            "created_time": "2025-01-01T06:02:20.29224Z",
            "yes_price": 97,
            "no_price": 3,
            "taker_side": "yes"
        },
        {
            "trade_id": "ca70e984-6a8b-47cb-96a2-48487d44522e",
            "ticker": "KXHIGHCHI-25JAN01-T33",
            "count": 8,
            "created_time": "2025-01-01T05:58:36.517334Z",
            "yes_price": 83,
            "no_price": 17,
            "taker_side": "no"
        },
        {
            "trade_id": "7c5c4cd4-de71-4ca2-941b-4fd0a47b03fc",
            "ticker": "KXHIGHCHI-25JAN01-T33",
            "count": 19,
            "created_time": "2025-01-01T05:58:36.517334Z",
            "yes_price": 73,
            "no_price": 27,
            "taker_side": "no"
        },
        {
            "trade_id": "607e8fa9-ee12-4750-9c37-305c7ae41424",
            "ticker": "KXHIGHCHI-25JAN01-T33",
            "count": 25,
            "created_time": "2025-01-01T05:58:36.517334Z",
            "yes_price": 89,
            "no_price": 11,
            "taker_side": "no"
        },
        {
            "trade_id": "076cd9f9-786c-4825-87db-3da72c10c03b",
            "ticker": "KXHIGHCHI-25JAN01-T33",
            "count": 20,
            "created_time": "2025-01-01T05:56:44.7067Z",
            "yes_price": 97,
            "no_price": 3,
            "taker_side": "yes"
        },
        {
            "trade_id": "f29feaf3-b5af-4581-86c6-9bae543aa11a",
            "ticker": "KXHIGHCHI-25JAN01-T33",
            "count": 8,
            "created_time": "2025-01-01T05:41:06.979051Z",
            "yes_price": 97,
            "no_price": 3,
            "taker_side": "yes"
        },
        {
            "trade_id": "fa1e3f05-9c41-4328-92d8-1faa7720aa6a",
            "ticker": "KXHIGHCHI-25JAN01-T33",
            "count": 15,
            "created_time": "2025-01-01T05:31:41.80083Z",
            "yes_price": 98,
            "no_price": 2,
            "taker_side": "yes"
        },
        {
            "trade_id": "acc02a9e-0dc4-4e9c-82e8-23f48854ddfa",
            "ticker": "KXHIGHCHI-25JAN01-T33",
            "count": 10,
            "created_time": "2025-01-01T05:27:40.300511Z",
            "yes_price": 98,
            "no_price": 2,
            "taker_side": "yes"
        },
        {
            "trade_id": "92e81605-171e-49fe-a450-820d83ecbd17",
            "ticker": "KXHIGHCHI-25JAN01-T33",
            "count": 1,
            "created_time": "2025-01-01T05:26:52.216825Z",
            "yes_price": 97,
            "no_price": 3,
            "taker_side": "yes"
        },
        {
            "trade_id": "f9665c9e-cd03-45b8-8f2a-5ecd3d01a9da",
            "ticker": "KXHIGHCHI-25JAN01-T33",
            "count": 50,
            "created_time": "2025-01-01T05:26:22.341331Z",
            "yes_price": 98,
            "no_price": 2,
            "taker_side": "yes"
        },
        {
            "trade_id": "be2768d7-bf3a-4baa-bc37-fa25d01b9ddd",
            "ticker": "KXHIGHCHI-25JAN01-T33",
            "count": 50,
            "created_time": "2025-01-01T05:26:22.341331Z",
            "yes_price": 98,
            "no_price": 2,
            "taker_side": "yes"
        },
        {
            "trade_id": "2a5b03cd-fd58-43cc-9370-560716388c0b",
            "ticker": "KXHIGHCHI-25JAN01-T33",
            "count": 100,
            "created_time": "2025-01-01T05:26:22.341331Z",
            "yes_price": 98,
            "no_price": 2,
            "taker_side": "yes"
        },
        {
            "trade_id": "0ea15440-9ab2-4336-9224-9b9d4f4d8aca",
            "ticker": "KXHIGHCHI-25JAN01-T33",
            "count": 55,
            "created_time": "2025-01-01T05:26:22.341331Z",
            "yes_price": 98,
            "no_price": 2,
            "taker_side": "yes"
        },
        {
            "trade_id": "bebe8c12-cd26-4ea5-8f35-1f6c662745aa",
            "ticker": "KXHIGHCHI-25JAN01-T33",
            "count": 17,
            "created_time": "2025-01-01T05:21:04.910748Z",
            "yes_price": 97,
            "no_price": 3,
            "taker_side": "yes"
        },
        {
            "trade_id": "6494a184-2679-4000-8e92-eb6bd1fa0a5d",
            "ticker": "KXHIGHCHI-25JAN01-T33",
            "count": 50,
            "created_time": "2025-01-01T05:21:04.910748Z",
            "yes_price": 97,
            "no_price": 3,
            "taker_side": "yes"
        },
        {
            "trade_id": "d6571602-a567-4cf2-82c7-602c7fbef811",
            "ticker": "KXHIGHCHI-25JAN01-T33",
            "count": 9,
            "created_time": "2025-01-01T05:19:39.520011Z",
            "yes_price": 96,
            "no_price": 4,
            "taker_side": "no"
        },
        {
            "trade_id": "e64dd47d-4e6c-4800-a698-562ee9e31dd8",
            "ticker": "KXHIGHCHI-25JAN01-T33",
            "count": 89,
            "created_time": "2025-01-01T05:19:04.552956Z",
            "yes_price": 96,
            "no_price": 4,
            "taker_side": "no"
        },
        {
            "trade_id": "4b66abd4-fb7c-4379-bebb-84cc0162b602",
            "ticker": "KXHIGHCHI-25JAN01-T33",
            "count": 24,
            "created_time": "2025-01-01T05:18:13.912185Z",
            "yes_price": 95,
            "no_price": 5,
            "taker_side": "yes"
        },
        {
            "trade_id": "0707ee73-2d3a-47bb-91b4-d9c5471037e3",
            "ticker": "KXHIGHCHI-25JAN01-T33",
            "count": 176,
            "created_time": "2025-01-01T05:15:24.938714Z",
            "yes_price": 95,
            "no_price": 5,
            "taker_side": "no"
        },
        {
            "trade_id": "c17cfaac-3bc8-4465-a1ee-e0461fc454cc",
            "ticker": "KXHIGHCHI-25JAN01-T33",
            "count": 200,
            "created_time": "2025-01-01T05:15:24.923538Z",
            "yes_price": 95,
            "no_price": 5,
            "taker_side": "no"
        },
        {
            "trade_id": "cbbb7afe-da4f-4df4-bfaa-62c1dd9345e3",
            "ticker": "KXHIGHCHI-25JAN01-T33",
            "count": 131,
            "created_time": "2025-01-01T05:11:15.208607Z",
            "yes_price": 94,
            "no_price": 6,
            "taker_side": "yes"
        },
        {
            "trade_id": "0be85b75-ef19-47d4-8e67-2cd4dc3678d6",
            "ticker": "KXHIGHCHI-25JAN01-T33",
            "count": 22,
            "created_time": "2025-01-01T04:50:10.49691Z",
            "yes_price": 89,
            "no_price": 11,
            "taker_side": "no"
        },
        {
            "trade_id": "1b3192dc-08fd-40f5-95b7-facf2d10f5f1",
            "ticker": "KXHIGHCHI-25JAN01-T33",
            "count": 1,
            "created_time": "2025-01-01T04:49:29.237715Z",
            "yes_price": 89,
            "no_price": 11,
            "taker_side": "no"
        },
        {
            "trade_id": "a912623e-193f-482e-844a-a84c5776f27b",
            "ticker": "KXHIGHCHI-25JAN01-T33",
            "count": 11,
            "created_time": "2025-01-01T04:46:45.449989Z",
            "yes_price": 85,
            "no_price": 15,
            "taker_side": "no"
        },
        {
            "trade_id": "df858f67-7013-418c-9e3b-ca92f824c97f",
            "ticker": "KXHIGHCHI-25JAN01-T33",
            "count": 118,
            "created_time": "2025-01-01T04:36:14.765942Z",
            "yes_price": 87,
            "no_price": 13,
            "taker_side": "yes"
        },
        {
            "trade_id": "83f8eeb8-6945-488c-b364-9e9a87069cb6",
            "ticker": "KXHIGHCHI-25JAN01-T33",
            "count": 14,
            "created_time": "2025-01-01T04:36:14.765942Z",
            "yes_price": 87,
            "no_price": 13,
            "taker_side": "yes"
        },
        {
            "trade_id": "33c0435a-e214-4d19-98a3-76834f8d49b8",
            "ticker": "KXHIGHCHI-25JAN01-T33",
            "count": 822,
            "created_time": "2025-01-01T04:36:14.765942Z",
            "yes_price": 88,
            "no_price": 12,
            "taker_side": "yes"
        },
        {
            "trade_id": "ec0fe111-6383-4b35-9275-0785d3912d9a",
            "ticker": "KXHIGHCHI-25JAN01-T33",
            "count": 2,
            "created_time": "2025-01-01T04:23:27.703215Z",
            "yes_price": 86,
            "no_price": 14,
            "taker_side": "yes"
        },
        {
            "trade_id": "7277637a-922a-40da-8485-e0282c330a35",
            "ticker": "KXHIGHCHI-25JAN01-T33",
            "count": 15,
            "created_time": "2025-01-01T04:18:00.818241Z",
            "yes_price": 87,
            "no_price": 13,
            "taker_side": "yes"
        },
        {
            "trade_id": "63b948f5-a658-4a17-8b7c-fa3de0e2bf2c",
            "ticker": "KXHIGHCHI-25JAN01-T33",
