{
    "KXHIGHCHI-25APR09-T40": [
        {
            "trade_id": "937d000c-81d7-4a8f-976a-99c7fcdc3aa3",
            "ticker": "KXHIGHCHI-25APR09-T40",
            "count": 157,
            "created_time": "2025-04-09T13:12:24.880099Z",
            "yes_price": 1,
            "no_price": 99,
            "taker_side": "no"
        },
        {
            "trade_id": "9d778d8c-dee1-4eb9-ba1f-dc8729b10c24",
            "ticker": "KXHIGHCHI-25APR09-T40",
            "count": 50,
            "created_time": "2025-04-09T13:05:04.04662Z",
            "yes_price": 2,
            "no_price": 98,
            "taker_side": "no"
        },
        {
            "trade_id": "e738faa4-7860-48f7-922c-e4c2e6087fcd",
            "ticker": "KXHIGHCHI-25APR09-T40",
            "count": 18,
            "created_time": "2025-04-09T12:27:49.030706Z",
            "yes_price": 3,
            "no_price": 97,
            "taker_side": "no"
        },
        {
            "trade_id": "228be259-519b-4eb9-8c9f-586db6e7ffde",
            "ticker": "KXHIGHCHI-25APR09-T40",
            "count": 1,
            "created_time": "2025-04-09T06:38:03.707349Z",
            "yes_price": 3,
            "no_price": 97,
            "taker_side": "yes"
        },
        {
            "trade_id": "1f5cac00-2d14-4332-bfc5-f443d56299ac",
            "ticker": "KXHIGHCHI-25APR09-T40",
            "count": 18,
            "created_time": "2025-04-09T06:38:03.707349Z",
            "yes_price": 11,
            "no_price": 89,
            "taker_side": "yes"
        },
        {
            "trade_id": "52c61e46-406d-4de3-b84f-bde2bcf06a67",
            "ticker": "KXHIGHCHI-25APR09-T40",
            "count": 11,
            "created_time": "2025-04-09T06:10:35.152876Z",
            "yes_price": 1,
            "no_price": 99,
            "taker_side": "no"
        },
        {
            "trade_id": "5a04f23a-8a67-4b08-9231-8e3083996c9a",
            "ticker": "KXHIGHCHI-25APR09-T40",
            "count": 1,
            "created_time": "2025-04-09T06:10:26.772292Z",
            "yes_price": 1,
            "no_price": 99,
            "taker_side": "no"
        },
        {
            "trade_id": "61f618e8-6f26-4bd4-a691-35e9a3303c08",
            "ticker": "KXHIGHCHI-25APR09-T40",
            "count": 1,
            "created_time": "2025-04-09T06:09:42.255542Z",
            "yes_price": 1,
            "no_price": 99,
            "taker_side": "no"
        },
        {
            "trade_id": "7c3298b0-3a29-4793-ae7c-3d6d85cf584b",
            "ticker": "KXHIGHCHI-25APR09-T40",
            "count": 2,
            "created_time": "2025-04-09T06:09:34.85552Z",
            "yes_price": 1,
            "no_price": 99,
            "taker_side": "no"
        },
        {
            "trade_id": "3194890e-8ae2-4eaa-8336-31d79707d508",
            "ticker": "KXHIGHCHI-25APR09-T40",
            "count": 2,
            "created_time": "2025-04-09T05:23:23.510039Z",
            "yes_price": 1,
            "no_price": 99,
            "taker_side": "no"
        },
        {
            "trade_id": "24ef7884-5521-49dd-9776-95a46cd657b6",
            "ticker": "KXHIGHCHI-25APR09-T40",
            "count": 10,
            "created_time": "2025-04-09T05:22:36.368066Z",
            "yes_price": 1,
            "no_price": 99,
            "taker_side": "no"
        },
        {
            "trade_id": "fbb11f46-d43b-4de1-b3bd-d91efafe818b",
            "ticker": "KXHIGHCHI-25APR09-T40",
            "count": 1,
            "created_time": "2025-04-09T05:21:29.520208Z",
            "yes_price": 1,
            "no_price": 99,
            "taker_side": "no"
        },
        {
            "trade_id": "2c0c2758-b4ea-4de4-b4a7-47efebb606c5",
            "ticker": "KXHIGHCHI-25APR09-T40",
            "count": 2,
            "created_time": "2025-04-09T05:19:53.248472Z",
            "yes_price": 1,
            "no_price": 99,
            "taker_side": "no"
        },
        {
            "trade_id": "a3c45b1e-c8f7-4c8b-b769-8cf7d5d64e48",
            "ticker": "KXHIGHCHI-25APR09-T40",
            "count": 2,
            "created_time": "2025-04-09T05:19:25.885446Z",
            "yes_price": 1,
            "no_price": 99,
            "taker_side": "no"
        },
        {
            "trade_id": "82787b93-b122-460c-a06e-b6a6a62db7c6",
            "ticker": "KXHIGHCHI-25APR09-T40",
            "count": 1,
            "created_time": "2025-04-09T05:19:18.17593Z",
            "yes_price": 1,
            "no_price": 99,
            "taker_side": "no"
        },
        {
            "trade_id": "ffd69513-e446-4d9f-8264-dc96321e5d24",
            "ticker": "KXHIGHCHI-25APR09-T40",
            "count": 5,
            "created_time": "2025-04-09T04:53:54.20881Z",
            "yes_price": 1,
            "no_price": 99,
            "taker_side": "no"
        },
        {
            "trade_id": "cddca296-8df0-4a6f-a9bd-6d8f8e7ac539",
            "ticker": "KXHIGHCHI-25APR09-T40",
            "count": 5,
            "created_time": "2025-04-09T04:43:45.252178Z",
            "yes_price": 1,
            "no_price": 99,
            "taker_side": "no"
        },
        {
            "trade_id": "e45c3a07-eced-4428-9bce-a81a32784d52",
            "ticker": "KXHIGHCHI-25APR09-T40",
            "count": 17,
            "created_time": "2025-04-09T04:20:12.005344Z",
            "yes_price": 5,
            "no_price": 95,
            "taker_side": "no"
        },
        {
            "trade_id": "fce919b1-f0d2-411b-9887-29f7a31cddb0",
            "ticker": "KXHIGHCHI-25APR09-T40",
            "count": 33,
            "created_time": "2025-04-09T04:20:10.758244Z",
            "yes_price": 5,
            "no_price": 95,
            "taker_side": "no"
        },
        {
            "trade_id": "8e5bd6c0-986f-4d44-ad6c-6dbe8257bdae",
            "ticker": "KXHIGHCHI-25APR09-T40",
            "count": 1,
            "created_time": "2025-04-09T04:12:35.630061Z",
            "yes_price": 5,
            "no_price": 95,
            "taker_side": "no"
        },
        {
            "trade_id": "e74d8395-bd5c-488b-8862-006157762d6a",
            "ticker": "KXHIGHCHI-25APR09-T40",
            "count": 1,
            "created_time": "2025-04-09T04:12:35.609014Z",
            "yes_price": 7,
            "no_price": 93,
            "taker_side": "no"
        },
        {
            "trade_id": "e1e8092b-bb98-4b68-aee0-1f57d3e00b80",
            "ticker": "KXHIGHCHI-25APR09-T40",
            "count": 5,
            "created_time": "2025-04-09T04:07:56.754873Z",
            "yes_price": 5,
            "no_price": 95,
            "taker_side": "no"
        },
        {
            "trade_id": "a55318eb-322f-4c38-b08c-a56352fbed47",
            "ticker": "KXHIGHCHI-25APR09-T40",
            "count": 12,
            "created_time": "2025-04-09T03:13:43.898952Z",
            "yes_price": 11,
            "no_price": 89,
            "taker_side": "yes"
        },
        {
            "trade_id": "9802dcdf-2ab9-4722-a620-aac1b5cec7da",
            "ticker": "KXHIGHCHI-25APR09-T40",
            "count": 5,
            "created_time": "2025-04-09T03:13:43.898952Z",
            "yes_price": 10,
            "no_price": 90,
            "taker_side": "yes"
        },
        {
            "trade_id": "a2ed6cb7-f1d4-448a-bad2-cf76d56d8bab",
            "ticker": "KXHIGHCHI-25APR09-T40",
            "count": 8,
            "created_time": "2025-04-08T22:37:08.327352Z",
            "yes_price": 11,
            "no_price": 89,
            "taker_side": "yes"
        },
        {
            "trade_id": "f20bb8ab-9e4e-43dc-bbc8-04f2b009fe99",
            "ticker": "KXHIGHCHI-25APR09-T40",
            "count": 11,
            "created_time": "2025-04-08T22:32:59.479588Z",
            "yes_price": 16,
            "no_price": 84,
            "taker_side": "yes"
        },
        {
            "trade_id": "c65a66ba-6b9d-492b-902f-ba7fedb81179",
            "ticker": "KXHIGHCHI-25APR09-T40",
            "count": 9,
            "created_time": "2025-04-08T22:31:16.276547Z",
            "yes_price": 10,
            "no_price": 90,
            "taker_side": "yes"
        }
    ],
    "KXHIGHCHI-25APR09-B40.5": [
        {
            "trade_id": "84e303da-302f-44a7-af42-381d128dc245",
            "ticker": "KXHIGHCHI-25APR09-B40.5",
            "count": 93,
            "created_time": "2025-04-09T16:12:44.390064Z",
            "yes_price": 1,
            "no_price": 99,
            "taker_side": "yes"
        },
        {
            "trade_id": "e5cacc5b-b03b-4ed0-a001-2004fe464d2c",
            "ticker": "KXHIGHCHI-25APR09-B40.5",
            "count": 25,
            "created_time": "2025-04-09T14:49:00.56997Z",
            "yes_price": 4,
            "no_price": 96,
            "taker_side": "yes"
        },
        {
            "trade_id": "c8d4c1eb-6d56-45f3-a80a-e6cebd15a1f0",
            "ticker": "KXHIGHCHI-25APR09-B40.5",
            "count": 50,
            "created_time": "2025-04-09T14:49:00.56997Z",
            "yes_price": 3,
            "no_price": 97,
            "taker_side": "yes"
        },
        {
            "trade_id": "8929df1a-54d9-4d43-8267-ddeac420e9e6",
            "ticker": "KXHIGHCHI-25APR09-B40.5",
            "count": 7,
            "created_time": "2025-04-09T14:49:00.56997Z",
            "yes_price": 4,
            "no_price": 96,
            "taker_side": "yes"
        },
        {
            "trade_id": "9b344d59-b881-46fe-96f6-88a31e929136",
            "ticker": "KXHIGHCHI-25APR09-B40.5",
            "count": 25,
            "created_time": "2025-04-09T14:41:54.935239Z",
            "yes_price": 3,
            "no_price": 97,
            "taker_side": "yes"
        },
        {
            "trade_id": "104110ea-13a2-465e-a674-df76a8d991b3",
            "ticker": "KXHIGHCHI-25APR09-B40.5",
            "count": 1,
            "created_time": "2025-04-09T14:41:27.093795Z",
            "yes_price": 3,
            "no_price": 97,
            "taker_side": "yes"
        },
        {
            "trade_id": "c1bd5d1e-c720-473e-9029-e3dd4fd27f95",
            "ticker": "KXHIGHCHI-25APR09-B40.5",
            "count": 100,
            "created_time": "2025-04-09T14:17:52.656843Z",
            "yes_price": 2,
            "no_price": 98,
            "taker_side": "no"
        },
        {
            "trade_id": "f1418f13-5296-41d4-852b-a8c8f2b77370",
            "ticker": "KXHIGHCHI-25APR09-B40.5",
            "count": 72,
            "created_time": "2025-04-09T13:57:03.486203Z",
            "yes_price": 3,
            "no_price": 97,
            "taker_side": "no"
        },
        {
            "trade_id": "3d305654-a0b7-4ba4-aa23-5b054cd5f64e",
            "ticker": "KXHIGHCHI-25APR09-B40.5",
            "count": 4,
            "created_time": "2025-04-09T13:06:15.609135Z",
            "yes_price": 5,
            "no_price": 95,
            "taker_side": "yes"
        },
        {
            "trade_id": "b3a939d1-4d14-42d6-bb14-c06283dd6607",
            "ticker": "KXHIGHCHI-25APR09-B40.5",
            "count": 56,
            "created_time": "2025-04-09T13:06:13.896692Z",
            "yes_price": 5,
            "no_price": 95,
            "taker_side": "no"
        },
        {
            "trade_id": "6fa8c116-0f47-4731-bce5-b8e388b49a3e",
            "ticker": "KXHIGHCHI-25APR09-B40.5",
            "count": 9,
            "created_time": "2025-04-09T13:05:39.664668Z",
            "yes_price": 6,
            "no_price": 94,
            "taker_side": "no"
        },
        {
            "trade_id": "ec7d01f5-6248-4c72-b019-01d02e60d748",
            "ticker": "KXHIGHCHI-25APR09-B40.5",
            "count": 7,
            "created_time": "2025-04-09T12:17:25.556355Z",
            "yes_price": 6,
            "no_price": 94,
            "taker_side": "yes"
        },
        {
            "trade_id": "8625ad53-8da3-4bed-abbd-c3482bd7ffa9",
            "ticker": "KXHIGHCHI-25APR09-B40.5",
            "count": 240,
            "created_time": "2025-04-09T12:17:25.556355Z",
            "yes_price": 8,
            "no_price": 92,
            "taker_side": "yes"
        },
        {
            "trade_id": "64b7b8ab-53a7-499b-9032-eaa5fcadf5de",
            "ticker": "KXHIGHCHI-25APR09-B40.5",
            "count": 3,
            "created_time": "2025-04-09T12:17:25.556355Z",
            "yes_price": 6,
            "no_price": 94,
            "taker_side": "yes"
        },
        {
            "trade_id": "41d6020b-22cd-44f2-b184-160cb322e5ec",
            "ticker": "KXHIGHCHI-25APR09-B40.5",
            "count": 43,
            "created_time": "2025-04-09T12:17:25.556355Z",
            "yes_price": 6,
            "no_price": 94,
            "taker_side": "yes"
        },
        {
            "trade_id": "37ce0465-08a4-42ba-a5b0-1b50edccf2d9",
            "ticker": "KXHIGHCHI-25APR09-B40.5",
            "count": 1,
            "created_time": "2025-04-09T12:17:25.556355Z",
            "yes_price": 6,
            "no_price": 94,
            "taker_side": "yes"
        },
        {
            "trade_id": "02475c37-5fce-4870-aaa4-16861bf20a21",
            "ticker": "KXHIGHCHI-25APR09-B40.5",
            "count": 6,
            "created_time": "2025-04-09T12:17:25.556355Z",
            "yes_price": 9,
            "no_price": 91,
            "taker_side": "yes"
        },
        {
            "trade_id": "e1688618-45c0-497d-bacc-1984da244581",
            "ticker": "KXHIGHCHI-25APR09-B40.5",
            "count": 2,
            "created_time": "2025-04-09T12:02:29.158894Z",
            "yes_price": 6,
            "no_price": 94,
            "taker_side": "yes"
        },
        {
            "trade_id": "d00e85c9-0130-4969-b3ff-1f2c69b1e254",
            "ticker": "KXHIGHCHI-25APR09-B40.5",
            "count": 2,
            "created_time": "2025-04-09T12:00:33.113662Z",
            "yes_price": 6,
            "no_price": 94,
            "taker_side": "no"
        },
        {
            "trade_id": "1090735f-5b11-46ac-a23e-19d27c15fe9d",
            "ticker": "KXHIGHCHI-25APR09-B40.5",
            "count": 17,
            "created_time": "2025-04-09T06:38:07.857049Z",
            "yes_price": 9,
            "no_price": 91,
            "taker_side": "yes"
        },
        {
            "trade_id": "c86b3b60-c144-4253-a8d6-c3eb78d41008",
            "ticker": "KXHIGHCHI-25APR09-B40.5",
            "count": 11,
            "created_time": "2025-04-09T06:10:35.155267Z",
            "yes_price": 5,
            "no_price": 95,
            "taker_side": "no"
        },
        {
            "trade_id": "84781746-fd00-401a-9dce-5ab22cb6677f",
            "ticker": "KXHIGHCHI-25APR09-B40.5",
            "count": 1,
            "created_time": "2025-04-09T06:10:26.795583Z",
            "yes_price": 5,
            "no_price": 95,
            "taker_side": "no"
        },
        {
            "trade_id": "8d83c2e4-2219-4197-a7e3-84c9d22aa1a5",
            "ticker": "KXHIGHCHI-25APR09-B40.5",
            "count": 1,
            "created_time": "2025-04-09T06:09:42.28093Z",
            "yes_price": 5,
            "no_price": 95,
            "taker_side": "no"
        },
        {
            "trade_id": "ea69d08a-001a-4d42-9de0-7bd7dcc9d618",
            "ticker": "KXHIGHCHI-25APR09-B40.5",
            "count": 2,
            "created_time": "2025-04-09T06:09:34.853726Z",
            "yes_price": 5,
            "no_price": 95,
            "taker_side": "no"
        },
        {
            "trade_id": "d9c1ece3-ef59-4dbe-8f50-fff36f178d63",
            "ticker": "KXHIGHCHI-25APR09-B40.5",
            "count": 1,
            "created_time": "2025-04-09T06:04:28.353117Z",
            "yes_price": 5,
            "no_price": 95,
            "taker_side": "no"
        },
        {
            "trade_id": "be03c14e-d5be-4d8e-94f2-35ac0a5d111e",
            "ticker": "KXHIGHCHI-25APR09-B40.5",
            "count": 1,
            "created_time": "2025-04-09T05:34:25.674034Z",
            "yes_price": 5,
            "no_price": 95,
            "taker_side": "no"
        },
        {
            "trade_id": "a80da1bd-5700-4db7-84d6-e14cb5ff3714",
            "ticker": "KXHIGHCHI-25APR09-B40.5",
            "count": 2,
            "created_time": "2025-04-09T05:23:23.488457Z",
            "yes_price": 5,
            "no_price": 95,
            "taker_side": "no"
        },
        {
            "trade_id": "5f039a4a-709f-4130-942f-3488829f2dec",
            "ticker": "KXHIGHCHI-25APR09-B40.5",
            "count": 10,
            "created_time": "2025-04-09T05:22:36.345486Z",
            "yes_price": 5,
            "no_price": 95,
            "taker_side": "no"
        },
        {
            "trade_id": "d84dc1dc-fd77-46e4-8ff9-173b625c08ce",
            "ticker": "KXHIGHCHI-25APR09-B40.5",
            "count": 1,
            "created_time": "2025-04-09T05:21:29.503206Z",
            "yes_price": 5,
            "no_price": 95,
            "taker_side": "no"
        },
        {
            "trade_id": "194ad132-56d5-4256-841e-f35a8a8b333d",
            "ticker": "KXHIGHCHI-25APR09-B40.5",
            "count": 2,
            "created_time": "2025-04-09T05:19:53.246176Z",
            "yes_price": 5,
            "no_price": 95,
            "taker_side": "no"
        },
        {
            "trade_id": "6a6edc0a-f282-45df-a59e-e99548d8460b",
            "ticker": "KXHIGHCHI-25APR09-B40.5",
            "count": 2,
            "created_time": "2025-04-09T05:19:25.886475Z",
            "yes_price": 5,
            "no_price": 95,
            "taker_side": "no"
        },
        {
            "trade_id": "4157d972-d9ff-41ae-86c6-f77b8a12bab6",
            "ticker": "KXHIGHCHI-25APR09-B40.5",
            "count": 1,
            "created_time": "2025-04-09T05:19:18.150611Z",
            "yes_price": 7,
            "no_price": 93,
            "taker_side": "no"
        },
        {
            "trade_id": "c7d363b9-b1a7-42a8-9e06-97721b869dae",
            "ticker": "KXHIGHCHI-25APR09-B40.5",
            "count": 5,
            "created_time": "2025-04-09T04:53:54.208367Z",
            "yes_price": 5,
            "no_price": 95,
            "taker_side": "no"
        },
        {
            "trade_id": "88bf042e-088a-406d-9cde-b71d8e16f8af",
            "ticker": "KXHIGHCHI-25APR09-B40.5",
            "count": 5,
            "created_time": "2025-04-09T04:43:45.265366Z",
            "yes_price": 5,
            "no_price": 95,
            "taker_side": "no"
        },
        {
            "trade_id": "bf6a8f97-b167-4bfb-8734-c83ac108eff9",
            "ticker": "KXHIGHCHI-25APR09-B40.5",
            "count": 17,
            "created_time": "2025-04-09T04:20:11.982781Z",
            "yes_price": 9,
            "no_price": 91,
            "taker_side": "no"
        },
        {
            "trade_id": "449f386d-efb9-49a2-82e9-915363459dbe",
            "ticker": "KXHIGHCHI-25APR09-B40.5",
            "count": 33,
            "created_time": "2025-04-09T04:20:10.756815Z",
            "yes_price": 9,
            "no_price": 91,
            "taker_side": "no"
        },
        {
            "trade_id": "9f3e0e15-d6ee-42e0-8326-d7a1bf00ed15",
            "ticker": "KXHIGHCHI-25APR09-B40.5",
            "count": 1,
            "created_time": "2025-04-09T04:12:35.61224Z",
            "yes_price": 9,
            "no_price": 91,
            "taker_side": "no"
        },
        {
            "trade_id": "47dbd8f5-3dbc-4d2f-9e98-f69ec517b4e3",
            "ticker": "KXHIGHCHI-25APR09-B40.5",
            "count": 1,
            "created_time": "2025-04-09T04:12:35.596673Z",
            "yes_price": 9,
            "no_price": 91,
            "taker_side": "no"
        },
        {
            "trade_id": "999450d2-f24b-4542-8af2-9c6c1eac8278",
            "ticker": "KXHIGHCHI-25APR09-B40.5",
            "count": 5,
            "created_time": "2025-04-09T04:07:56.756229Z",
            "yes_price": 10,
            "no_price": 90,
            "taker_side": "no"
        },
        {
            "trade_id": "f004467b-677c-4f61-8ff2-17055ed672d8",
            "ticker": "KXHIGHCHI-25APR09-B40.5",
            "count": 13,
            "created_time": "2025-04-09T03:13:52.781339Z",
            "yes_price": 13,
            "no_price": 87,
            "taker_side": "yes"
        },
        {
            "trade_id": "17a09faf-ed7a-45b1-912f-0b404c30b324",
            "ticker": "KXHIGHCHI-25APR09-B40.5",
            "count": 1,
            "created_time": "2025-04-09T03:13:52.781339Z",
            "yes_price": 14,
            "no_price": 86,
            "taker_side": "yes"
        },
        {
            "trade_id": "e386d9fe-c76d-4727-acb1-0507c8a29c54",
            "ticker": "KXHIGHCHI-25APR09-B40.5",
            "count": 9,
            "created_time": "2025-04-09T02:02:35.3438Z",
            "yes_price": 13,
            "no_price": 87,
            "taker_side": "yes"
        },
        {
            "trade_id": "123b5cf3-8979-409d-a71d-04012515d1ee",
            "ticker": "KXHIGHCHI-25APR09-B40.5",
            "count": 1,
            "created_time": "2025-04-09T02:02:35.3438Z",
            "yes_price": 19,
            "no_price": 81,
            "taker_side": "yes"
        },
        {
            "trade_id": "a0d1eae0-ca95-447a-89c2-f20d338e8841",
            "ticker": "KXHIGHCHI-25APR09-B40.5",
            "count": 2,
            "created_time": "2025-04-09T01:55:09.956005Z",
            "yes_price": 19,
            "no_price": 81,
            "taker_side": "yes"
        },
        {
            "trade_id": "01d901ad-29e7-4f76-a821-27a3336c4292",
            "ticker": "KXHIGHCHI-25APR09-B40.5",
            "count": 9,
            "created_time": "2025-04-09T01:55:09.956005Z",
            "yes_price": 11,
            "no_price": 89,
            "taker_side": "yes"
        },
        {
            "trade_id": "f3d91af0-e58a-4af8-99d5-cc250f7d2e7a",
            "ticker": "KXHIGHCHI-25APR09-B40.5",
            "count": 11,
            "created_time": "2025-04-09T01:48:51.405917Z",
            "yes_price": 2,
            "no_price": 98,
            "taker_side": "no"
        },
        {
            "trade_id": "eecb0896-ae7d-4072-9f46-6faea25448f4",
            "ticker": "KXHIGHCHI-25APR09-B40.5",
            "count": 9,
            "created_time": "2025-04-09T01:32:36.680561Z",
            "yes_price": 10,
            "no_price": 90,
            "taker_side": "yes"
        },
        {
            "trade_id": "6685b117-89b7-410d-9b50-c798d33112ea",
            "ticker": "KXHIGHCHI-25APR09-B40.5",
            "count": 4,
            "created_time": "2025-04-09T01:30:11.124423Z",
            "yes_price": 8,
            "no_price": 92,
            "taker_side": "yes"
        },
        {
            "trade_id": "0ffc4f4e-0124-4095-9fe8-e2e112dfbd2e",
            "ticker": "KXHIGHCHI-25APR09-B40.5",
            "count": 11,
            "created_time": "2025-04-08T22:37:29.479481Z",
            "yes_price": 8,
            "no_price": 92,
            "taker_side": "yes"
        },
        {
            "trade_id": "842c3f69-5c66-43e9-bef6-42c34a9f1484",
            "ticker": "KXHIGHCHI-25APR09-B40.5",
            "count": 35,
            "created_time": "2025-04-08T22:31:47.554228Z",
            "yes_price": 8,
            "no_price": 92,
            "taker_side": "yes"
        }
    ],
    "KXHIGHCHI-25APR09-B42.5": [
        {
            "trade_id": "b46bef25-5ea7-4b81-976f-9a95b83a6d1a",
            "ticker": "KXHIGHCHI-25APR09-B42.5",
            "count": 10,
            "created_time": "2025-04-09T21:12:53.792661Z",
            "yes_price": 1,
            "no_price": 99,
            "taker_side": "yes"
        },
        {
            "trade_id": "a61144cd-a6b5-47a0-b761-dd41208502aa",
            "ticker": "KXHIGHCHI-25APR09-B42.5",
            "count": 3300,
            "created_time": "2025-04-09T21:02:32.86048Z",
            "yes_price": 1,
            "no_price": 99,
            "taker_side": "yes"
        },
        {
            "trade_id": "5f4c4163-d91e-4483-8264-499dad143647",
            "ticker": "KXHIGHCHI-25APR09-B42.5",
            "count": 10,
            "created_time": "2025-04-09T20:46:16.024626Z",
            "yes_price": 1,
            "no_price": 99,
            "taker_side": "yes"
        },
        {
            "trade_id": "57f0fedc-210d-4b4b-968d-836f3110d7de",
            "ticker": "KXHIGHCHI-25APR09-B42.5",
            "count": 50,
            "created_time": "2025-04-09T20:32:26.222297Z",
            "yes_price": 1,
            "no_price": 99,
            "taker_side": "yes"
        },
        {
            "trade_id": "8f82c6d0-59f1-4552-b34f-42126a20c06c",
            "ticker": "KXHIGHCHI-25APR09-B42.5",
            "count": 5147,
            "created_time": "2025-04-09T20:17:12.601331Z",
            "yes_price": 1,
            "no_price": 99,
            "taker_side": "yes"
        },
        {
            "trade_id": "d64206cc-321b-4f77-bea1-dec78420567c",
            "ticker": "KXHIGHCHI-25APR09-B42.5",
            "count": 772,
            "created_time": "2025-04-09T19:40:41.474666Z",
            "yes_price": 1,
            "no_price": 99,
            "taker_side": "yes"
        },
        {
            "trade_id": "5ca0847f-d71f-4b6d-b0c2-76bd52356f4f",
            "ticker": "KXHIGHCHI-25APR09-B42.5",
            "count": 50,
            "created_time": "2025-04-09T19:39:56.178871Z",
            "yes_price": 1,
            "no_price": 99,
            "taker_side": "yes"
        },
        {
            "trade_id": "e91790c4-7c74-4a74-b6be-7d5124c2ec6a",
            "ticker": "KXHIGHCHI-25APR09-B42.5",
            "count": 952,
            "created_time": "2025-04-09T19:39:32.534601Z",
            "yes_price": 10,
            "no_price": 90,
            "taker_side": "no"
        },
        {
            "trade_id": "cd191455-deb3-4915-91a7-2b2da23ef8d5",
            "ticker": "KXHIGHCHI-25APR09-B42.5",
            "count": 50,
            "created_time": "2025-04-09T19:39:32.534601Z",
            "yes_price": 10,
            "no_price": 90,
            "taker_side": "no"
        },
        {
            "trade_id": "ae8f18b1-e9d5-4afb-92e5-d5646a5250ec",
            "ticker": "KXHIGHCHI-25APR09-B42.5",
            "count": 200,
            "created_time": "2025-04-09T19:39:32.534601Z",
            "yes_price": 3,
            "no_price": 97,
            "taker_side": "no"
        },
        {
            "trade_id": "ae16c302-b1f0-43a8-815a-ce69040095f0",
            "ticker": "KXHIGHCHI-25APR09-B42.5",
            "count": 200,
            "created_time": "2025-04-09T19:39:32.534601Z",
            "yes_price": 1,
            "no_price": 99,
            "taker_side": "no"
        },
        {
            "trade_id": "7e59e3bb-eed2-4307-8bb6-aee3dbf56072",
            "ticker": "KXHIGHCHI-25APR09-B42.5",
            "count": 91,
            "created_time": "2025-04-09T19:39:32.534601Z",
            "yes_price": 7,
            "no_price": 93,
            "taker_side": "no"
        },
        {
            "trade_id": "7a3401e4-4a63-4eff-9bef-eb9af20cdcd9",
            "ticker": "KXHIGHCHI-25APR09-B42.5",
            "count": 99,
            "created_time": "2025-04-09T19:39:32.534601Z",
            "yes_price": 1,
            "no_price": 99,
            "taker_side": "no"
        },
        {
            "trade_id": "3920c2f0-8b44-4b74-a27c-6152b24e1f9e",
            "ticker": "KXHIGHCHI-25APR09-B42.5",
            "count": 50,
            "created_time": "2025-04-09T19:39:32.534601Z",
            "yes_price": 5,
            "no_price": 95,
            "taker_side": "no"
        },
        {
            "trade_id": "38153011-6d98-48f7-89f9-933509d30d28",
            "ticker": "KXHIGHCHI-25APR09-B42.5",
            "count": 100,
            "created_time": "2025-04-09T19:39:32.534601Z",
            "yes_price": 1,
            "no_price": 99,
            "taker_side": "no"
        },
        {
            "trade_id": "39b48903-421e-4e9a-bacc-e8840fe13166",
            "ticker": "KXHIGHCHI-25APR09-B42.5",
            "count": 772,
            "created_time": "2025-04-09T19:38:31.75832Z",
            "yes_price": 10,
            "no_price": 90,
            "taker_side": "no"
        },
        {
            "trade_id": "4dd5b811-9b20-434e-a0f1-6a7fb84dee1c",
            "ticker": "KXHIGHCHI-25APR09-B42.5",
            "count": 94,
            "created_time": "2025-04-09T19:37:20.353966Z",
            "yes_price": 10,
            "no_price": 90,
            "taker_side": "no"
        },
        {
            "trade_id": "255c0486-8875-468b-9c32-2f2d16769fef",
            "ticker": "KXHIGHCHI-25APR09-B42.5",
            "count": 50,
            "created_time": "2025-04-09T19:37:20.353966Z",
            "yes_price": 11,
            "no_price": 89,
            "taker_side": "no"
        },
        {
            "trade_id": "19cacf62-c2b3-4828-9b8a-e7231474f994",
            "ticker": "KXHIGHCHI-25APR09-B42.5",
            "count": 31,
            "created_time": "2025-04-09T19:36:29.852235Z",
            "yes_price": 15,
            "no_price": 85,
            "taker_side": "yes"
        },
        {
            "trade_id": "df77c129-0450-4a06-b5de-de61753598e3",
            "ticker": "KXHIGHCHI-25APR09-B42.5",
            "count": 50,
            "created_time": "2025-04-09T19:35:51.645174Z",
            "yes_price": 11,
            "no_price": 89,
            "taker_side": "no"
        },
        {
            "trade_id": "1a26230d-8e2f-4628-8df8-40edbc5e5697",
            "ticker": "KXHIGHCHI-25APR09-B42.5",
            "count": 50,
            "created_time": "2025-04-09T19:32:45.238806Z",
            "yes_price": 11,
            "no_price": 89,
            "taker_side": "no"
        },
        {
            "trade_id": "7687c8e7-6ea6-491a-80f8-5b2be498ca4f",
            "ticker": "KXHIGHCHI-25APR09-B42.5",
            "count": 1,
            "created_time": "2025-04-09T19:28:52.433387Z",
            "yes_price": 11,
            "no_price": 89,
            "taker_side": "no"
        },
        {
            "trade_id": "200a5d28-d995-4a14-b979-a2e2ba333576",
            "ticker": "KXHIGHCHI-25APR09-B42.5",
            "count": 1,
            "created_time": "2025-04-09T19:28:52.433387Z",
            "yes_price": 15,
            "no_price": 85,
            "taker_side": "no"
        },
        {
            "trade_id": "ffd32775-0381-4390-8b7f-829f0b109742",
            "ticker": "KXHIGHCHI-25APR09-B42.5",
            "count": 1,
            "created_time": "2025-04-09T19:27:05.747594Z",
            "yes_price": 29,
            "no_price": 71,
            "taker_side": "yes"
        },
        {
            "trade_id": "b8214642-bcd2-4e93-a4a6-e013f4777ce8",
            "ticker": "KXHIGHCHI-25APR09-B42.5",
            "count": 48,
            "created_time": "2025-04-09T19:27:05.747594Z",
            "yes_price": 29,
            "no_price": 71,
            "taker_side": "yes"
        },
        {
            "trade_id": "d55e298b-e50d-4fa0-8307-e434e254b3a6",
            "ticker": "KXHIGHCHI-25APR09-B42.5",
            "count": 28,
            "created_time": "2025-04-09T19:17:54.542269Z",
            "yes_price": 22,
            "no_price": 78,
            "taker_side": "no"
        },
        {
            "trade_id": "8ae94802-c737-4c9c-85b2-fceb5da032aa",
            "ticker": "KXHIGHCHI-25APR09-B42.5",
            "count": 182,
            "created_time": "2025-04-09T19:17:54.542269Z",
            "yes_price": 21,
            "no_price": 79,
            "taker_side": "no"
        },
        {
            "trade_id": "02d4b176-5a5d-49a9-9148-473c85819ff0",
            "ticker": "KXHIGHCHI-25APR09-B42.5",
            "count": 15,
            "created_time": "2025-04-09T19:17:54.542269Z",
            "yes_price": 23,
            "no_price": 77,
            "taker_side": "no"
        },
        {
            "trade_id": "a7674c26-8ac7-401a-bc71-b624e6f6f40c",
            "ticker": "KXHIGHCHI-25APR09-B42.5",
            "count": 10,
            "created_time": "2025-04-09T19:12:28.021271Z",
            "yes_price": 44,
            "no_price": 56,
            "taker_side": "yes"
        },
        {
            "trade_id": "92ed892c-9233-4889-bee9-8b42e06b77b0",
            "ticker": "KXHIGHCHI-25APR09-B42.5",
            "count": 15,
            "created_time": "2025-04-09T19:12:28.021271Z",
            "yes_price": 45,
            "no_price": 55,
            "taker_side": "yes"
        },
        {
            "trade_id": "1f70a155-c33d-4eb6-b8ac-3036279c579c",
            "ticker": "KXHIGHCHI-25APR09-B42.5",
            "count": 1,
            "created_time": "2025-04-09T19:12:28.021271Z",
            "yes_price": 35,
            "no_price": 65,
            "taker_side": "yes"
        },
        {
            "trade_id": "a2734d8d-f8a0-400c-9649-cf848d71a123",
            "ticker": "KXHIGHCHI-25APR09-B42.5",
            "count": 10,
            "created_time": "2025-04-09T19:06:51.148343Z",
            "yes_price": 33,
            "no_price": 67,
            "taker_side": "yes"
        },
        {
            "trade_id": "51d152e5-5707-405e-8577-bdaf8bb31b33",
            "ticker": "KXHIGHCHI-25APR09-B42.5",
            "count": 90,
            "created_time": "2025-04-09T19:06:51.148343Z",
            "yes_price": 34,
            "no_price": 66,
            "taker_side": "yes"
        },
        {
            "trade_id": "e0f536c1-cf73-4e71-9f6e-7d11a13b245c",
            "ticker": "KXHIGHCHI-25APR09-B42.5",
            "count": 50,
            "created_time": "2025-04-09T19:04:59.414518Z",
            "yes_price": 16,
            "no_price": 84,
            "taker_side": "yes"
        },
        {
            "trade_id": "8491ec6b-1844-4361-b5fe-74787113732c",
            "ticker": "KXHIGHCHI-25APR09-B42.5",
            "count": 93,
            "created_time": "2025-04-09T19:04:59.414518Z",
            "yes_price": 17,
            "no_price": 83,
            "taker_side": "yes"
        },
        {
            "trade_id": "29f1820e-7c8f-4d7d-8938-b705c8b6d7af",
            "ticker": "KXHIGHCHI-25APR09-B42.5",
            "count": 7,
            "created_time": "2025-04-09T19:04:59.414518Z",
            "yes_price": 16,
            "no_price": 84,
            "taker_side": "yes"
        },
        {
            "trade_id": "86876d9e-e485-4171-b337-0ccdfe945cd5",
            "ticker": "KXHIGHCHI-25APR09-B42.5",
            "count": 50,
            "created_time": "2025-04-09T19:03:56.584397Z",
            "yes_price": 18,
            "no_price": 82,
            "taker_side": "yes"
        },
        {
            "trade_id": "6cfd0694-1b26-4b58-b1bd-395f474462d0",
            "ticker": "KXHIGHCHI-25APR09-B42.5",
            "count": 12,
            "created_time": "2025-04-09T19:03:56.584397Z",
            "yes_price": 19,
            "no_price": 81,
            "taker_side": "yes"
        },
        {
            "trade_id": "25de0558-4050-433b-a4b8-9172a9144a91",
            "ticker": "KXHIGHCHI-25APR09-B42.5",
            "count": 13,
            "created_time": "2025-04-09T19:03:36.569291Z",
            "yes_price": 16,
            "no_price": 84,
            "taker_side": "no"
        },
        {
            "trade_id": "896034f9-31fa-41d5-b58c-5ab399e29bed",
            "ticker": "KXHIGHCHI-25APR09-B42.5",
            "count": 46,
            "created_time": "2025-04-09T18:59:19.784533Z",
            "yes_price": 14,
            "no_price": 86,
            "taker_side": "yes"
        },
        {
            "trade_id": "fc81c9ac-4503-4daa-8a6f-719899c76883",
            "ticker": "KXHIGHCHI-25APR09-B42.5",
            "count": 7,
            "created_time": "2025-04-09T18:57:13.732892Z",
            "yes_price": 8,
            "no_price": 92,
            "taker_side": "no"
        },
        {
            "trade_id": "e4635d77-5e48-4dd6-bc32-0364a691feb9",
            "ticker": "KXHIGHCHI-25APR09-B42.5",
            "count": 8,
            "created_time": "2025-04-09T18:57:13.732892Z",
            "yes_price": 7,
            "no_price": 93,
            "taker_side": "no"
        },
        {
            "trade_id": "f780d6d1-780b-4d9e-a11f-8998def11c6c",
            "ticker": "KXHIGHCHI-25APR09-B42.5",
            "count": 4,
            "created_time": "2025-04-09T18:56:38.981216Z",
            "yes_price": 16,
            "no_price": 84,
            "taker_side": "yes"
        },
        {
            "trade_id": "93ec8927-e4cb-4648-83a5-8d4c735f8cde",
            "ticker": "KXHIGHCHI-25APR09-B42.5",
            "count": 8,
            "created_time": "2025-04-09T18:56:38.981216Z",
            "yes_price": 15,
            "no_price": 85,
            "taker_side": "yes"
        },
        {
            "trade_id": "6ec58a27-0f97-45fb-98cc-5bb3098cf1af",
            "ticker": "KXHIGHCHI-25APR09-B42.5",
            "count": 50,
            "created_time": "2025-04-09T18:56:38.981216Z",
            "yes_price": 15,
            "no_price": 85,
            "taker_side": "yes"
        },
        {
            "trade_id": "edb48334-b1fe-42cf-8d21-4d967cff271f",
            "ticker": "KXHIGHCHI-25APR09-B42.5",
            "count": 3,
            "created_time": "2025-04-09T18:56:27.89497Z",
            "yes_price": 8,
            "no_price": 92,
            "taker_side": "no"
        },
        {
            "trade_id": "dacea1ad-3fc2-4124-aa50-1d332a36acb1",
            "ticker": "KXHIGHCHI-25APR09-B42.5",
            "count": 1,
            "created_time": "2025-04-09T18:55:45.481163Z",
            "yes_price": 7,
            "no_price": 93,
            "taker_side": "no"
        },
        {
            "trade_id": "fd47dc75-355e-4414-a6da-149f5bd01442",
            "ticker": "KXHIGHCHI-25APR09-B42.5",
            "count": 8,
            "created_time": "2025-04-09T18:55:44.880584Z",
            "yes_price": 13,
            "no_price": 87,
            "taker_side": "no"
        },
        {
            "trade_id": "ee852a50-9db7-4371-92a1-c6115420c3a2",
            "ticker": "KXHIGHCHI-25APR09-B42.5",
            "count": 29,
            "created_time": "2025-04-09T18:55:44.880584Z",
            "yes_price": 13,
            "no_price": 87,
            "taker_side": "no"
        },
        {
            "trade_id": "51b4f270-256a-463f-b2f8-584144f9cf92",
            "ticker": "KXHIGHCHI-25APR09-B42.5",
            "count": 64,
            "created_time": "2025-04-09T18:55:44.880584Z",
            "yes_price": 8,
            "no_price": 92,
            "taker_side": "no"
        },
        {
            "trade_id": "3460d39e-5ffe-4617-b501-a46ca3399eaf",
            "ticker": "KXHIGHCHI-25APR09-B42.5",
            "count": 50,
            "created_time": "2025-04-09T18:55:44.880584Z",
            "yes_price": 12,
            "no_price": 88,
            "taker_side": "no"
        },
        {
            "trade_id": "1cc32dec-5296-4399-8705-a4c358122083",
            "ticker": "KXHIGHCHI-25APR09-B42.5",
            "count": 99,
            "created_time": "2025-04-09T18:55:44.880584Z",
            "yes_price": 8,
            "no_price": 92,
            "taker_side": "no"
        },
        {
            "trade_id": "9b4372f0-14b2-4f7a-9592-9ca51006f863",
            "ticker": "KXHIGHCHI-25APR09-B42.5",
            "count": 50,
            "created_time": "2025-04-09T18:55:44.87568Z",
            "yes_price": 17,
            "no_price": 83,
            "taker_side": "no"
        },
        {
            "trade_id": "8a040403-2de8-4a34-a515-05cd2efdd13f",
            "ticker": "KXHIGHCHI-25APR09-B42.5",
            "count": 5,
            "created_time": "2025-04-09T18:55:44.87568Z",
            "yes_price": 15,
            "no_price": 85,
            "taker_side": "no"
        },
        {
            "trade_id": "89620cdf-b028-4060-aaac-b221cb9352a1",
            "ticker": "KXHIGHCHI-25APR09-B42.5",
            "count": 12,
            "created_time": "2025-04-09T18:55:44.87568Z",
            "yes_price": 19,
            "no_price": 81,
            "taker_side": "no"
        },
        {
            "trade_id": "69b35b89-4d73-4e68-a984-3979633fa4ed",
            "ticker": "KXHIGHCHI-25APR09-B42.5",
            "count": 12,
            "created_time": "2025-04-09T18:55:44.87568Z",
            "yes_price": 18,
            "no_price": 82,
            "taker_side": "no"
        },
        {
            "trade_id": "40467d3d-ce08-4d13-aaad-ae63fc962352",
            "ticker": "KXHIGHCHI-25APR09-B42.5",
            "count": 21,
            "created_time": "2025-04-09T18:55:44.87568Z",
            "yes_price": 13,
            "no_price": 87,
            "taker_side": "no"
        },
        {
            "trade_id": "877714c2-3a9b-4bd5-8db9-91e5ccf28c73",
            "ticker": "KXHIGHCHI-25APR09-B42.5",
            "count": 10,
            "created_time": "2025-04-09T18:55:36.983412Z",
            "yes_price": 27,
            "no_price": 73,
            "taker_side": "yes"
        },
        {
            "trade_id": "46cb83ce-f340-4dc9-a554-da4fc001312f",
            "ticker": "KXHIGHCHI-25APR09-B42.5",
            "count": 12,
            "created_time": "2025-04-09T18:55:36.983412Z",
            "yes_price": 33,
            "no_price": 67,
            "taker_side": "yes"
        },
        {
            "trade_id": "31c041fb-088b-4002-9335-c6319a5869e2",
            "ticker": "KXHIGHCHI-25APR09-B42.5",
            "count": 3,
            "created_time": "2025-04-09T18:55:36.983412Z",
            "yes_price": 30,
            "no_price": 70,
            "taker_side": "yes"
        },
        {
            "trade_id": "0558ad57-053a-4d4b-9a81-93454bd5f3aa",
            "ticker": "KXHIGHCHI-25APR09-B42.5",
            "count": 11,
            "created_time": "2025-04-09T18:55:36.983412Z",
            "yes_price": 28,
            "no_price": 72,
            "taker_side": "yes"
        },
        {
            "trade_id": "9f35e74f-a7e9-4e8d-a142-47e72a481274",
            "ticker": "KXHIGHCHI-25APR09-B42.5",
            "count": 140,
            "created_time": "2025-04-09T18:19:29.397508Z",
            "yes_price": 19,
            "no_price": 81,
            "taker_side": "yes"
        },
        {
            "trade_id": "8501778c-4d11-4289-b121-2c17230f6585",
            "ticker": "KXHIGHCHI-25APR09-B42.5",
            "count": 100,
            "created_time": "2025-04-09T18:19:29.397508Z",
            "yes_price": 19,
            "no_price": 81,
            "taker_side": "yes"
        },
        {
            "trade_id": "6355886b-5e2b-41d6-a8bc-6b4b9d534316",
            "ticker": "KXHIGHCHI-25APR09-B42.5",
            "count": 1874,
            "created_time": "2025-04-09T18:19:29.397508Z",
            "yes_price": 20,
            "no_price": 80,
            "taker_side": "yes"
        },
        {
            "trade_id": "3a87495f-5298-4c5f-b30e-e4e08bcd6be5",
            "ticker": "KXHIGHCHI-25APR09-B42.5",
            "count": 49,
            "created_time": "2025-04-09T18:14:56.966245Z",
            "yes_price": 19,
            "no_price": 81,
            "taker_side": "yes"
        },
        {
            "trade_id": "8740b315-4671-49f2-9762-0e16098c96bb",
            "ticker": "KXHIGHCHI-25APR09-B42.5",
            "count": 100,
            "created_time": "2025-04-09T18:13:03.061795Z",
            "yes_price": 19,
            "no_price": 81,
            "taker_side": "yes"
        },
        {
            "trade_id": "ed0ee94e-ae44-4cbd-b582-abfa5418397b",
            "ticker": "KXHIGHCHI-25APR09-B42.5",
            "count": 49,
            "created_time": "2025-04-09T18:11:34.700114Z",
            "yes_price": 19,
            "no_price": 81,
            "taker_side": "yes"
        },
        {
            "trade_id": "a99dce7e-84ad-4dee-a497-53bb94fe29b0",
            "ticker": "KXHIGHCHI-25APR09-B42.5",
            "count": 24,
            "created_time": "2025-04-09T18:10:45.525723Z",
            "yes_price": 19,
            "no_price": 81,
            "taker_side": "yes"
        },
        {
            "trade_id": "4d180793-b094-477b-ac3b-5279567c44f2",
            "ticker": "KXHIGHCHI-25APR09-B42.5",
            "count": 10,
            "created_time": "2025-04-09T18:09:55.263051Z",
            "yes_price": 18,
            "no_price": 82,
            "taker_side": "yes"
        },
        {
            "trade_id": "f8e15f10-acbe-4ffc-a937-721ecf4ea5ee",
            "ticker": "KXHIGHCHI-25APR09-B42.5",
            "count": 5,
            "created_time": "2025-04-09T18:09:02.869117Z",
            "yes_price": 19,
            "no_price": 81,
            "taker_side": "yes"
        },
        {
            "trade_id": "8b98d236-439e-484b-83ec-4eaeb85a6e45",
            "ticker": "KXHIGHCHI-25APR09-B42.5",
            "count": 24,
            "created_time": "2025-04-09T18:08:58.07816Z",
            "yes_price": 19,
            "no_price": 81,
            "taker_side": "yes"
        },
        {
            "trade_id": "1bfeb65b-1ea0-4176-b32b-36b0bd0bae78",
            "ticker": "KXHIGHCHI-25APR09-B42.5",
            "count": 9,
            "created_time": "2025-04-09T18:03:22.665216Z",
            "yes_price": 19,
            "no_price": 81,
            "taker_side": "no"
        },
        {
            "trade_id": "f17908df-9b73-4a93-89e5-ad4b57a9b4d0",
            "ticker": "KXHIGHCHI-25APR09-B42.5",
            "count": 22,
            "created_time": "2025-04-09T18:02:42.855107Z",
            "yes_price": 20,
            "no_price": 80,
            "taker_side": "yes"
        },
        {
            "trade_id": "10b7be7e-5342-4ff2-8fdd-3c3b4a0ff88a",
            "ticker": "KXHIGHCHI-25APR09-B42.5",
            "count": 14,
            "created_time": "2025-04-09T18:02:11.544246Z",
            "yes_price": 20,
            "no_price": 80,
            "taker_side": "yes"
        },
        {
            "trade_id": "9dd5edff-c4b6-42fd-aff5-d5f667cab593",
            "ticker": "KXHIGHCHI-25APR09-B42.5",
            "count": 25,
            "created_time": "2025-04-09T18:01:09.491269Z",
            "yes_price": 21,
            "no_price": 79,
            "taker_side": "no"
        },
        {
            "trade_id": "78bcfa6c-3760-4e13-b2b2-a79add59dc89",
            "ticker": "KXHIGHCHI-25APR09-B42.5",
            "count": 50,
            "created_time": "2025-04-09T18:01:09.491269Z",
            "yes_price": 20,
            "no_price": 80,
            "taker_side": "no"
        },
        {
            "trade_id": "2b8d5e48-a325-44e9-9f42-ae5ded04983d",
            "ticker": "KXHIGHCHI-25APR09-B42.5",
            "count": 2,
            "created_time": "2025-04-09T18:00:12.469655Z",
            "yes_price": 26,
            "no_price": 74,
            "taker_side": "no"
        },
        {
            "trade_id": "7129f1f4-29a5-442d-b1b3-633c7a37925f",
            "ticker": "KXHIGHCHI-25APR09-B42.5",
            "count": 16,
            "created_time": "2025-04-09T17:59:35.537961Z",
            "yes_price": 29,
            "no_price": 71,
            "taker_side": "yes"
        },
        {
            "trade_id": "76351f6d-ce1e-40ba-a5c1-9632d1569bc7",
            "ticker": "KXHIGHCHI-25APR09-B42.5",
            "count": 5,
            "created_time": "2025-04-09T17:54:33.671376Z",
            "yes_price": 31,
            "no_price": 69,
            "taker_side": "no"
        },
        {
            "trade_id": "38b47206-f3b5-44aa-998c-bd9631fefb8e",
            "ticker": "KXHIGHCHI-25APR09-B42.5",
            "count": 10,
            "created_time": "2025-04-09T17:54:33.671376Z",
            "yes_price": 32,
            "no_price": 68,
            "taker_side": "no"
        },
        {
            "trade_id": "3fb3d730-8a31-485e-ac96-a8c2c9a49f5d",
            "ticker": "KXHIGHCHI-25APR09-B42.5",
            "count": 10,
            "created_time": "2025-04-09T17:37:59.363063Z",
            "yes_price": 35,
            "no_price": 65,
            "taker_side": "yes"
        },
        {
            "trade_id": "71ccbb6f-8eee-4544-8e94-e739d4fb003d",
            "ticker": "KXHIGHCHI-25APR09-B42.5",
            "count": 15,
            "created_time": "2025-04-09T17:37:59.104374Z",
            "yes_price": 35,
            "no_price": 65,
            "taker_side": "no"
        },
        {
            "trade_id": "c5988427-1532-436c-b61d-5c2403feb69f",
            "ticker": "KXHIGHCHI-25APR09-B42.5",
            "count": 18,
            "created_time": "2025-04-09T17:28:23.331222Z",
            "yes_price": 49,
            "no_price": 51,
            "taker_side": "yes"
        },
        {
            "trade_id": "a966a345-0526-41c9-b503-8d9f02215081",
            "ticker": "KXHIGHCHI-25APR09-B42.5",
            "count": 16,
            "created_time": "2025-04-09T17:28:23.331222Z",
            "yes_price": 59,
            "no_price": 41,
            "taker_side": "yes"
        },
        {
            "trade_id": "54b51a84-cf24-4a7a-8b3c-a9fbd3c3ffe7",
            "ticker": "KXHIGHCHI-25APR09-B42.5",
            "count": 15,
            "created_time": "2025-04-09T17:28:23.331222Z",
            "yes_price": 41,
            "no_price": 59,
            "taker_side": "yes"
        },
        {
            "trade_id": "3623b838-d0f0-44b9-bd86-9c25e96d0847",
            "ticker": "KXHIGHCHI-25APR09-B42.5",
            "count": 8,
            "created_time": "2025-04-09T17:28:23.331222Z",
            "yes_price": 39,
            "no_price": 61,
            "taker_side": "yes"
        },
        {
            "trade_id": "3527d44e-bc2b-4356-ae13-2ec996694b14",
            "ticker": "KXHIGHCHI-25APR09-B42.5",
            "count": 29,
            "created_time": "2025-04-09T17:28:23.331222Z",
            "yes_price": 50,
            "no_price": 50,
            "taker_side": "yes"
        },
        {
            "trade_id": "0de3a972-52df-4b57-aa84-db78cb6ca899",
            "ticker": "KXHIGHCHI-25APR09-B42.5",
            "count": 15,
            "created_time": "2025-04-09T17:28:23.331222Z",
            "yes_price": 40,
            "no_price": 60,
            "taker_side": "yes"
        },
        {
            "trade_id": "4fcffd1a-d921-4974-90a3-a44ce92c7810",
            "ticker": "KXHIGHCHI-25APR09-B42.5",
            "count": 2,
            "created_time": "2025-04-09T17:18:51.658252Z",
            "yes_price": 39,
            "no_price": 61,
            "taker_side": "yes"
        },
        {
            "trade_id": "c338951c-1f3d-4848-9576-25d051cee366",
            "ticker": "KXHIGHCHI-25APR09-B42.5",
            "count": 22,
            "created_time": "2025-04-09T17:01:08.680309Z",
            "yes_price": 34,
            "no_price": 66,
            "taker_side": "yes"
        },
        {
            "trade_id": "977585c3-a3c2-40e3-8543-dbd4a0640437",
            "ticker": "KXHIGHCHI-25APR09-B42.5",
            "count": 6,
            "created_time": "2025-04-09T17:01:08.680309Z",
            "yes_price": 34,
            "no_price": 66,
            "taker_side": "yes"
        },
        {
            "trade_id": "eeb598a3-5a88-4065-8787-12177ce55ade",
            "ticker": "KXHIGHCHI-25APR09-B42.5",
            "count": 9,
            "created_time": "2025-04-09T17:00:07.030786Z",
            "yes_price": 33,
            "no_price": 67,
            "taker_side": "yes"
        },
        {
            "trade_id": "4b027a80-d6a8-4df7-9bbb-5d4ee7a32215",
            "ticker": "KXHIGHCHI-25APR09-B42.5",
            "count": 17,
            "created_time": "2025-04-09T16:48:55.400814Z",
            "yes_price": 28,
            "no_price": 72,
            "taker_side": "yes"
        },
        {
            "trade_id": "b97975f2-e1c7-469e-b4d2-6f23e6bb5d42",
            "ticker": "KXHIGHCHI-25APR09-B42.5",
            "count": 166,
            "created_time": "2025-04-09T16:47:43.876833Z",
            "yes_price": 28,
            "no_price": 72,
            "taker_side": "yes"
        },
        {
            "trade_id": "b3a53fed-35a2-41e4-a560-f020301b1b95",
            "ticker": "KXHIGHCHI-25APR09-B42.5",
            "count": 5,
            "created_time": "2025-04-09T16:47:43.876833Z",
            "yes_price": 25,
            "no_price": 75,
            "taker_side": "yes"
        },
        {
            "trade_id": "b17460b2-70a4-4668-a8fe-49b285dea8a1",
            "ticker": "KXHIGHCHI-25APR09-B42.5",
            "count": 50,
            "created_time": "2025-04-09T16:47:43.876833Z",
            "yes_price": 27,
            "no_price": 73,
            "taker_side": "yes"
        },
        {
            "trade_id": "3888d306-fbe6-48ce-a3f6-42db3f6f5489",
            "ticker": "KXHIGHCHI-25APR09-B42.5",
            "count": 29,
            "created_time": "2025-04-09T16:47:43.876833Z",
            "yes_price": 26,
            "no_price": 74,
            "taker_side": "yes"
        },
        {
            "trade_id": "24482045-1c40-4fbd-8d2c-06840a690f90",
            "ticker": "KXHIGHCHI-25APR09-B42.5",
            "count": 3,
            "created_time": "2025-04-09T16:44:45.017999Z",
            "yes_price": 20,
            "no_price": 80,
            "taker_side": "no"
        },
        {
            "trade_id": "89fbf7b1-64e3-48d8-985f-e6209744055e",
            "ticker": "KXHIGHCHI-25APR09-B42.5",
            "count": 50,
            "created_time": "2025-04-09T16:44:37.412729Z",
            "yes_price": 20,
            "no_price": 80,
            "taker_side": "no"
        },
        {
            "trade_id": "407eab23-a51f-4a2a-a62e-0ff7d5ec59ae",
            "ticker": "KXHIGHCHI-25APR09-B42.5",
            "count": 27,
            "created_time": "2025-04-09T16:44:37.412729Z",
            "yes_price": 21,
            "no_price": 79,
            "taker_side": "no"
        },
        {
            "trade_id": "0531aec7-0d79-4e32-b0e9-f8d5bfa1e20f",
            "ticker": "KXHIGHCHI-25APR09-B42.5",
            "count": 7,
            "created_time": "2025-04-09T16:42:29.758089Z",
            "yes_price": 26,
            "no_price": 74,
            "taker_side": "yes"
        },
        {
            "trade_id": "fa4527ba-e1bf-4fd5-95ff-9be220acc5e1",
            "ticker": "KXHIGHCHI-25APR09-B42.5",
            "count": 15,
            "created_time": "2025-04-09T16:38:25.138625Z",
            "yes_price": 21,
            "no_price": 79,
            "taker_side": "no"
        },
        {
            "trade_id": "f02eb0b2-28a3-4dcb-b7f3-87be6e299c90",
            "ticker": "KXHIGHCHI-25APR09-B42.5",
            "count": 5,
            "created_time": "2025-04-09T16:38:25.138625Z",
            "yes_price": 22,
            "no_price": 78,
            "taker_side": "no"
        },
        {
            "trade_id": "89cf7681-08a8-4ea3-932e-e9f36d0862c8",
            "ticker": "KXHIGHCHI-25APR09-B42.5",
            "count": 3,
            "created_time": "2025-04-09T16:29:10.903867Z",
            "yes_price": 26,
            "no_price": 74,
            "taker_side": "yes"
        },
        {
            "trade_id": "d6b9ad21-d651-48c4-90e9-6483cf28606e",
            "ticker": "KXHIGHCHI-25APR09-B42.5",
            "count": 6,
            "created_time": "2025-04-09T16:24:19.648238Z",
            "yes_price": 26,
            "no_price": 74,
            "taker_side": "yes"
        },
        {
            "trade_id": "d7f435b4-c2ae-4876-94b6-59acc9cd159a",
            "ticker": "KXHIGHCHI-25APR09-B42.5",
            "count": 12,
            "created_time": "2025-04-09T16:23:59.427736Z",
            "yes_price": 26,
            "no_price": 74,
            "taker_side": "yes"
        },
        {
            "trade_id": "76f1bef5-1d66-4aa0-928f-f6fb74a02a71",
            "ticker": "KXHIGHCHI-25APR09-B42.5",
            "count": 54,
            "created_time": "2025-04-09T16:23:59.427736Z",
            "yes_price": 26,
            "no_price": 74,
            "taker_side": "yes"
        },
        {
            "trade_id": "c13e6e96-6933-4e7a-a9c6-3eb80859190d",
            "ticker": "KXHIGHCHI-25APR09-B42.5",
            "count": 5,
            "created_time": "2025-04-09T16:23:42.100103Z",
            "yes_price": 25,
            "no_price": 75,
            "taker_side": "yes"
        },
        {
            "trade_id": "678b2ae6-3511-4fb7-8127-7970de6f6bbc",
            "ticker": "KXHIGHCHI-25APR09-B42.5",
            "count": 12,
            "created_time": "2025-04-09T16:16:40.261074Z",
            "yes_price": 20,
            "no_price": 80,
            "taker_side": "no"
        },
        {
            "trade_id": "7154e804-0f15-4aab-a3ac-307878d580a4",
            "ticker": "KXHIGHCHI-25APR09-B42.5",
            "count": 119,
            "created_time": "2025-04-09T16:16:26.127843Z",
            "yes_price": 21,
            "no_price": 79,
            "taker_side": "no"
        },
        {
            "trade_id": "077f09de-3680-400d-bf59-e29927d9c139",
            "ticker": "KXHIGHCHI-25APR09-B42.5",
            "count": 12,
            "created_time": "2025-04-09T16:16:16.279444Z",
            "yes_price": 21,
            "no_price": 79,
            "taker_side": "no"
        },
        {
            "trade_id": "04e263a7-b829-49ef-9d82-80f3bc5fb090",
            "ticker": "KXHIGHCHI-25APR09-B42.5",
            "count": 16,
            "created_time": "2025-04-09T16:16:00.166102Z",
            "yes_price": 22,
            "no_price": 78,
            "taker_side": "no"
        },
        {
            "trade_id": "7c27bbba-f3d9-4835-a41d-2772ab257390",
            "ticker": "KXHIGHCHI-25APR09-B42.5",
            "count": 17,
            "created_time": "2025-04-09T16:15:50.875032Z",
            "yes_price": 27,
            "no_price": 73,
            "taker_side": "yes"
        },
        {
            "trade_id": "f8c6883b-6d74-4bc4-b05a-30beca973f13",
            "ticker": "KXHIGHCHI-25APR09-B42.5",
            "count": 5,
            "created_time": "2025-04-09T16:15:44.988833Z",
            "yes_price": 22,
            "no_price": 78,
            "taker_side": "no"
        },
        {
            "trade_id": "bfe645fc-2cb9-4ddf-a4a5-fbab75db3604",
            "ticker": "KXHIGHCHI-25APR09-B42.5",
            "count": 7,
            "created_time": "2025-04-09T16:15:44.988833Z",
            "yes_price": 24,
            "no_price": 76,
            "taker_side": "no"
        },
        {
            "trade_id": "88abe9e1-209b-4a7b-9737-ed790296ae98",
            "ticker": "KXHIGHCHI-25APR09-B42.5",
            "count": 5,
            "created_time": "2025-04-09T16:15:44.988833Z",
            "yes_price": 22,
            "no_price": 78,
            "taker_side": "no"
        },
        {
            "trade_id": "3fd972c7-86bf-4024-abcd-8d82542c1564",
            "ticker": "KXHIGHCHI-25APR09-B42.5",
            "count": 5,
            "created_time": "2025-04-09T16:15:44.988833Z",
            "yes_price": 23,
            "no_price": 77,
            "taker_side": "no"
        },
        {
            "trade_id": "d5c5444a-5c4a-4100-ae12-6f568d921913",
            "ticker": "KXHIGHCHI-25APR09-B42.5",
            "count": 16,
            "created_time": "2025-04-09T16:12:17.870487Z",
            "yes_price": 26,
            "no_price": 74,
            "taker_side": "yes"
        },
        {
            "trade_id": "a119504e-8953-46c3-bff1-0aeb07c53d78",
            "ticker": "KXHIGHCHI-25APR09-B42.5",
            "count": 55,
            "created_time": "2025-04-09T16:12:17.870487Z",
            "yes_price": 27,
            "no_price": 73,
            "taker_side": "yes"
        },
        {
            "trade_id": "d49ca9e4-749e-47b9-a1f5-e2c8d85d56b7",
            "ticker": "KXHIGHCHI-25APR09-B42.5",
            "count": 21,
            "created_time": "2025-04-09T15:50:01.464673Z",
            "yes_price": 20,
            "no_price": 80,
            "taker_side": "no"
        },
        {
            "trade_id": "1b8d9e3c-6f57-400a-954b-cc8d2acb2100",
            "ticker": "KXHIGHCHI-25APR09-B42.5",
            "count": 4,
            "created_time": "2025-04-09T15:47:40.003286Z",
            "yes_price": 20,
            "no_price": 80,
            "taker_side": "no"
        },
        {
            "trade_id": "dc3e0875-96f1-4e73-a675-1d54740b4433",
            "ticker": "KXHIGHCHI-25APR09-B42.5",
            "count": 37,
            "created_time": "2025-04-09T15:47:30.988136Z",
            "yes_price": 21,
            "no_price": 79,
            "taker_side": "no"
        },
        {
            "trade_id": "427fcf93-6729-4759-8995-7f55f0af1f51",
            "ticker": "KXHIGHCHI-25APR09-B42.5",
            "count": 40,
            "created_time": "2025-04-09T15:47:30.988136Z",
            "yes_price": 22,
            "no_price": 78,
            "taker_side": "no"
        },
        {
            "trade_id": "298f8192-a636-458b-af30-8525ce4f7316",
            "ticker": "KXHIGHCHI-25APR09-B42.5",
            "count": 89,
            "created_time": "2025-04-09T15:45:36.256051Z",
            "yes_price": 26,
            "no_price": 74,
            "taker_side": "yes"
        },
        {
            "trade_id": "fcaac732-50a2-4c5f-808c-3cd9a248345d",
            "ticker": "KXHIGHCHI-25APR09-B42.5",
            "count": 15,
            "created_time": "2025-04-09T15:39:47.75214Z",
            "yes_price": 26,
            "no_price": 74,
            "taker_side": "yes"
        },
        {
            "trade_id": "f7c7380e-21d6-4dc4-bf4d-98dc68bf1373",
            "ticker": "KXHIGHCHI-25APR09-B42.5",
            "count": 16,
            "created_time": "2025-04-09T15:39:36.059099Z",
            "yes_price": 24,
            "no_price": 76,
            "taker_side": "no"
        },
        {
            "trade_id": "32746631-181c-48bb-b2b9-cd939919176f",
            "ticker": "KXHIGHCHI-25APR09-B42.5",
            "count": 16,
            "created_time": "2025-04-09T15:34:41.894606Z",
            "yes_price": 27,
            "no_price": 73,
            "taker_side": "yes"
        },
        {
            "trade_id": "c4feb514-6c60-4d2e-bc6d-d44692d2e11e",
            "ticker": "KXHIGHCHI-25APR09-B42.5",
            "count": 3,
            "created_time": "2025-04-09T15:33:45.922595Z",
            "yes_price": 25,
            "no_price": 75,
            "taker_side": "yes"
        },
        {
            "trade_id": "6fd9d07e-a166-4314-bafc-b800095f0cd4",
            "ticker": "KXHIGHCHI-25APR09-B42.5",
            "count": 5,
            "created_time": "2025-04-09T15:30:50.607695Z",
            "yes_price": 26,
            "no_price": 74,
            "taker_side": "yes"
        },
        {
            "trade_id": "6def2e9e-0d85-454c-ad02-a04b46c4981a",
            "ticker": "KXHIGHCHI-25APR09-B42.5",
            "count": 35,
            "created_time": "2025-04-09T15:30:42.914648Z",
            "yes_price": 25,
            "no_price": 75,
            "taker_side": "yes"
        },
        {
            "trade_id": "be256160-17d6-437e-9b5c-1504cb9a6afc",
            "ticker": "KXHIGHCHI-25APR09-B42.5",
            "count": 5,
            "created_time": "2025-04-09T15:30:31.352494Z",
            "yes_price": 25,
            "no_price": 75,
            "taker_side": "no"
        },
        {
            "trade_id": "60abebb9-eb2f-4767-8f7f-131e7080f388",
            "ticker": "KXHIGHCHI-25APR09-B42.5",
            "count": 20,
            "created_time": "2025-04-09T15:29:24.438016Z",
            "yes_price": 26,
            "no_price": 74,
            "taker_side": "yes"
        },
        {
            "trade_id": "779c9623-4930-4f6f-abde-db9698bf122d",
            "ticker": "KXHIGHCHI-25APR09-B42.5",
            "count": 99,
            "created_time": "2025-04-09T15:25:39.303644Z",
            "yes_price": 27,
            "no_price": 73,
            "taker_side": "yes"
        },
        {
            "trade_id": "31afa3a4-d996-46d7-8191-5106fdcd2996",
            "ticker": "KXHIGHCHI-25APR09-B42.5",
            "count": 40,
            "created_time": "2025-04-09T15:24:41.213161Z",
            "yes_price": 26,
            "no_price": 74,
            "taker_side": "no"
        },
        {
            "trade_id": "f5c6dc9a-d8db-45f3-97e5-495e537dc624",
            "ticker": "KXHIGHCHI-25APR09-B42.5",
            "count": 23,
            "created_time": "2025-04-09T15:14:40.611801Z",
            "yes_price": 30,
            "no_price": 70,
            "taker_side": "yes"
        },
        {
            "trade_id": "0c0c55f5-959e-43b3-a935-960477f53630",
            "ticker": "KXHIGHCHI-25APR09-B42.5",
            "count": 16,
            "created_time": "2025-04-09T15:14:40.611801Z",
            "yes_price": 30,
            "no_price": 70,
            "taker_side": "yes"
        },
        {
            "trade_id": "fb647251-5fda-4f69-9f02-62f885b8c31f",
            "ticker": "KXHIGHCHI-25APR09-B42.5",
            "count": 18,
            "created_time": "2025-04-09T15:10:18.075198Z",
            "yes_price": 30,
            "no_price": 70,
            "taker_side": "yes"
        },
        {
            "trade_id": "676a2b92-2b9e-4585-b5f6-ca77547d913a",
            "ticker": "KXHIGHCHI-25APR09-B42.5",
            "count": 6,
            "created_time": "2025-04-09T14:49:27.575937Z",
            "yes_price": 30,
            "no_price": 70,
            "taker_side": "yes"
        },
        {
            "trade_id": "f47d212c-2f8c-4485-9aec-f49d66ebcfa6",
            "ticker": "KXHIGHCHI-25APR09-B42.5",
            "count": 5,
            "created_time": "2025-04-09T14:45:14.488557Z",
            "yes_price": 31,
            "no_price": 69,
            "taker_side": "yes"
        },
        {
            "trade_id": "d443e3f8-9d72-4868-a8ae-903d4e176a76",
            "ticker": "KXHIGHCHI-25APR09-B42.5",
            "count": 1,
            "created_time": "2025-04-09T14:45:14.488557Z",
            "yes_price": 30,
            "no_price": 70,
            "taker_side": "yes"
        },
        {
            "trade_id": "5175fbe4-d6c8-4997-9d75-bab6391d1356",
            "ticker": "KXHIGHCHI-25APR09-B42.5",
            "count": 1,
            "created_time": "2025-04-09T14:40:05.249755Z",
            "yes_price": 29,
            "no_price": 71,
            "taker_side": "yes"
        },
        {
            "trade_id": "41a6bc32-c160-488f-9097-048ece5f1d03",
            "ticker": "KXHIGHCHI-25APR09-B42.5",
            "count": 2,
            "created_time": "2025-04-09T14:40:05.249755Z",
            "yes_price": 29,
            "no_price": 71,
            "taker_side": "yes"
        },
        {
            "trade_id": "b7ff814e-c2c4-46a0-aa9e-35a35ef74328",
            "ticker": "KXHIGHCHI-25APR09-B42.5",
            "count": 1,
            "created_time": "2025-04-09T14:39:52.997179Z",
            "yes_price": 28,
            "no_price": 72,
            "taker_side": "yes"
        },
        {
            "trade_id": "dac13067-cb98-4651-a644-609c5cef30f6",
            "ticker": "KXHIGHCHI-25APR09-B42.5",
            "count": 1,
            "created_time": "2025-04-09T14:39:22.655923Z",
            "yes_price": 27,
            "no_price": 73,
            "taker_side": "yes"
        },
        {
            "trade_id": "538f1a55-92c1-4ec1-9410-6f1522856300",
            "ticker": "KXHIGHCHI-25APR09-B42.5",
            "count": 1,
            "created_time": "2025-04-09T14:39:22.655923Z",
            "yes_price": 27,
            "no_price": 73,
            "taker_side": "yes"
        },
        {
            "trade_id": "12b17112-37bd-4f80-a878-19ebdf6f8912",
            "ticker": "KXHIGHCHI-25APR09-B42.5",
            "count": 1,
            "created_time": "2025-04-09T14:38:54.779428Z",
            "yes_price": 26,
            "no_price": 74,
            "taker_side": "yes"
        },
        {
            "trade_id": "f07fb5ef-3637-4578-85ce-e7bbfd70d7af",
            "ticker": "KXHIGHCHI-25APR09-B42.5",
            "count": 6,
            "created_time": "2025-04-09T14:22:57.867366Z",
            "yes_price": 24,
            "no_price": 76,
            "taker_side": "no"
        },
        {
            "trade_id": "4b38c79d-9b87-4a93-bb6f-378c9394621b",
            "ticker": "KXHIGHCHI-25APR09-B42.5",
            "count": 3,
            "created_time": "2025-04-09T14:22:57.867366Z",
            "yes_price": 25,
            "no_price": 75,
            "taker_side": "no"
        },
        {
            "trade_id": "e921be7e-864a-490f-b34b-f352f4d194b2",
            "ticker": "KXHIGHCHI-25APR09-B42.5",
            "count": 23,
            "created_time": "2025-04-09T14:15:33.859014Z",
            "yes_price": 27,
            "no_price": 73,
            "taker_side": "no"
        },
        {
            "trade_id": "3fdcda1e-8cca-4d0f-9a64-03b560b0a83b",
            "ticker": "KXHIGHCHI-25APR09-B42.5",
            "count": 1,
            "created_time": "2025-04-09T14:15:33.859014Z",
            "yes_price": 27,
            "no_price": 73,
            "taker_side": "no"
        },
        {
            "trade_id": "65cc5c86-1e67-4ef4-b353-c122823ac50f",
            "ticker": "KXHIGHCHI-25APR09-B42.5",
            "count": 2,
            "created_time": "2025-04-09T14:12:10.482036Z",
            "yes_price": 30,
            "no_price": 70,
            "taker_side": "yes"
        },
        {
            "trade_id": "4c0a79de-bd27-49b4-8ed7-1da6cf52c377",
            "ticker": "KXHIGHCHI-25APR09-B42.5",
            "count": 1,
            "created_time": "2025-04-09T14:12:10.482036Z",
            "yes_price": 29,
            "no_price": 71,
            "taker_side": "yes"
        },
        {
            "trade_id": "1b60ca27-b729-43c6-b6df-038b7327f4e5",
            "ticker": "KXHIGHCHI-25APR09-B42.5",
            "count": 15,
            "created_time": "2025-04-09T14:11:45.30846Z",
            "yes_price": 28,
            "no_price": 72,
            "taker_side": "no"
        },
        {
            "trade_id": "849ed33d-b63d-4ad6-93d4-5d78af7ac28e",
            "ticker": "KXHIGHCHI-25APR09-B42.5",
            "count": 6,
            "created_time": "2025-04-09T14:07:12.194793Z",
            "yes_price": 30,
            "no_price": 70,
            "taker_side": "yes"
        },
        {
            "trade_id": "4e3b226e-8916-4762-9106-65712b28a1e1",
            "ticker": "KXHIGHCHI-25APR09-B42.5",
            "count": 3,
            "created_time": "2025-04-09T14:06:51.371681Z",
            "yes_price": 30,
            "no_price": 70,
            "taker_side": "yes"
        },
        {
            "trade_id": "98ccca9a-4229-4964-a4fa-672680496ec0",
            "ticker": "KXHIGHCHI-25APR09-B42.5",
            "count": 7,
            "created_time": "2025-04-09T13:39:17.74684Z",
            "yes_price": 29,
            "no_price": 71,
            "taker_side": "yes"
        },
        {
            "trade_id": "6c3d8a91-a528-4791-b655-7de3630c2204",
            "ticker": "KXHIGHCHI-25APR09-B42.5",
            "count": 2,
            "created_time": "2025-04-09T13:39:17.74684Z",
            "yes_price": 29,
            "no_price": 71,
            "taker_side": "yes"
        },
        {
            "trade_id": "df784d0f-8dcf-40fd-a436-38a5b8adb699",
            "ticker": "KXHIGHCHI-25APR09-B42.5",
            "count": 3,
            "created_time": "2025-04-09T13:38:32.897518Z",
            "yes_price": 29,
            "no_price": 71,
            "taker_side": "yes"
        },
        {
            "trade_id": "7357beb7-fa25-4eb1-9439-fa593fedffa9",
            "ticker": "KXHIGHCHI-25APR09-B42.5",
            "count": 13,
            "created_time": "2025-04-09T13:38:32.897518Z",
            "yes_price": 29,
            "no_price": 71,
            "taker_side": "yes"
        },
        {
            "trade_id": "a58faeea-6fd9-4ac8-8bbd-a1a87a7855d1",
            "ticker": "KXHIGHCHI-25APR09-B42.5",
            "count": 1,
            "created_time": "2025-04-09T13:19:32.674955Z",
            "yes_price": 28,
            "no_price": 72,
            "taker_side": "no"
        },
        {
            "trade_id": "feec7de5-785a-4ecc-8525-44d2626e4b1c",
            "ticker": "KXHIGHCHI-25APR09-B42.5",
            "count": 66,
            "created_time": "2025-04-09T13:00:39.969555Z",
            "yes_price": 28,
            "no_price": 72,
            "taker_side": "yes"
        },
        {
            "trade_id": "b5ee63e9-d1f9-47cf-89d9-3679d5c26c55",
            "ticker": "KXHIGHCHI-25APR09-B42.5",
            "count": 17,
            "created_time": "2025-04-09T13:00:39.969555Z",
            "yes_price": 29,
            "no_price": 71,
            "taker_side": "yes"
        },
        {
            "trade_id": "4ee496c4-c96a-49b1-82db-0ceb062a3ab6",
            "ticker": "KXHIGHCHI-25APR09-B42.5",
            "count": 27,
            "created_time": "2025-04-09T13:00:39.969555Z",
            "yes_price": 30,
            "no_price": 70,
            "taker_side": "yes"
        },
        {
            "trade_id": "4a4ede1f-96b2-45e2-aa16-2c9137afda9c",
            "ticker": "KXHIGHCHI-25APR09-B42.5",
            "count": 2,
            "created_time": "2025-04-09T13:00:39.969555Z",
            "yes_price": 29,
            "no_price": 71,
            "taker_side": "yes"
        },
        {
            "trade_id": "3a0f4930-997f-415e-b455-1ff1e805462d",
            "ticker": "KXHIGHCHI-25APR09-B42.5",
            "count": 50,
            "created_time": "2025-04-09T13:00:39.969555Z",
            "yes_price": 29,
            "no_price": 71,
            "taker_side": "yes"
        },
        {
            "trade_id": "0c5d81e1-3434-447b-b175-17185eb9d542",
            "ticker": "KXHIGHCHI-25APR09-B42.5",
            "count": 2,
            "created_time": "2025-04-09T13:00:39.969555Z",
            "yes_price": 29,
            "no_price": 71,
            "taker_side": "yes"
        },
        {
            "trade_id": "1aa6a80f-7ec1-453a-a558-e1707d067759",
            "ticker": "KXHIGHCHI-25APR09-B42.5",
            "count": 2,
            "created_time": "2025-04-09T12:43:57.50004Z",
            "yes_price": 28,
            "no_price": 72,
            "taker_side": "yes"
        },
        {
            "trade_id": "1009a898-0735-4f6a-b26e-546176a95057",
            "ticker": "KXHIGHCHI-25APR09-B42.5",
            "count": 8,
            "created_time": "2025-04-09T12:43:57.50004Z",
            "yes_price": 28,
            "no_price": 72,
            "taker_side": "yes"
        },
        {
            "trade_id": "d0f9c1f5-bdf5-4965-a045-85a64b7b06c0",
            "ticker": "KXHIGHCHI-25APR09-B42.5",
            "count": 2,
            "created_time": "2025-04-09T12:23:58.374774Z",
            "yes_price": 27,
            "no_price": 73,
            "taker_side": "yes"
        },
        {
            "trade_id": "c44676fb-fe72-4eb8-b165-02cb16e754df",
            "ticker": "KXHIGHCHI-25APR09-B42.5",
            "count": 1,
            "created_time": "2025-04-09T12:23:58.374774Z",
            "yes_price": 26,
            "no_price": 74,
            "taker_side": "yes"
        },
        {
            "trade_id": "58119c31-6edf-48a6-ab83-5b68dd20e768",
            "ticker": "KXHIGHCHI-25APR09-B42.5",
            "count": 28,
            "created_time": "2025-04-09T12:23:58.374774Z",
            "yes_price": 27,
            "no_price": 73,
            "taker_side": "yes"
        },
        {
            "trade_id": "28a27337-89b5-43e9-9c57-a6c7c29f2851",
            "ticker": "KXHIGHCHI-25APR09-B42.5",
            "count": 50,
            "created_time": "2025-04-09T12:23:58.374774Z",
            "yes_price": 28,
            "no_price": 72,
            "taker_side": "yes"
        },
        {
            "trade_id": "baf8e49b-f50c-4b23-8876-9d0b253ed387",
            "ticker": "KXHIGHCHI-25APR09-B42.5",
            "count": 48,
            "created_time": "2025-04-09T12:16:25.776332Z",
            "yes_price": 27,
            "no_price": 73,
            "taker_side": "yes"
        },
        {
            "trade_id": "95a83301-8101-4df3-a31f-c408d7ecafbb",
            "ticker": "KXHIGHCHI-25APR09-B42.5",
            "count": 31,
            "created_time": "2025-04-09T12:16:25.776332Z",
            "yes_price": 25,
            "no_price": 75,
            "taker_side": "yes"
        },
        {
            "trade_id": "60514dbf-5af9-46f9-bf4d-c7d430465aca",
            "ticker": "KXHIGHCHI-25APR09-B42.5",
            "count": 56,
            "created_time": "2025-04-09T12:16:25.776332Z",
            "yes_price": 25,
            "no_price": 75,
            "taker_side": "yes"
        },
        {
            "trade_id": "1e3fb9da-3cd0-40d1-b4f8-87a467db7a38",
            "ticker": "KXHIGHCHI-25APR09-B42.5",
            "count": 50,
            "created_time": "2025-04-09T12:16:25.776332Z",
            "yes_price": 25,
            "no_price": 75,
            "taker_side": "yes"
        },
        {
            "trade_id": "2d599227-4b0c-4667-870e-ad34cf5582c8",
            "ticker": "KXHIGHCHI-25APR09-B42.5",
            "count": 161,
            "created_time": "2025-04-09T12:15:21.824588Z",
            "yes_price": 25,
            "no_price": 75,
            "taker_side": "no"
        },
        {
            "trade_id": "2619e028-648b-4587-899e-f07a0460f913",
            "ticker": "KXHIGHCHI-25APR09-B42.5",
            "count": 18,
            "created_time": "2025-04-09T12:15:21.824588Z",
            "yes_price": 25,
            "no_price": 75,
            "taker_side": "no"
        },
        {
            "trade_id": "08aafbc4-0c34-4f8a-8239-d9e660fe01f7",
            "ticker": "KXHIGHCHI-25APR09-B42.5",
            "count": 55,
            "created_time": "2025-04-09T12:15:21.762183Z",
            "yes_price": 25,
            "no_price": 75,
            "taker_side": "no"
        },
        {
            "trade_id": "cac12771-519f-4561-9923-235d8193c311",
            "ticker": "KXHIGHCHI-25APR09-B42.5",
            "count": 130,
            "created_time": "2025-04-09T12:15:03.379249Z",
            "yes_price": 28,
            "no_price": 72,
            "taker_side": "yes"
        },
        {
            "trade_id": "8692d844-183e-4a1b-9162-84a1829cd09a",
            "ticker": "KXHIGHCHI-25APR09-B42.5",
            "count": 114,
            "created_time": "2025-04-09T12:15:03.379249Z",
            "yes_price": 26,
            "no_price": 74,
            "taker_side": "yes"
        },
        {
            "trade_id": "236f64e6-6fee-4dcf-a524-abbdf8e5f64e",
            "ticker": "KXHIGHCHI-25APR09-B42.5",
            "count": 16,
            "created_time": "2025-04-09T12:15:03.379249Z",
            "yes_price": 28,
            "no_price": 72,
            "taker_side": "yes"
        },
        {
            "trade_id": "a613435c-bbf6-4539-bc42-ee07572d927b",
            "ticker": "KXHIGHCHI-25APR09-B42.5",
            "count": 240,
            "created_time": "2025-04-09T12:14:32.960475Z",
            "yes_price": 25,
            "no_price": 75,
            "taker_side": "yes"
        },
        {
            "trade_id": "4d4c1096-2ac1-4cdc-8628-8cfd397bf9ee",
            "ticker": "KXHIGHCHI-25APR09-B42.5",
            "count": 44,
            "created_time": "2025-04-09T12:14:32.960475Z",
            "yes_price": 23,
            "no_price": 77,
            "taker_side": "yes"
        },
        {
            "trade_id": "4f510c42-9fa8-4aa8-b86d-3f9deb09f5a2",
            "ticker": "KXHIGHCHI-25APR09-B42.5",
            "count": 2,
            "created_time": "2025-04-09T12:02:33.784334Z",
            "yes_price": 23,
            "no_price": 77,
            "taker_side": "yes"
        },
        {
            "trade_id": "ad5813a4-ae69-4277-a9ce-073bd941236e",
            "ticker": "KXHIGHCHI-25APR09-B42.5",
            "count": 2,
            "created_time": "2025-04-09T12:00:33.331898Z",
            "yes_price": 25,
            "no_price": 75,
            "taker_side": "no"
        },
        {
            "trade_id": "2ad25574-ef12-4705-9298-0dfd4209d59f",
            "ticker": "KXHIGHCHI-25APR09-B42.5",
            "count": 33,
            "created_time": "2025-04-09T12:00:33.331898Z",
            "yes_price": 25,
            "no_price": 75,
            "taker_side": "no"
        },
        {
            "trade_id": "52939b9e-84ed-451a-9bb9-3b9d3f91f214",
            "ticker": "KXHIGHCHI-25APR09-B42.5",
            "count": 240,
            "created_time": "2025-04-09T12:00:33.294332Z",
            "yes_price": 25,
            "no_price": 75,
            "taker_side": "no"
        },
        {
            "trade_id": "af161bed-917f-4b13-9601-31e575893ee3",
            "ticker": "KXHIGHCHI-25APR09-B42.5",
            "count": 2,
            "created_time": "2025-04-09T12:00:33.210896Z",
            "yes_price": 28,
            "no_price": 72,
            "taker_side": "no"
        },
        {
            "trade_id": "7b6c604e-dc40-40ef-96f3-4553b2881e97",
            "ticker": "KXHIGHCHI-25APR09-B42.5",
            "count": 1,
            "created_time": "2025-04-09T12:00:33.210896Z",
            "yes_price": 27,
            "no_price": 73,
            "taker_side": "no"
        },
        {
            "trade_id": "33e01c27-0eea-4916-baca-3c0b8c0797aa",
            "ticker": "KXHIGHCHI-25APR09-B42.5",
            "count": 24,
            "created_time": "2025-04-09T12:00:33.210896Z",
            "yes_price": 25,
            "no_price": 75,
            "taker_side": "no"
        },
        {
            "trade_id": "17f313c7-d613-4bef-bf89-21e81e5b97b6",
            "ticker": "KXHIGHCHI-25APR09-B42.5",
            "count": 2,
            "created_time": "2025-04-09T12:00:33.210896Z",
            "yes_price": 26,
            "no_price": 74,
            "taker_side": "no"
        },
        {
            "trade_id": "71bd7c0b-ef09-40bb-929b-85566a63c3b1",
            "ticker": "KXHIGHCHI-25APR09-B42.5",
            "count": 17,
            "created_time": "2025-04-09T06:41:26.952022Z",
            "yes_price": 32,
            "no_price": 68,
            "taker_side": "no"
        },
        {
            "trade_id": "52705b5b-d3cb-4f9d-be35-f4eb75fba255",
            "ticker": "KXHIGHCHI-25APR09-B42.5",
            "count": 1,
            "created_time": "2025-04-09T06:10:41.767665Z",
            "yes_price": 33,
            "no_price": 67,
            "taker_side": "yes"
        },
        {
            "trade_id": "b8603ad1-cbd6-4cee-bd50-0961972e692e",
            "ticker": "KXHIGHCHI-25APR09-B42.5",
            "count": 11,
            "created_time": "2025-04-09T06:10:35.156407Z",
            "yes_price": 25,
            "no_price": 75,
            "taker_side": "no"
        },
        {
            "trade_id": "45aaba8e-3a14-4e8b-839d-7d7a1f7622d2",
            "ticker": "KXHIGHCHI-25APR09-B42.5",
            "count": 1,
            "created_time": "2025-04-09T06:10:26.795289Z",
            "yes_price": 26,
            "no_price": 74,
            "taker_side": "no"
        },
        {
            "trade_id": "dfee6828-c6c6-4e09-ba0d-6923e64c4b17",
            "ticker": "KXHIGHCHI-25APR09-B42.5",
            "count": 3,
            "created_time": "2025-04-09T06:09:57.312978Z",
            "yes_price": 32,
            "no_price": 68,
            "taker_side": "yes"
        },
        {
            "trade_id": "1e3c566d-11d2-4d8d-87de-7b6ba3e5ae04",
            "ticker": "KXHIGHCHI-25APR09-B42.5",
            "count": 1,
            "created_time": "2025-04-09T06:09:42.272579Z",
            "yes_price": 27,
            "no_price": 73,
            "taker_side": "no"
        },
        {
            "trade_id": "9ebe99b6-d287-4b6f-9bff-4645efaccc93",
            "ticker": "KXHIGHCHI-25APR09-B42.5",
            "count": 2,
            "created_time": "2025-04-09T06:09:34.852615Z",
            "yes_price": 28,
            "no_price": 72,
            "taker_side": "no"
        },
        {
            "trade_id": "31b7dcba-132c-4b39-a2e5-0eeea39c49d0",
            "ticker": "KXHIGHCHI-25APR09-B42.5",
            "count": 1,
            "created_time": "2025-04-09T06:04:28.352847Z",
            "yes_price": 29,
            "no_price": 71,
            "taker_side": "no"
        },
        {
            "trade_id": "5925cdee-3e6a-4cf5-b924-a6c129ebac26",
            "ticker": "KXHIGHCHI-25APR09-B42.5",
            "count": 1,
            "created_time": "2025-04-09T05:34:25.670414Z",
            "yes_price": 30,
            "no_price": 70,
            "taker_side": "no"
        },
        {
            "trade_id": "553faa71-bb3a-4139-b99c-88ba9e07eba1",
            "ticker": "KXHIGHCHI-25APR09-B42.5",
            "count": 2,
            "created_time": "2025-04-09T05:23:23.489052Z",
            "yes_price": 31,
            "no_price": 69,
            "taker_side": "no"
        },
        {
            "trade_id": "91ae93f0-c29d-4deb-a74e-0a54d0b7107a",
            "ticker": "KXHIGHCHI-25APR09-B42.5",
            "count": 10,
            "created_time": "2025-04-09T05:22:36.266151Z",
            "yes_price": 33,
            "no_price": 67,
            "taker_side": "yes"
        },
        {
            "trade_id": "f0497c5c-3d74-4cd7-9acd-acfb501198de",
            "ticker": "KXHIGHCHI-25APR09-B42.5",
            "count": 1,
            "created_time": "2025-04-09T05:21:29.420796Z",
            "yes_price": 33,
            "no_price": 67,
            "taker_side": "yes"
        },
        {
            "trade_id": "31b079dd-84de-4960-aa38-1333939e3856",
            "ticker": "KXHIGHCHI-25APR09-B42.5",
            "count": 1,
            "created_time": "2025-04-09T05:21:22.170364Z",
            "yes_price": 33,
            "no_price": 67,
            "taker_side": "yes"
        },
        {
            "trade_id": "7437f6eb-03cd-42e8-a042-5621688f3096",
            "ticker": "KXHIGHCHI-25APR09-B42.5",
            "count": 5,
            "created_time": "2025-04-09T05:21:01.985423Z",
            "yes_price": 32,
            "no_price": 68,
            "taker_side": "yes"
        },
        {
            "trade_id": "3e1ef644-0661-47a6-898b-9956017e344f",
            "ticker": "KXHIGHCHI-25APR09-B42.5",
            "count": 2,
            "created_time": "2025-04-09T05:19:53.141206Z",
            "yes_price": 32,
            "no_price": 68,
            "taker_side": "yes"
        },
        {
            "trade_id": "7b997026-560e-4fe4-ac2b-5d5581d68760",
            "ticker": "KXHIGHCHI-25APR09-B42.5",
            "count": 2,
            "created_time": "2025-04-09T05:19:25.887433Z",
            "yes_price": 28,
            "no_price": 72,
            "taker_side": "no"
        },
        {
            "trade_id": "2492852f-4467-4607-8993-8b1d38a2a1f8",
            "ticker": "KXHIGHCHI-25APR09-B42.5",
            "count": 1,
            "created_time": "2025-04-09T05:19:18.149981Z",
            "yes_price": 29,
            "no_price": 71,
            "taker_side": "no"
        },
        {
            "trade_id": "d1b63427-7845-4d54-b950-0aa8297fc5b6",
            "ticker": "KXHIGHCHI-25APR09-B42.5",
            "count": 7,
            "created_time": "2025-04-09T05:18:26.174906Z",
            "yes_price": 31,
            "no_price": 69,
            "taker_side": "yes"
        },
        {
            "trade_id": "f4f9b3d0-e73e-40a4-9aea-18253121a198",
            "ticker": "KXHIGHCHI-25APR09-B42.5",
            "count": 5,
            "created_time": "2025-04-09T04:53:54.190347Z",
            "yes_price": 28,
            "no_price": 72,
            "taker_side": "no"
        },
        {
            "trade_id": "8b846b60-a5dd-4fdb-a805-644b4be44781",
            "ticker": "KXHIGHCHI-25APR09-B42.5",
            "count": 6,
            "created_time": "2025-04-09T04:44:09.912845Z",
            "yes_price": 32,
            "no_price": 68,
            "taker_side": "yes"
        },
        {
            "trade_id": "a0a265ef-15f8-4b58-97cf-13695cabb9d5",
            "ticker": "KXHIGHCHI-25APR09-B42.5",
            "count": 5,
            "created_time": "2025-04-09T04:43:45.152373Z",
            "yes_price": 31,
            "no_price": 69,
            "taker_side": "yes"
        },
        {
            "trade_id": "a700b574-59f7-4f55-93d7-9371a4875897",
            "ticker": "KXHIGHCHI-25APR09-B42.5",
            "count": 2,
            "created_time": "2025-04-09T04:35:05.147782Z",
            "yes_price": 28,
            "no_price": 72,
            "taker_side": "yes"
        },
        {
            "trade_id": "e6d47807-ba0d-44cc-86b5-889650d2f1aa",
            "ticker": "KXHIGHCHI-25APR09-B42.5",
            "count": 19,
            "created_time": "2025-04-09T04:34:56.584473Z",
            "yes_price": 27,
            "no_price": 73,
            "taker_side": "yes"
        },
        {
            "trade_id": "bc2044c7-6841-47c3-8448-72f6567f41c1",
            "ticker": "KXHIGHCHI-25APR09-B42.5",
            "count": 5,
            "created_time": "2025-04-09T04:34:56.584473Z",
            "yes_price": 27,
            "no_price": 73,
            "taker_side": "yes"
        },
        {
            "trade_id": "3771d67b-faba-46d5-81dd-d42b3a48018e",
            "ticker": "KXHIGHCHI-25APR09-B42.5",
            "count": 17,
            "created_time": "2025-04-09T04:20:11.9809Z",
            "yes_price": 27,
            "no_price": 73,
            "taker_side": "no"
        },
        {
            "trade_id": "96b62f46-3c09-4097-9438-1b2d0df74ba4",
            "ticker": "KXHIGHCHI-25APR09-B42.5",
            "count": 29,
            "created_time": "2025-04-09T04:20:10.75737Z",
            "yes_price": 27,
            "no_price": 73,
            "taker_side": "no"
        },
        {
            "trade_id": "8cd7b8b8-a716-47e8-af45-5082ad27c23e",
            "ticker": "KXHIGHCHI-25APR09-B42.5",
            "count": 4,
            "created_time": "2025-04-09T04:20:10.75737Z",
            "yes_price": 27,
            "no_price": 73,
            "taker_side": "no"
        },
        {
            "trade_id": "42d49bfb-1fa8-4510-9a06-b71b345156b4",
            "ticker": "KXHIGHCHI-25APR09-B42.5",
            "count": 1,
            "created_time": "2025-04-09T04:12:35.611993Z",
            "yes_price": 27,
            "no_price": 73,
            "taker_side": "no"
        },
        {
            "trade_id": "3fb90689-5a09-4625-9c09-89c34f7c283c",
            "ticker": "KXHIGHCHI-25APR09-B42.5",
            "count": 1,
            "created_time": "2025-04-09T04:12:35.595529Z",
            "yes_price": 29,
            "no_price": 71,
            "taker_side": "no"
        },
        {
            "trade_id": "703da0f7-7a01-4d2c-aec5-4179e8f9653c",
            "ticker": "KXHIGHCHI-25APR09-B42.5",
            "count": 5,
            "created_time": "2025-04-09T04:07:56.732743Z",
            "yes_price": 28,
            "no_price": 72,
            "taker_side": "no"
        },
        {
            "trade_id": "7e698125-3041-447b-b280-54e9a16acdb1",
            "ticker": "KXHIGHCHI-25APR09-B42.5",
            "count": 5,
            "created_time": "2025-04-09T03:50:47.087824Z",
            "yes_price": 28,
            "no_price": 72,
            "taker_side": "no"
        },
        {
            "trade_id": "0be2e209-dfdd-4a02-92fe-88efc7626585",
            "ticker": "KXHIGHCHI-25APR09-B42.5",
            "count": 12,
            "created_time": "2025-04-09T03:10:24.355286Z",
            "yes_price": 35,
            "no_price": 65,
            "taker_side": "yes"
        },
        {
            "trade_id": "a3579a98-918a-4e3f-aedf-a3d406c1f126",
            "ticker": "KXHIGHCHI-25APR09-B42.5",
            "count": 9,
            "created_time": "2025-04-09T02:01:12.088072Z",
            "yes_price": 27,
            "no_price": 73,
            "taker_side": "no"
        },
        {
            "trade_id": "657397c8-00d2-4ce7-9b84-075bb6b95ceb",
            "ticker": "KXHIGHCHI-25APR09-B42.5",
            "count": 15,
            "created_time": "2025-04-09T02:01:12.088072Z",
            "yes_price": 26,
            "no_price": 74,
            "taker_side": "no"
        },
        {
            "trade_id": "3177e7fc-43ef-4002-b980-c2e171c64554",
            "ticker": "KXHIGHCHI-25APR09-B42.5",
            "count": 25,
            "created_time": "2025-04-09T02:01:12.088072Z",
            "yes_price": 26,
            "no_price": 74,
            "taker_side": "no"
        },
        {
            "trade_id": "1e1438bd-9eef-4cd4-a840-21a47d3da8c4",
            "ticker": "KXHIGHCHI-25APR09-B42.5",
            "count": 82,
            "created_time": "2025-04-09T02:01:12.088072Z",
            "yes_price": 25,
            "no_price": 75,
            "taker_side": "no"
        },
        {
            "trade_id": "674e03ad-fc14-4aa1-9e7b-2347d24f32f8",
            "ticker": "KXHIGHCHI-25APR09-B42.5",
            "count": 10,
            "created_time": "2025-04-09T01:32:07.447585Z",
            "yes_price": 45,
            "no_price": 55,
            "taker_side": "yes"
        },
        {
            "trade_id": "bcab9dc8-9bbe-4cfe-88d5-426e730eab45",
            "ticker": "KXHIGHCHI-25APR09-B42.5",
            "count": 19,
            "created_time": "2025-04-09T01:31:05.84371Z",
            "yes_price": 44,
            "no_price": 56,
            "taker_side": "yes"
        },
        {
            "trade_id": "88116368-4b86-40b2-bcaf-841a849bc7b3",
            "ticker": "KXHIGHCHI-25APR09-B42.5",
            "count": 5,
            "created_time": "2025-04-09T01:31:05.84371Z",
            "yes_price": 45,
            "no_price": 55,
            "taker_side": "yes"
        },
        {
            "trade_id": "678d70e5-6a1c-4042-a67f-d828d4dbe644",
            "ticker": "KXHIGHCHI-25APR09-B42.5",
            "count": 15,
            "created_time": "2025-04-09T01:31:05.84371Z",
            "yes_price": 38,
            "no_price": 62,
            "taker_side": "yes"
        },
        {
            "trade_id": "644a35ea-fe9f-4989-8b1c-a253a514b345",
            "ticker": "KXHIGHCHI-25APR09-B42.5",
            "count": 51,
            "created_time": "2025-04-09T01:31:05.84371Z",
            "yes_price": 32,
            "no_price": 68,
            "taker_side": "yes"
        },
        {
            "trade_id": "5f2f28a1-5479-49e5-8b9a-39b03d934f0c",
            "ticker": "KXHIGHCHI-25APR09-B42.5",
            "count": 13,
            "created_time": "2025-04-09T01:31:05.84371Z",
            "yes_price": 32,
            "no_price": 68,
            "taker_side": "yes"
        },
        {
            "trade_id": "52182ca2-780f-487e-8706-e77722ee9513",
            "ticker": "KXHIGHCHI-25APR09-B42.5",
            "count": 1,
            "created_time": "2025-04-09T01:31:05.84371Z",
            "yes_price": 45,
            "no_price": 55,
            "taker_side": "yes"
        },
        {
            "trade_id": "445fc212-19f7-4e6b-b6b9-35959a1e7488",
            "ticker": "KXHIGHCHI-25APR09-B42.5",
            "count": 24,
            "created_time": "2025-04-09T01:31:05.84371Z",
            "yes_price": 39,
            "no_price": 61,
            "taker_side": "yes"
        },
        {
            "trade_id": "70922efd-9cb5-4c51-8627-49af0e032a80",
            "ticker": "KXHIGHCHI-25APR09-B42.5",
            "count": 3,
            "created_time": "2025-04-09T00:47:50.974265Z",
            "yes_price": 32,
            "no_price": 68,
            "taker_side": "yes"
        },
        {
            "trade_id": "6a0cb465-4cbd-403e-b05a-69682c41d255",
            "ticker": "KXHIGHCHI-25APR09-B42.5",
            "count": 12,
            "created_time": "2025-04-09T00:47:50.974265Z",
            "yes_price": 30,
            "no_price": 70,
            "taker_side": "yes"
        },
        {
            "trade_id": "e2cd5aa9-5e3b-43a1-b714-f4989df3e8ae",
            "ticker": "KXHIGHCHI-25APR09-B42.5",
            "count": 5,
            "created_time": "2025-04-09T00:00:19.413Z",
            "yes_price": 30,
            "no_price": 70,
            "taker_side": "yes"
        },
        {
            "trade_id": "ac3356af-8c24-4cb1-a784-868f53607a08",
            "ticker": "KXHIGHCHI-25APR09-B42.5",
            "count": 6,
            "created_time": "2025-04-08T23:54:37.854366Z",
            "yes_price": 28,
            "no_price": 72,
            "taker_side": "yes"
        },
        {
            "trade_id": "008f64a9-81ae-42f8-aa3a-fc67462985da",
            "ticker": "KXHIGHCHI-25APR09-B42.5",
            "count": 5,
            "created_time": "2025-04-08T23:21:06.26557Z",
            "yes_price": 27,
            "no_price": 73,
            "taker_side": "yes"
        },
        {
            "trade_id": "758964f8-cf06-47e9-a4cd-1d06a7a012a0",
            "ticker": "KXHIGHCHI-25APR09-B42.5",
            "count": 7,
            "created_time": "2025-04-08T23:19:49.827922Z",
            "yes_price": 26,
            "no_price": 74,
            "taker_side": "yes"
        },
        {
            "trade_id": "b8af7897-2d59-49d9-82a9-c463b3238987",
            "ticker": "KXHIGHCHI-25APR09-B42.5",
            "count": 11,
            "created_time": "2025-04-08T22:33:16.881372Z",
            "yes_price": 24,
            "no_price": 76,
            "taker_side": "yes"
        },
        {
            "trade_id": "0bb34657-7553-499b-8dd1-fb5efd2d4391",
            "ticker": "KXHIGHCHI-25APR09-B42.5",
            "count": 11,
            "created_time": "2025-04-08T22:10:50.599781Z",
            "yes_price": 22,
            "no_price": 78,
            "taker_side": "yes"
        },
        {
            "trade_id": "917f2d4e-33c5-485f-996a-c00d96cda73f",
            "ticker": "KXHIGHCHI-25APR09-B42.5",
            "count": 10,
            "created_time": "2025-04-08T22:09:49.569512Z",
            "yes_price": 20,
            "no_price": 80,
            "taker_side": "yes"
        },
        {
            "trade_id": "ca1b2975-2db0-4147-8ad0-2cf26a648d74",
            "ticker": "KXHIGHCHI-25APR09-B42.5",
            "count": 10,
            "created_time": "2025-04-08T21:59:55.929776Z",
            "yes_price": 18,
            "no_price": 82,
            "taker_side": "yes"
        },
        {
            "trade_id": "4e87bc1b-f09e-49ac-b046-392bd89bd729",
            "ticker": "KXHIGHCHI-25APR09-B42.5",
            "count": 10,
            "created_time": "2025-04-08T21:39:37.405417Z",
            "yes_price": 15,
            "no_price": 85,
            "taker_side": "yes"
        },
        {
            "trade_id": "7e78ee04-8d2d-4a2d-8adc-5fe854b2971a",
            "ticker": "KXHIGHCHI-25APR09-B42.5",
            "count": 11,
            "created_time": "2025-04-08T20:35:38.29949Z",
            "yes_price": 14,
            "no_price": 86,
            "taker_side": "no"
        }
    ],
    "KXHIGHCHI-25APR09-B44.5": [
        {
            "trade_id": "99cb6e4c-73f8-418d-9863-8ff310befb36",
            "ticker": "KXHIGHCHI-25APR09-B44.5",
            "count": 3,
            "created_time": "2025-04-10T04:57:19.037916Z",
            "yes_price": 99,
            "no_price": 1,
            "taker_side": "no"
        },
        {
            "trade_id": "d12d485b-7e61-4233-a3aa-c90430a90002",
            "ticker": "KXHIGHCHI-25APR09-B44.5",
            "count": 9,
            "created_time": "2025-04-10T03:11:52.61312Z",
