{
    "KXHIGHCHI-25APR26-T48": [
        {
            "trade_id": "f8fb2b23-e991-43b5-9605-0e04489e4857",
            "ticker": "KXHIGHCHI-25APR26-T48",
            "count": 100,
            "created_time": "2025-04-26T17:41:49.981127Z",
            "yes_price": 1,
            "no_price": 99,
            "taker_side": "yes"
        },
        {
            "trade_id": "81c5d390-e6f5-4e16-b199-64ace3a7bfc7",
            "ticker": "KXHIGHCHI-25APR26-T48",
            "count": 1,
            "created_time": "2025-04-26T15:39:31.324853Z",
            "yes_price": 1,
            "no_price": 99,
            "taker_side": "yes"
        },
        {
            "trade_id": "b854c10f-448e-42bb-8ecd-138220e701cd",
            "ticker": "KXHIGHCHI-25APR26-T48",
            "count": 1,
            "created_time": "2025-04-26T15:38:05.554245Z",
            "yes_price": 1,
            "no_price": 99,
            "taker_side": "yes"
        },
        {
            "trade_id": "86fe6639-75eb-483b-9ac5-d7d55d10e3d7",
            "ticker": "KXHIGHCHI-25APR26-T48",
            "count": 1,
            "created_time": "2025-04-26T15:36:33.750474Z",
            "yes_price": 1,
            "no_price": 99,
            "taker_side": "yes"
        },
        {
            "trade_id": "80772c39-f890-4a76-a7c2-92c8b809a840",
            "ticker": "KXHIGHCHI-25APR26-T48",
            "count": 1,
            "created_time": "2025-04-26T15:34:36.34107Z",
            "yes_price": 1,
            "no_price": 99,
            "taker_side": "yes"
        },
        {
            "trade_id": "43de3985-707d-4ccf-8f0a-ef84994e6e77",
            "ticker": "KXHIGHCHI-25APR26-T48",
            "count": 1,
            "created_time": "2025-04-26T14:15:39.514971Z",
            "yes_price": 1,
            "no_price": 99,
            "taker_side": "yes"
        },
        {
            "trade_id": "e5f10811-93df-4128-8cff-34d794c6b098",
            "ticker": "KXHIGHCHI-25APR26-T48",
            "count": 1402,
            "created_time": "2025-04-26T12:06:00.361168Z",
            "yes_price": 1,
            "no_price": 99,
            "taker_side": "yes"
        },
        {
            "trade_id": "fcd6c5b5-9a8c-465f-a035-e824a049c1e3",
            "ticker": "KXHIGHCHI-25APR26-T48",
            "count": 17,
            "created_time": "2025-04-26T02:36:18.939378Z",
            "yes_price": 3,
            "no_price": 97,
            "taker_side": "no"
        },
        {
            "trade_id": "d48eb577-4989-404c-8456-39305b0868b4",
            "ticker": "KXHIGHCHI-25APR26-T48",
            "count": 5,
            "created_time": "2025-04-26T02:36:18.939378Z",
            "yes_price": 2,
            "no_price": 98,
            "taker_side": "no"
        },
        {
            "trade_id": "e8f2a3b9-c6e0-424b-8190-d06f28ecd2f3",
            "ticker": "KXHIGHCHI-25APR26-T48",
            "count": 17,
            "created_time": "2025-04-26T00:43:16.453104Z",
            "yes_price": 18,
            "no_price": 82,
            "taker_side": "yes"
        },
        {
            "trade_id": "d1521b45-148b-4bd1-94d5-ecadeb76846c",
            "ticker": "KXHIGHCHI-25APR26-T48",
            "count": 10,
            "created_time": "2025-04-26T00:43:16.453104Z",
            "yes_price": 11,
            "no_price": 89,
            "taker_side": "yes"
        },
        {
            "trade_id": "a17c5718-c833-4ec7-bd43-ccea97b11f38",
            "ticker": "KXHIGHCHI-25APR26-T48",
            "count": 5,
            "created_time": "2025-04-26T00:43:16.453104Z",
            "yes_price": 1,
            "no_price": 99,
            "taker_side": "yes"
        },
        {
            "trade_id": "72f10453-742b-47b0-a446-1b9b76326094",
            "ticker": "KXHIGHCHI-25APR26-T48",
            "count": 8,
            "created_time": "2025-04-26T00:43:16.453104Z",
            "yes_price": 10,
            "no_price": 90,
            "taker_side": "yes"
        },
        {
            "trade_id": "3f8b0914-0690-4c22-8210-71cb33651983",
            "ticker": "KXHIGHCHI-25APR26-T48",
            "count": 30,
            "created_time": "2025-04-26T00:43:16.453104Z",
            "yes_price": 9,
            "no_price": 91,
            "taker_side": "yes"
        },
        {
            "trade_id": "216dfae6-eca6-4959-a5fd-e64edc668d65",
            "ticker": "KXHIGHCHI-25APR26-T48",
            "count": 9,
            "created_time": "2025-04-26T00:43:16.453104Z",
            "yes_price": 17,
            "no_price": 83,
            "taker_side": "yes"
        }
    ],
    "KXHIGHCHI-25APR26-B48.5": [
        {
            "trade_id": "66246957-6c4a-4716-86d6-adf76797f80e",
            "ticker": "KXHIGHCHI-25APR26-B48.5",
            "count": 100,
            "created_time": "2025-04-26T17:42:03.198649Z",
            "yes_price": 1,
            "no_price": 99,
            "taker_side": "yes"
        },
        {
            "trade_id": "3f6b4966-87a7-4f2f-994a-fb365a4259b0",
            "ticker": "KXHIGHCHI-25APR26-B48.5",
            "count": 2,
            "created_time": "2025-04-26T13:32:18.431144Z",
            "yes_price": 8,
            "no_price": 92,
            "taker_side": "yes"
        },
        {
            "trade_id": "3ecdb3b6-677b-4c2d-b91c-1d9d9a48f0c5",
            "ticker": "KXHIGHCHI-25APR26-B48.5",
            "count": 1,
            "created_time": "2025-04-26T13:11:49.844384Z",
            "yes_price": 8,
            "no_price": 92,
            "taker_side": "no"
        },
        {
            "trade_id": "157abd2b-5e33-4759-8066-9bb17666421a",
            "ticker": "KXHIGHCHI-25APR26-B48.5",
            "count": 9,
            "created_time": "2025-04-26T12:13:36.938209Z",
            "yes_price": 1,
            "no_price": 99,
            "taker_side": "no"
        },
        {
            "trade_id": "ac973e75-9fd6-4046-845f-13a1d975122b",
            "ticker": "KXHIGHCHI-25APR26-B48.5",
            "count": 5,
            "created_time": "2025-04-26T12:08:48.176804Z",
            "yes_price": 1,
            "no_price": 99,
            "taker_side": "no"
        },
        {
            "trade_id": "fd6b41b7-50fe-4c24-866c-5c14fa0ff5e9",
            "ticker": "KXHIGHCHI-25APR26-B48.5",
            "count": 6,
            "created_time": "2025-04-26T12:08:43.565898Z",
            "yes_price": 10,
            "no_price": 90,
            "taker_side": "yes"
        },
        {
            "trade_id": "905cd6c2-39d4-4d88-978f-4bdbb8dc1272",
            "ticker": "KXHIGHCHI-25APR26-B48.5",
            "count": 8,
            "created_time": "2025-04-26T12:08:43.565898Z",
            "yes_price": 17,
            "no_price": 83,
            "taker_side": "yes"
        },
        {
            "trade_id": "87a50b94-3983-4180-988c-28ca0d8c6ecd",
            "ticker": "KXHIGHCHI-25APR26-B48.5",
            "count": 25,
            "created_time": "2025-04-26T12:08:43.565898Z",
            "yes_price": 2,
            "no_price": 98,
            "taker_side": "yes"
        },
        {
            "trade_id": "59e02b50-4d38-4b20-8cc0-2bcfbd2fa60f",
            "ticker": "KXHIGHCHI-25APR26-B48.5",
            "count": 8,
            "created_time": "2025-04-26T12:08:43.565898Z",
            "yes_price": 11,
            "no_price": 89,
            "taker_side": "yes"
        },
        {
            "trade_id": "37dbb9a1-0ab5-4fd0-a234-3f5b81deaa92",
            "ticker": "KXHIGHCHI-25APR26-B48.5",
            "count": 7,
            "created_time": "2025-04-26T12:08:43.565898Z",
            "yes_price": 18,
            "no_price": 82,
            "taker_side": "yes"
        },
        {
            "trade_id": "4fba73da-1400-4141-9adc-897397fd09a6",
            "ticker": "KXHIGHCHI-25APR26-B48.5",
            "count": 2,
            "created_time": "2025-04-26T05:23:33.105564Z",
            "yes_price": 9,
            "no_price": 91,
            "taker_side": "no"
        },
        {
            "trade_id": "a5e4b039-72ad-4e8c-8613-335165a0558f",
            "ticker": "KXHIGHCHI-25APR26-B48.5",
            "count": 1,
            "created_time": "2025-04-26T03:57:21.694811Z",
            "yes_price": 13,
            "no_price": 87,
            "taker_side": "no"
        },
        {
            "trade_id": "6d13e1d4-5ed3-4c1d-8ab1-3281d068a2de",
            "ticker": "KXHIGHCHI-25APR26-B48.5",
            "count": 97,
            "created_time": "2025-04-26T03:56:55.999506Z",
            "yes_price": 13,
            "no_price": 87,
            "taker_side": "yes"
        },
        {
            "trade_id": "aec669c6-2533-417b-a733-3e285a5928ce",
            "ticker": "KXHIGHCHI-25APR26-B48.5",
            "count": 29,
            "created_time": "2025-04-26T01:44:35.560236Z",
            "yes_price": 10,
            "no_price": 90,
            "taker_side": "yes"
        },
        {
            "trade_id": "fd3065c3-1a5e-4bd1-ab7d-b970c159d561",
            "ticker": "KXHIGHCHI-25APR26-B48.5",
            "count": 18,
            "created_time": "2025-04-26T00:43:28.548266Z",
            "yes_price": 12,
            "no_price": 88,
            "taker_side": "yes"
        },
        {
            "trade_id": "d5029892-8935-4e4f-8395-350c6c99ec7b",
            "ticker": "KXHIGHCHI-25APR26-B48.5",
            "count": 80,
            "created_time": "2025-04-26T00:43:28.548266Z",
            "yes_price": 9,
            "no_price": 91,
            "taker_side": "yes"
        },
        {
            "trade_id": "a341e686-0e6c-42be-9984-0d07bce559d1",
            "ticker": "KXHIGHCHI-25APR26-B48.5",
            "count": 5,
            "created_time": "2025-04-26T00:37:54.656231Z",
            "yes_price": 8,
            "no_price": 92,
            "taker_side": "yes"
        },
        {
            "trade_id": "7be6a1fb-e28c-4430-84ac-3533f92ca7a0",
            "ticker": "KXHIGHCHI-25APR26-B48.5",
            "count": 20,
            "created_time": "2025-04-26T00:37:54.656231Z",
            "yes_price": 9,
            "no_price": 91,
            "taker_side": "yes"
        },
        {
            "trade_id": "f56a46a7-46c7-4903-bc85-803199a4fa8a",
            "ticker": "KXHIGHCHI-25APR26-B48.5",
            "count": 5,
            "created_time": "2025-04-25T23:57:29.661477Z",
            "yes_price": 7,
            "no_price": 93,
            "taker_side": "no"
        },
        {
            "trade_id": "93f75ddb-65d7-443c-8024-e00e7521f2ea",
            "ticker": "KXHIGHCHI-25APR26-B48.5",
            "count": 4,
            "created_time": "2025-04-25T23:57:29.661477Z",
            "yes_price": 6,
            "no_price": 94,
            "taker_side": "no"
        },
        {
            "trade_id": "d193c0ec-485e-4602-a950-618b4449a67a",
            "ticker": "KXHIGHCHI-25APR26-B48.5",
            "count": 240,
            "created_time": "2025-04-25T23:05:33.611024Z",
            "yes_price": 10,
            "no_price": 90,
            "taker_side": "yes"
        },
        {
            "trade_id": "43f6aaad-2d7d-4e17-8c5a-c628fcd4531b",
            "ticker": "KXHIGHCHI-25APR26-B48.5",
            "count": 58,
            "created_time": "2025-04-25T23:05:33.611024Z",
            "yes_price": 8,
            "no_price": 92,
            "taker_side": "yes"
        },
        {
            "trade_id": "0cc6d364-7b80-471d-b306-26047113ab17",
            "ticker": "KXHIGHCHI-25APR26-B48.5",
            "count": 11,
            "created_time": "2025-04-25T23:05:33.611024Z",
            "yes_price": 8,
            "no_price": 92,
            "taker_side": "yes"
        },
        {
            "trade_id": "b275de90-c17f-4d47-b4d0-b7cb8059caec",
            "ticker": "KXHIGHCHI-25APR26-B48.5",
            "count": 1,
            "created_time": "2025-04-25T22:40:57.681582Z",
            "yes_price": 3,
            "no_price": 97,
            "taker_side": "no"
        },
        {
            "trade_id": "1562ea93-fd26-4a8f-9307-2a315004c170",
            "ticker": "KXHIGHCHI-25APR26-B48.5",
            "count": 1,
            "created_time": "2025-04-25T22:40:49.094837Z",
            "yes_price": 3,
            "no_price": 97,
            "taker_side": "no"
        },
        {
            "trade_id": "f4b0e35a-2263-4f4e-bd92-dd79d88bc429",
            "ticker": "KXHIGHCHI-25APR26-B48.5",
            "count": 117,
            "created_time": "2025-04-25T22:38:30.5185Z",
            "yes_price": 6,
            "no_price": 94,
            "taker_side": "yes"
        },
        {
            "trade_id": "7fb600df-d14b-4cfd-b02e-c025ac11201f",
            "ticker": "KXHIGHCHI-25APR26-B48.5",
            "count": 6,
            "created_time": "2025-04-25T15:26:37.843508Z",
            "yes_price": 8,
            "no_price": 92,
            "taker_side": "yes"
        }
    ],
    "KXHIGHCHI-25APR26-B50.5": [
        {
            "trade_id": "9b3a0dc7-84d4-4f92-8f39-2e296ec25393",
            "ticker": "KXHIGHCHI-25APR26-B50.5",
            "count": 2,
            "created_time": "2025-04-27T02:56:15.264871Z",
            "yes_price": 1,
            "no_price": 99,
            "taker_side": "yes"
        },
        {
            "trade_id": "514e23a6-48d2-4efb-834f-dd0bc472852a",
            "ticker": "KXHIGHCHI-25APR26-B50.5",
            "count": 109,
            "created_time": "2025-04-26T20:47:16.721117Z",
            "yes_price": 1,
            "no_price": 99,
            "taker_side": "yes"
        },
        {
            "trade_id": "1325762f-268c-40a9-b247-44fa4c0408f4",
            "ticker": "KXHIGHCHI-25APR26-B50.5",
            "count": 16,
            "created_time": "2025-04-26T18:34:04.651938Z",
            "yes_price": 1,
            "no_price": 99,
            "taker_side": "yes"
        },
        {
            "trade_id": "8a9678d5-3e08-40d4-85f2-feefdfb10e2b",
            "ticker": "KXHIGHCHI-25APR26-B50.5",
            "count": 45,
            "created_time": "2025-04-26T17:49:32.407812Z",
            "yes_price": 1,
            "no_price": 99,
            "taker_side": "yes"
        },
        {
            "trade_id": "9cb186bc-8a10-4d00-97df-ffdbf2e5c681",
            "ticker": "KXHIGHCHI-25APR26-B50.5",
            "count": 35,
            "created_time": "2025-04-26T17:25:10.231755Z",
            "yes_price": 1,
            "no_price": 99,
            "taker_side": "yes"
        },
        {
            "trade_id": "087b0248-1035-4b84-afab-3316ec0e76a9",
            "ticker": "KXHIGHCHI-25APR26-B50.5",
            "count": 39,
            "created_time": "2025-04-26T16:55:33.360822Z",
            "yes_price": 1,
            "no_price": 99,
            "taker_side": "yes"
        },
        {
            "trade_id": "f69e7995-b072-4a84-a147-7d55236e5ecb",
            "ticker": "KXHIGHCHI-25APR26-B50.5",
            "count": 40,
            "created_time": "2025-04-26T16:55:26.560048Z",
            "yes_price": 12,
            "no_price": 88,
            "taker_side": "no"
        },
        {
            "trade_id": "f261acd8-ed37-4d64-9bca-42d5c2288e19",
            "ticker": "KXHIGHCHI-25APR26-B50.5",
            "count": 50,
            "created_time": "2025-04-26T16:55:26.560048Z",
            "yes_price": 3,
            "no_price": 97,
            "taker_side": "no"
        },
        {
            "trade_id": "9bde3213-fa2f-4717-a7df-4bda53b978f9",
            "ticker": "KXHIGHCHI-25APR26-B50.5",
            "count": 13,
            "created_time": "2025-04-26T16:55:26.560048Z",
            "yes_price": 4,
            "no_price": 96,
            "taker_side": "no"
        },
        {
            "trade_id": "95256f1c-8dc3-4a3f-a40a-54c80dd86bd4",
            "ticker": "KXHIGHCHI-25APR26-B50.5",
            "count": 150,
            "created_time": "2025-04-26T16:55:26.560048Z",
            "yes_price": 1,
            "no_price": 99,
            "taker_side": "no"
        },
        {
            "trade_id": "512e3bb4-a89d-4900-a551-7951103b693a",
            "ticker": "KXHIGHCHI-25APR26-B50.5",
            "count": 9,
            "created_time": "2025-04-26T16:55:26.560048Z",
            "yes_price": 5,
            "no_price": 95,
            "taker_side": "no"
        },
        {
            "trade_id": "4bc2118f-0758-49c5-a7fd-374730dac255",
            "ticker": "KXHIGHCHI-25APR26-B50.5",
            "count": 40,
            "created_time": "2025-04-26T16:55:26.560048Z",
            "yes_price": 4,
            "no_price": 96,
            "taker_side": "no"
        },
        {
            "trade_id": "3b3cc27d-b88c-4c85-a436-9c7a9d286f08",
            "ticker": "KXHIGHCHI-25APR26-B50.5",
            "count": 149,
            "created_time": "2025-04-26T16:55:26.560048Z",
            "yes_price": 3,
            "no_price": 97,
            "taker_side": "no"
        },
        {
            "trade_id": "234e6207-d9f0-4067-800b-019246e10c22",
            "ticker": "KXHIGHCHI-25APR26-B50.5",
            "count": 1,
            "created_time": "2025-04-26T16:55:26.560048Z",
            "yes_price": 13,
            "no_price": 87,
            "taker_side": "no"
        },
        {
            "trade_id": "ec53708a-8066-4dbd-a26c-2412578f9788",
            "ticker": "KXHIGHCHI-25APR26-B50.5",
            "count": 50,
            "created_time": "2025-04-26T16:53:31.363331Z",
            "yes_price": 12,
            "no_price": 88,
            "taker_side": "yes"
        },
        {
            "trade_id": "6b3a86ea-2e63-48ac-b48d-3c92968ac2ce",
            "ticker": "KXHIGHCHI-25APR26-B50.5",
            "count": 2,
            "created_time": "2025-04-26T16:44:30.467527Z",
            "yes_price": 13,
            "no_price": 87,
            "taker_side": "no"
        },
        {
            "trade_id": "ea1bfb9e-b6d2-47e2-be9b-bfd356a6e62d",
            "ticker": "KXHIGHCHI-25APR26-B50.5",
            "count": 3,
            "created_time": "2025-04-26T16:22:52.608091Z",
            "yes_price": 12,
            "no_price": 88,
            "taker_side": "yes"
        },
        {
            "trade_id": "c408fca2-9876-48b9-9166-373004ff7309",
            "ticker": "KXHIGHCHI-25APR26-B50.5",
            "count": 3,
            "created_time": "2025-04-26T16:22:52.608091Z",
            "yes_price": 13,
            "no_price": 87,
            "taker_side": "yes"
        },
        {
            "trade_id": "82789e4c-6357-44b6-81a1-bd7eb8fcf3fe",
            "ticker": "KXHIGHCHI-25APR26-B50.5",
            "count": 3,
            "created_time": "2025-04-26T16:22:52.608091Z",
            "yes_price": 14,
            "no_price": 86,
            "taker_side": "yes"
        },
        {
            "trade_id": "809a7001-ba79-4515-9965-da231b1afddb",
            "ticker": "KXHIGHCHI-25APR26-B50.5",
            "count": 3,
            "created_time": "2025-04-26T16:22:52.608091Z",
            "yes_price": 11,
            "no_price": 89,
            "taker_side": "yes"
        },
        {
            "trade_id": "808caa54-cb6b-4bae-8f8b-8b216f847a0b",
            "ticker": "KXHIGHCHI-25APR26-B50.5",
            "count": 15,
            "created_time": "2025-04-26T16:22:52.608091Z",
            "yes_price": 17,
            "no_price": 83,
            "taker_side": "yes"
        },
        {
            "trade_id": "1d3a94a7-79b8-4cfd-acde-2af1dff787e9",
            "ticker": "KXHIGHCHI-25APR26-B50.5",
            "count": 4,
            "created_time": "2025-04-26T16:22:52.608091Z",
            "yes_price": 15,
            "no_price": 85,
            "taker_side": "yes"
        },
        {
            "trade_id": "f9489d61-e0af-4404-a681-c25b570d5f39",
            "ticker": "KXHIGHCHI-25APR26-B50.5",
            "count": 50,
            "created_time": "2025-04-26T16:20:43.89699Z",
            "yes_price": 9,
            "no_price": 91,
            "taker_side": "no"
        },
        {
            "trade_id": "ed9e9ce8-e667-451c-96a5-ae44785d7e43",
            "ticker": "KXHIGHCHI-25APR26-B50.5",
            "count": 10,
            "created_time": "2025-04-26T16:20:43.89699Z",
            "yes_price": 8,
            "no_price": 92,
            "taker_side": "no"
        },
        {
            "trade_id": "ad20cbf2-2c8f-49d7-829c-0146a29e178f",
            "ticker": "KXHIGHCHI-25APR26-B50.5",
            "count": 2,
            "created_time": "2025-04-26T16:20:43.89699Z",
            "yes_price": 11,
            "no_price": 89,
            "taker_side": "no"
        },
        {
            "trade_id": "95c93678-67ce-43af-a6b2-f61f9d39f9ba",
            "ticker": "KXHIGHCHI-25APR26-B50.5",
            "count": 4,
            "created_time": "2025-04-26T16:20:43.89699Z",
            "yes_price": 10,
            "no_price": 90,
            "taker_side": "no"
        },
        {
            "trade_id": "635e6ed6-bfe1-4c8f-9c8c-aa1d5dfb3e86",
            "ticker": "KXHIGHCHI-25APR26-B50.5",
            "count": 41,
            "created_time": "2025-04-26T16:20:43.89699Z",
            "yes_price": 6,
            "no_price": 94,
            "taker_side": "no"
        },
        {
            "trade_id": "f230151e-60c8-42e4-9d66-b5c3e293e34f",
            "ticker": "KXHIGHCHI-25APR26-B50.5",
            "count": 50,
            "created_time": "2025-04-26T16:11:21.861994Z",
            "yes_price": 12,
            "no_price": 88,
            "taker_side": "no"
        },
        {
            "trade_id": "35fda139-61b1-4f7b-8720-cb5b76efe4f2",
            "ticker": "KXHIGHCHI-25APR26-B50.5",
            "count": 40,
            "created_time": "2025-04-26T16:11:21.861994Z",
            "yes_price": 11,
            "no_price": 89,
            "taker_side": "no"
        },
        {
            "trade_id": "2df87860-a224-45ed-b480-1c2b92e86540",
            "ticker": "KXHIGHCHI-25APR26-B50.5",
            "count": 50,
            "created_time": "2025-04-26T16:07:50.388678Z",
            "yes_price": 12,
            "no_price": 88,
            "taker_side": "no"
        },
        {
            "trade_id": "0b09e3c3-9b77-4b6a-801f-59684334547c",
            "ticker": "KXHIGHCHI-25APR26-B50.5",
            "count": 1,
            "created_time": "2025-04-26T16:07:50.388678Z",
            "yes_price": 11,
            "no_price": 89,
            "taker_side": "no"
        },
        {
            "trade_id": "d28571e2-9313-4a8d-a882-639bb9b273e3",
            "ticker": "KXHIGHCHI-25APR26-B50.5",
            "count": 3,
            "created_time": "2025-04-26T16:07:31.983365Z",
            "yes_price": 12,
            "no_price": 88,
            "taker_side": "no"
        },
        {
            "trade_id": "6c3bda9f-7922-4975-8a12-75fdb5b91020",
            "ticker": "KXHIGHCHI-25APR26-B50.5",
            "count": 11,
            "created_time": "2025-04-26T16:03:29.256523Z",
            "yes_price": 12,
            "no_price": 88,
            "taker_side": "no"
        },
        {
            "trade_id": "c2779e92-a66c-43e7-ae57-6e1910535a5e",
            "ticker": "KXHIGHCHI-25APR26-B50.5",
            "count": 10,
            "created_time": "2025-04-26T14:59:12.960143Z",
            "yes_price": 16,
            "no_price": 84,
            "taker_side": "no"
        },
        {
            "trade_id": "c7cb2b12-5cdc-4f5b-9ca7-bd8741ce8010",
            "ticker": "KXHIGHCHI-25APR26-B50.5",
            "count": 2,
            "created_time": "2025-04-26T13:47:58.268353Z",
            "yes_price": 16,
            "no_price": 84,
            "taker_side": "yes"
        },
        {
            "trade_id": "8f0bdd6c-0318-46c0-b517-57cc58796fde",
            "ticker": "KXHIGHCHI-25APR26-B50.5",
            "count": 3,
            "created_time": "2025-04-26T13:47:24.120499Z",
            "yes_price": 6,
            "no_price": 94,
            "taker_side": "no"
        },
        {
            "trade_id": "4ef025df-1928-46b3-a0c9-1ba7605a2ce2",
            "ticker": "KXHIGHCHI-25APR26-B50.5",
            "count": 2,
            "created_time": "2025-04-26T13:47:24.120499Z",
            "yes_price": 15,
            "no_price": 85,
            "taker_side": "no"
        },
        {
            "trade_id": "2c7aec00-9232-4c92-b2ee-e1905ab6b662",
            "ticker": "KXHIGHCHI-25APR26-B50.5",
            "count": 11,
            "created_time": "2025-04-26T13:47:24.120499Z",
            "yes_price": 11,
            "no_price": 89,
            "taker_side": "no"
        },
        {
            "trade_id": "75d099b3-b63d-4ed0-be14-afa568c38c3c",
            "ticker": "KXHIGHCHI-25APR26-B50.5",
            "count": 3,
            "created_time": "2025-04-26T13:45:49.171702Z",
            "yes_price": 16,
            "no_price": 84,
            "taker_side": "yes"
        },
        {
            "trade_id": "f68e663b-92f5-4cc1-ad93-645b1802a58d",
            "ticker": "KXHIGHCHI-25APR26-B50.5",
            "count": 1,
            "created_time": "2025-04-26T13:23:43.334889Z",
            "yes_price": 14,
            "no_price": 86,
            "taker_side": "no"
        },
        {
            "trade_id": "47cd8e96-0fb6-40ab-aa08-48e0dbf84394",
            "ticker": "KXHIGHCHI-25APR26-B50.5",
            "count": 2,
            "created_time": "2025-04-26T13:22:31.995439Z",
            "yes_price": 15,
            "no_price": 85,
            "taker_side": "no"
        },
        {
            "trade_id": "a74ae7be-f069-4cc8-b4e6-190ca8aad8e8",
            "ticker": "KXHIGHCHI-25APR26-B50.5",
            "count": 1,
            "created_time": "2025-04-26T13:11:49.213043Z",
            "yes_price": 16,
            "no_price": 84,
            "taker_side": "yes"
        },
        {
            "trade_id": "f5582c2d-e070-457d-b474-8436027b19e3",
            "ticker": "KXHIGHCHI-25APR26-B50.5",
            "count": 6,
            "created_time": "2025-04-26T13:08:25.336237Z",
            "yes_price": 14,
            "no_price": 86,
            "taker_side": "yes"
        },
        {
            "trade_id": "72224dd6-3ad1-4e95-8d58-de722d18c5b7",
            "ticker": "KXHIGHCHI-25APR26-B50.5",
            "count": 1,
            "created_time": "2025-04-26T12:34:59.836252Z",
            "yes_price": 17,
            "no_price": 83,
            "taker_side": "yes"
        },
        {
            "trade_id": "94928a97-7474-48e5-b8c9-87fe47ddea1d",
            "ticker": "KXHIGHCHI-25APR26-B50.5",
            "count": 1,
            "created_time": "2025-04-26T12:34:35.087158Z",
            "yes_price": 16,
            "no_price": 84,
            "taker_side": "no"
        },
        {
            "trade_id": "cd280d95-d011-4237-8f8c-bc1b9724f41c",
            "ticker": "KXHIGHCHI-25APR26-B50.5",
            "count": 1,
            "created_time": "2025-04-26T12:32:30.63733Z",
            "yes_price": 16,
            "no_price": 84,
            "taker_side": "no"
        },
        {
            "trade_id": "f223d5d9-cee6-464f-9cd0-36062950b140",
            "ticker": "KXHIGHCHI-25APR26-B50.5",
            "count": 7,
            "created_time": "2025-04-26T12:27:59.606503Z",
            "yes_price": 17,
            "no_price": 83,
            "taker_side": "no"
        },
        {
            "trade_id": "9fe940d6-14cc-4aab-bf85-ff03397c86f3",
            "ticker": "KXHIGHCHI-25APR26-B50.5",
            "count": 12,
            "created_time": "2025-04-26T12:27:59.606503Z",
            "yes_price": 16,
            "no_price": 84,
            "taker_side": "no"
        },
        {
            "trade_id": "40e2da99-6a66-4241-a133-a66e6125dad1",
            "ticker": "KXHIGHCHI-25APR26-B50.5",
            "count": 40,
            "created_time": "2025-04-26T12:27:59.606503Z",
            "yes_price": 18,
            "no_price": 82,
            "taker_side": "no"
        },
        {
            "trade_id": "c75d09d2-cb7a-4ff4-bf2b-fb55d8a9dc57",
            "ticker": "KXHIGHCHI-25APR26-B50.5",
            "count": 1,
            "created_time": "2025-04-26T12:27:02.957176Z",
            "yes_price": 16,
            "no_price": 84,
            "taker_side": "no"
        },
        {
            "trade_id": "f5a6a136-3edf-4c22-9545-cd8ba46dee98",
            "ticker": "KXHIGHCHI-25APR26-B50.5",
            "count": 3,
            "created_time": "2025-04-26T12:26:54.986718Z",
            "yes_price": 21,
            "no_price": 79,
            "taker_side": "yes"
        },
        {
            "trade_id": "caee25b5-89c7-448f-9811-decac2f9550a",
            "ticker": "KXHIGHCHI-25APR26-B50.5",
            "count": 5,
            "created_time": "2025-04-26T12:26:54.986718Z",
            "yes_price": 20,
            "no_price": 80,
            "taker_side": "yes"
        },
        {
            "trade_id": "78f7935c-e130-42a5-b2e9-ace132d4d7eb",
            "ticker": "KXHIGHCHI-25APR26-B50.5",
            "count": 29,
            "created_time": "2025-04-26T12:26:54.986718Z",
            "yes_price": 21,
            "no_price": 79,
            "taker_side": "yes"
        },
        {
            "trade_id": "634de39a-8a73-453b-9cd8-173e16ad0761",
            "ticker": "KXHIGHCHI-25APR26-B50.5",
            "count": 27,
            "created_time": "2025-04-26T12:26:54.986718Z",
            "yes_price": 21,
            "no_price": 79,
            "taker_side": "yes"
        },
        {
            "trade_id": "29365ac3-71f4-437d-8d56-9858f28988a1",
            "ticker": "KXHIGHCHI-25APR26-B50.5",
            "count": 36,
            "created_time": "2025-04-26T12:26:54.986718Z",
            "yes_price": 21,
            "no_price": 79,
            "taker_side": "yes"
        },
        {
            "trade_id": "90f3fc4d-7bdb-407a-84d3-8377e37a0357",
            "ticker": "KXHIGHCHI-25APR26-B50.5",
            "count": 5,
            "created_time": "2025-04-26T12:24:15.304098Z",
            "yes_price": 15,
            "no_price": 85,
            "taker_side": "no"
        },
        {
            "trade_id": "6ffe658c-8f40-470c-8ddb-8885558f0832",
            "ticker": "KXHIGHCHI-25APR26-B50.5",
            "count": 4,
            "created_time": "2025-04-26T12:24:15.304098Z",
            "yes_price": 14,
            "no_price": 86,
            "taker_side": "no"
        },
        {
            "trade_id": "263d20c9-762d-4f15-a0b8-d36a7a615381",
            "ticker": "KXHIGHCHI-25APR26-B50.5",
            "count": 3,
            "created_time": "2025-04-26T12:24:15.304098Z",
            "yes_price": 14,
            "no_price": 86,
            "taker_side": "no"
        },
        {
            "trade_id": "1c4710e7-daa5-43d5-8f70-5a5ba7da76af",
            "ticker": "KXHIGHCHI-25APR26-B50.5",
            "count": 23,
            "created_time": "2025-04-26T12:24:15.304098Z",
            "yes_price": 16,
            "no_price": 84,
            "taker_side": "no"
        },
        {
            "trade_id": "e107897f-79d9-4d41-a908-acc8633eec90",
            "ticker": "KXHIGHCHI-25APR26-B50.5",
            "count": 2,
            "created_time": "2025-04-26T12:15:05.5326Z",
            "yes_price": 18,
            "no_price": 82,
            "taker_side": "yes"
        },
        {
            "trade_id": "84c8e619-cb55-42cd-ab6a-4857ef988820",
            "ticker": "KXHIGHCHI-25APR26-B50.5",
            "count": 2,
            "created_time": "2025-04-26T06:54:55.388429Z",
            "yes_price": 20,
            "no_price": 80,
            "taker_side": "no"
        },
        {
            "trade_id": "418f4d6a-938f-4f2f-9eb6-6ad6f470ffee",
            "ticker": "KXHIGHCHI-25APR26-B50.5",
            "count": 18,
            "created_time": "2025-04-26T06:54:55.388429Z",
            "yes_price": 20,
            "no_price": 80,
            "taker_side": "no"
        },
        {
            "trade_id": "c2e11b43-603c-4948-a1c2-d3f95c1670af",
            "ticker": "KXHIGHCHI-25APR26-B50.5",
            "count": 44,
            "created_time": "2025-04-26T06:19:55.015517Z",
            "yes_price": 24,
            "no_price": 76,
            "taker_side": "yes"
        },
        {
            "trade_id": "9b9a8d83-5962-47ef-acf6-e4cc5b7ca74a",
            "ticker": "KXHIGHCHI-25APR26-B50.5",
            "count": 2,
            "created_time": "2025-04-26T06:19:55.015517Z",
            "yes_price": 24,
            "no_price": 76,
            "taker_side": "yes"
        },
        {
            "trade_id": "6ac190da-c00f-4a8e-8459-f7ec54ca7b0d",
            "ticker": "KXHIGHCHI-25APR26-B50.5",
            "count": 5,
            "created_time": "2025-04-26T06:19:55.015517Z",
            "yes_price": 24,
            "no_price": 76,
            "taker_side": "yes"
        },
        {
            "trade_id": "a98b8d65-14b5-4ce3-b21a-e348c6004e78",
            "ticker": "KXHIGHCHI-25APR26-B50.5",
            "count": 2,
            "created_time": "2025-04-26T05:17:57.666881Z",
            "yes_price": 18,
            "no_price": 82,
            "taker_side": "yes"
        },
        {
            "trade_id": "a2e741b7-4445-4560-8121-5f0b905eda44",
            "ticker": "KXHIGHCHI-25APR26-B50.5",
            "count": 89,
            "created_time": "2025-04-26T05:17:57.666881Z",
            "yes_price": 19,
            "no_price": 81,
            "taker_side": "yes"
        },
        {
            "trade_id": "f9f8e842-0131-4ada-985d-f7b2eda553e2",
            "ticker": "KXHIGHCHI-25APR26-B50.5",
            "count": 2,
            "created_time": "2025-04-26T04:22:04.209642Z",
            "yes_price": 17,
            "no_price": 83,
            "taker_side": "no"
        },
        {
            "trade_id": "c549c1b3-952c-4ce6-b6a5-a15be05de661",
            "ticker": "KXHIGHCHI-25APR26-B50.5",
            "count": 18,
            "created_time": "2025-04-26T04:22:04.209642Z",
            "yes_price": 17,
            "no_price": 83,
            "taker_side": "no"
        },
        {
            "trade_id": "c2e18770-c487-4655-be91-5c2e994bc0d7",
            "ticker": "KXHIGHCHI-25APR26-B50.5",
            "count": 2,
            "created_time": "2025-04-26T04:10:41.699483Z",
            "yes_price": 22,
            "no_price": 78,
            "taker_side": "yes"
        },
        {
            "trade_id": "a2d175c8-e84f-41f5-abe0-bfcb59da8062",
            "ticker": "KXHIGHCHI-25APR26-B50.5",
            "count": 107,
            "created_time": "2025-04-26T04:10:41.699483Z",
            "yes_price": 21,
            "no_price": 79,
            "taker_side": "yes"
        },
        {
            "trade_id": "562a47a3-9091-4808-bf43-fa8207ab030e",
            "ticker": "KXHIGHCHI-25APR26-B50.5",
            "count": 20,
            "created_time": "2025-04-26T02:17:21.17586Z",
            "yes_price": 25,
            "no_price": 75,
            "taker_side": "yes"
        },
        {
            "trade_id": "1feff1d0-c034-44b8-bed4-ca5e551013bb",
            "ticker": "KXHIGHCHI-25APR26-B50.5",
            "count": 35,
            "created_time": "2025-04-26T02:17:21.17586Z",
            "yes_price": 25,
            "no_price": 75,
            "taker_side": "yes"
        },
        {
            "trade_id": "5b843ec0-b783-4d14-898d-64dfdeeb009d",
            "ticker": "KXHIGHCHI-25APR26-B50.5",
            "count": 5,
            "created_time": "2025-04-26T02:16:55.857836Z",
            "yes_price": 24,
            "no_price": 76,
            "taker_side": "yes"
        },
        {
            "trade_id": "3cf9b915-f6e7-41b4-858f-ce8d15337997",
            "ticker": "KXHIGHCHI-25APR26-B50.5",
            "count": 89,
            "created_time": "2025-04-26T02:16:55.857836Z",
            "yes_price": 25,
            "no_price": 75,
            "taker_side": "yes"
        },
        {
            "trade_id": "f43588ea-e174-4dc5-a2ae-e916056dfcc0",
            "ticker": "KXHIGHCHI-25APR26-B50.5",
            "count": 33,
            "created_time": "2025-04-26T00:02:40.978818Z",
            "yes_price": 20,
            "no_price": 80,
            "taker_side": "no"
        },
        {
            "trade_id": "60ce3d02-d541-47c1-b7c8-118253deb5aa",
            "ticker": "KXHIGHCHI-25APR26-B50.5",
            "count": 12,
            "created_time": "2025-04-26T00:02:40.978818Z",
            "yes_price": 19,
            "no_price": 81,
            "taker_side": "no"
        },
        {
            "trade_id": "194ac26c-d4a3-4b40-bb16-2c0adaf66dd4",
            "ticker": "KXHIGHCHI-25APR26-B50.5",
            "count": 5,
            "created_time": "2025-04-26T00:02:40.978818Z",
            "yes_price": 20,
            "no_price": 80,
            "taker_side": "no"
        },
        {
            "trade_id": "d022f9ce-0f45-4f0a-be15-e2a1524249f5",
            "ticker": "KXHIGHCHI-25APR26-B50.5",
            "count": 20,
            "created_time": "2025-04-25T23:28:05.391702Z",
            "yes_price": 25,
            "no_price": 75,
            "taker_side": "yes"
        },
        {
            "trade_id": "327018e6-4115-4469-a036-c15cf640a7a0",
            "ticker": "KXHIGHCHI-25APR26-B50.5",
            "count": 40,
            "created_time": "2025-04-25T23:28:05.391702Z",
            "yes_price": 23,
            "no_price": 77,
            "taker_side": "yes"
        },
        {
            "trade_id": "ba67822c-beaa-47fc-91bf-dc65ac94cdc4",
            "ticker": "KXHIGHCHI-25APR26-B50.5",
            "count": 240,
            "created_time": "2025-04-25T22:38:25.448624Z",
            "yes_price": 21,
            "no_price": 79,
            "taker_side": "yes"
        },
        {
            "trade_id": "8c49ecb2-7a96-4760-ac3a-f22a1f24c9d2",
            "ticker": "KXHIGHCHI-25APR26-B50.5",
            "count": 125,
            "created_time": "2025-04-25T22:38:25.448624Z",
            "yes_price": 23,
            "no_price": 77,
            "taker_side": "yes"
        },
        {
            "trade_id": "4e14a1dd-6262-40c9-82f9-d4535b8faf0f",
            "ticker": "KXHIGHCHI-25APR26-B50.5",
            "count": 33,
            "created_time": "2025-04-25T22:38:25.448624Z",
            "yes_price": 19,
            "no_price": 81,
            "taker_side": "yes"
        },
        {
            "trade_id": "2ff11b78-02eb-44b8-b2e1-221487ff33f4",
            "ticker": "KXHIGHCHI-25APR26-B50.5",
            "count": 2,
            "created_time": "2025-04-25T22:38:25.448624Z",
            "yes_price": 19,
            "no_price": 81,
            "taker_side": "yes"
        },
        {
            "trade_id": "e5f9b681-49f2-4723-9753-5af5609eb0c6",
            "ticker": "KXHIGHCHI-25APR26-B50.5",
            "count": 6,
            "created_time": "2025-04-25T17:19:02.072726Z",
            "yes_price": 13,
            "no_price": 87,
            "taker_side": "no"
        },
        {
            "trade_id": "23c5c7ff-f661-4ae6-96c0-04fe5d920082",
            "ticker": "KXHIGHCHI-25APR26-B50.5",
            "count": 1,
            "created_time": "2025-04-25T17:19:02.072726Z",
            "yes_price": 15,
            "no_price": 85,
            "taker_side": "no"
        },
        {
            "trade_id": "ba85164c-7968-4d49-846a-db8270a83ab9",
            "ticker": "KXHIGHCHI-25APR26-B50.5",
            "count": 18,
            "created_time": "2025-04-25T17:18:36.361632Z",
            "yes_price": 15,
            "no_price": 85,
            "taker_side": "no"
        },
        {
            "trade_id": "32158324-ef1d-4aa4-a1fb-474c973f27a9",
            "ticker": "KXHIGHCHI-25APR26-B50.5",
            "count": 4,
            "created_time": "2025-04-25T15:26:44.627277Z",
            "yes_price": 18,
            "no_price": 82,
            "taker_side": "yes"
        },
        {
            "trade_id": "047e612b-f12e-4f57-b407-d3d9fcb11a91",
            "ticker": "KXHIGHCHI-25APR26-B50.5",
            "count": 1,
            "created_time": "2025-04-25T14:11:03.784754Z",
            "yes_price": 20,
            "no_price": 80,
            "taker_side": "yes"
        }
    ],
    "KXHIGHCHI-25APR26-B52.5": [
        {
            "trade_id": "be92b7d5-f70b-4565-8add-ba920b9ba2c3",
            "ticker": "KXHIGHCHI-25APR26-B52.5",
            "count": 280,
            "created_time": "2025-04-26T20:30:52.265814Z",
            "yes_price": 1,
            "no_price": 99,
            "taker_side": "yes"
        },
        {
            "trade_id": "6a8069b1-773f-4dc2-83b8-4094398c4dca",
            "ticker": "KXHIGHCHI-25APR26-B52.5",
            "count": 118,
            "created_time": "2025-04-26T19:55:32.140192Z",
            "yes_price": 1,
            "no_price": 99,
            "taker_side": "yes"
        },
        {
            "trade_id": "f86db844-c21d-4801-9f87-177abb87f893",
            "ticker": "KXHIGHCHI-25APR26-B52.5",
            "count": 4,
            "created_time": "2025-04-26T19:55:25.488009Z",
            "yes_price": 14,
            "no_price": 86,
            "taker_side": "no"
        },
        {
            "trade_id": "cb3b993b-4d05-4e61-bca5-c1f18e05d8a9",
            "ticker": "KXHIGHCHI-25APR26-B52.5",
            "count": 3,
            "created_time": "2025-04-26T19:53:00.588229Z",
            "yes_price": 14,
            "no_price": 86,
            "taker_side": "no"
        },
        {
            "trade_id": "0579f6ba-0216-4f04-a7d5-16ee6a9d78ff",
            "ticker": "KXHIGHCHI-25APR26-B52.5",
            "count": 1,
            "created_time": "2025-04-26T19:49:40.334312Z",
            "yes_price": 24,
            "no_price": 76,
            "taker_side": "yes"
        },
        {
            "trade_id": "c4ddd21e-9624-4be3-97b6-04286ea4753b",
            "ticker": "KXHIGHCHI-25APR26-B52.5",
            "count": 22,
            "created_time": "2025-04-26T19:10:10.193984Z",
            "yes_price": 5,
            "no_price": 95,
            "taker_side": "yes"
        },
        {
            "trade_id": "9dac43d4-064a-4d35-ae46-ffca208acbba",
            "ticker": "KXHIGHCHI-25APR26-B52.5",
            "count": 50,
            "created_time": "2025-04-26T19:10:10.193984Z",
            "yes_price": 6,
            "no_price": 94,
            "taker_side": "yes"
        },
        {
            "trade_id": "d556b69c-3369-4e8f-888b-bdd98daa6125",
            "ticker": "KXHIGHCHI-25APR26-B52.5",
            "count": 50,
            "created_time": "2025-04-26T19:06:10.624604Z",
            "yes_price": 5,
            "no_price": 95,
            "taker_side": "no"
        },
        {
            "trade_id": "dce57151-6103-4d9d-a5e8-872103678ab3",
            "ticker": "KXHIGHCHI-25APR26-B52.5",
            "count": 50,
            "created_time": "2025-04-26T19:04:16.160241Z",
            "yes_price": 9,
            "no_price": 91,
            "taker_side": "no"
        },
        {
            "trade_id": "4fc6c6a7-9264-446e-a5f4-1be509bff781",
            "ticker": "KXHIGHCHI-25APR26-B52.5",
            "count": 34,
            "created_time": "2025-04-26T19:04:16.160241Z",
            "yes_price": 7,
            "no_price": 93,
            "taker_side": "no"
        },
        {
            "trade_id": "3738b997-2af5-47de-9b43-b0363d594d7d",
            "ticker": "KXHIGHCHI-25APR26-B52.5",
            "count": 16,
            "created_time": "2025-04-26T19:04:16.160241Z",
            "yes_price": 11,
            "no_price": 89,
            "taker_side": "no"
        },
        {
            "trade_id": "ee00bee9-7e17-4888-a6af-5235d7f303dc",
            "ticker": "KXHIGHCHI-25APR26-B52.5",
            "count": 100,
            "created_time": "2025-04-26T19:02:09.294783Z",
            "yes_price": 14,
            "no_price": 86,
            "taker_side": "yes"
        },
        {
            "trade_id": "741c8d78-ef4f-4b13-ade0-58f566776644",
            "ticker": "KXHIGHCHI-25APR26-B52.5",
            "count": 25,
            "created_time": "2025-04-26T18:56:06.281508Z",
            "yes_price": 14,
            "no_price": 86,
            "taker_side": "yes"
        },
        {
            "trade_id": "ba055e1a-ef05-4b3b-8e79-d7e90cb22f53",
            "ticker": "KXHIGHCHI-25APR26-B52.5",
            "count": 12,
            "created_time": "2025-04-26T18:44:00.915342Z",
            "yes_price": 11,
            "no_price": 89,
            "taker_side": "no"
        },
        {
            "trade_id": "8b130f27-7cf7-4c7d-8cf7-8f30772d0286",
            "ticker": "KXHIGHCHI-25APR26-B52.5",
            "count": 50,
            "created_time": "2025-04-26T18:44:00.915342Z",
            "yes_price": 14,
            "no_price": 86,
            "taker_side": "no"
        },
        {
            "trade_id": "5b39964a-5c66-44b0-a2cf-0a081bdd8e01",
            "ticker": "KXHIGHCHI-25APR26-B52.5",
            "count": 16,
            "created_time": "2025-04-26T18:44:00.915342Z",
            "yes_price": 12,
            "no_price": 88,
            "taker_side": "no"
        },
        {
            "trade_id": "3b8d08e0-b3ee-4daf-9905-3cb4485bd997",
            "ticker": "KXHIGHCHI-25APR26-B52.5",
            "count": 112,
            "created_time": "2025-04-26T18:44:00.915342Z",
            "yes_price": 10,
            "no_price": 90,
            "taker_side": "no"
        },
        {
            "trade_id": "002b022a-438a-4308-a5b6-573bf129f3de",
            "ticker": "KXHIGHCHI-25APR26-B52.5",
            "count": 10,
            "created_time": "2025-04-26T18:44:00.915342Z",
            "yes_price": 13,
            "no_price": 87,
            "taker_side": "no"
        },
        {
            "trade_id": "c210db7f-2953-4c24-bdeb-78053790fb43",
            "ticker": "KXHIGHCHI-25APR26-B52.5",
            "count": 7,
            "created_time": "2025-04-26T18:35:42.537506Z",
            "yes_price": 9,
            "no_price": 91,
            "taker_side": "no"
        },
        {
            "trade_id": "a48f75fb-e2f3-4e31-b69b-4ce97829dea6",
            "ticker": "KXHIGHCHI-25APR26-B52.5",
            "count": 23,
            "created_time": "2025-04-26T18:35:42.537506Z",
            "yes_price": 9,
            "no_price": 91,
            "taker_side": "no"
        },
        {
            "trade_id": "814228fe-7061-4088-862b-d0f72cf4adf1",
            "ticker": "KXHIGHCHI-25APR26-B52.5",
            "count": 15,
            "created_time": "2025-04-26T18:35:32.25015Z",
            "yes_price": 9,
            "no_price": 91,
            "taker_side": "yes"
        },
        {
            "trade_id": "369fe419-c66a-42ce-bd38-053349e9c9a9",
            "ticker": "KXHIGHCHI-25APR26-B52.5",
            "count": 17,
            "created_time": "2025-04-26T18:31:48.250593Z",
            "yes_price": 15,
            "no_price": 85,
            "taker_side": "no"
        },
        {
            "trade_id": "63238fae-3eb2-4125-a546-1f0bd2430e1a",
            "ticker": "KXHIGHCHI-25APR26-B52.5",
            "count": 17,
            "created_time": "2025-04-26T18:31:23.351387Z",
            "yes_price": 16,
            "no_price": 84,
            "taker_side": "no"
        },
        {
            "trade_id": "64209859-f1f1-47eb-b69b-992b06de3da2",
            "ticker": "KXHIGHCHI-25APR26-B52.5",
            "count": 19,
            "created_time": "2025-04-26T18:30:31.031268Z",
            "yes_price": 18,
            "no_price": 82,
            "taker_side": "no"
        },
        {
            "trade_id": "7539648f-cacf-4c0e-a5d0-1c6cc78f7cae",
            "ticker": "KXHIGHCHI-25APR26-B52.5",
            "count": 50,
            "created_time": "2025-04-26T18:29:43.745694Z",
            "yes_price": 20,
            "no_price": 80,
            "taker_side": "no"
        },
        {
            "trade_id": "83d6a706-0060-4109-aa6a-78179f5a91c5",
            "ticker": "KXHIGHCHI-25APR26-B52.5",
            "count": 15,
            "created_time": "2025-04-26T18:08:03.576879Z",
            "yes_price": 22,
            "no_price": 78,
            "taker_side": "no"
        },
        {
            "trade_id": "7ae9c345-c0fb-4927-b8b9-86a73d6503ce",
            "ticker": "KXHIGHCHI-25APR26-B52.5",
            "count": 12,
            "created_time": "2025-04-26T18:08:03.576879Z",
            "yes_price": 20,
            "no_price": 80,
            "taker_side": "no"
        },
        {
            "trade_id": "13d89c5c-9a17-4d4c-a544-97d634469b58",
            "ticker": "KXHIGHCHI-25APR26-B52.5",
            "count": 200,
            "created_time": "2025-04-26T18:08:03.576879Z",
            "yes_price": 21,
            "no_price": 79,
            "taker_side": "no"
        },
        {
            "trade_id": "bb7ae990-2f59-4270-ba01-4317bc0d82a0",
            "ticker": "KXHIGHCHI-25APR26-B52.5",
            "count": 18,
            "created_time": "2025-04-26T18:05:59.549198Z",
            "yes_price": 20,
            "no_price": 80,
            "taker_side": "yes"
        },
        {
            "trade_id": "7bfdbcc3-29e4-4e41-af45-9cdc06d6b8f9",
            "ticker": "KXHIGHCHI-25APR26-B52.5",
            "count": 12,
            "created_time": "2025-04-26T18:03:26.201423Z",
            "yes_price": 19,
            "no_price": 81,
            "taker_side": "yes"
        },
        {
            "trade_id": "2003c2f7-7ae5-458c-ad59-4424c661ef39",
            "ticker": "KXHIGHCHI-25APR26-B52.5",
            "count": 40,
            "created_time": "2025-04-26T18:02:40.767486Z",
            "yes_price": 19,
            "no_price": 81,
            "taker_side": "yes"
        },
        {
            "trade_id": "8bb23d76-ea37-4cab-9e20-3b2f46bb506b",
            "ticker": "KXHIGHCHI-25APR26-B52.5",
            "count": 25,
            "created_time": "2025-04-26T18:00:46.044565Z",
            "yes_price": 10,
            "no_price": 90,
            "taker_side": "yes"
        },
        {
            "trade_id": "6436f6c3-433a-46d6-bec2-4eb0306df128",
            "ticker": "KXHIGHCHI-25APR26-B52.5",
            "count": 1,
            "created_time": "2025-04-26T17:59:18.132239Z",
            "yes_price": 12,
            "no_price": 88,
            "taker_side": "yes"
        },
        {
            "trade_id": "07c0804c-3fab-4f99-89f6-1ddd0d353b54",
            "ticker": "KXHIGHCHI-25APR26-B52.5",
            "count": 25,
            "created_time": "2025-04-26T17:59:18.132239Z",
            "yes_price": 13,
            "no_price": 87,
            "taker_side": "yes"
        },
        {
            "trade_id": "fec88fb4-4034-4719-b81a-843d2bd88bb7",
            "ticker": "KXHIGHCHI-25APR26-B52.5",
            "count": 50,
            "created_time": "2025-04-26T17:58:52.857303Z",
            "yes_price": 20,
            "no_price": 80,
            "taker_side": "no"
        },
        {
            "trade_id": "e755c98a-140b-411f-9af9-c05b620a4f4e",
            "ticker": "KXHIGHCHI-25APR26-B52.5",
            "count": 12,
            "created_time": "2025-04-26T17:58:52.857303Z",
            "yes_price": 11,
            "no_price": 89,
            "taker_side": "no"
        },
        {
            "trade_id": "ddb99c3a-c967-4e10-bde2-4fa19c15d14e",
            "ticker": "KXHIGHCHI-25APR26-B52.5",
            "count": 14,
            "created_time": "2025-04-26T17:58:52.857303Z",
            "yes_price": 22,
            "no_price": 78,
            "taker_side": "no"
        },
        {
            "trade_id": "8e12a8fc-b92d-46b0-b14d-2de6b6839b0c",
            "ticker": "KXHIGHCHI-25APR26-B52.5",
            "count": 12,
            "created_time": "2025-04-26T17:58:52.857303Z",
            "yes_price": 12,
            "no_price": 88,
            "taker_side": "no"
        },
        {
            "trade_id": "3dae6cf1-75fe-433a-8f24-b62e61ace9c0",
            "ticker": "KXHIGHCHI-25APR26-B52.5",
            "count": 30,
            "created_time": "2025-04-26T17:58:52.857303Z",
            "yes_price": 11,
            "no_price": 89,
            "taker_side": "no"
        },
        {
            "trade_id": "cceb9b2d-77cf-4ee8-8d2f-ae8bf58d2069",
            "ticker": "KXHIGHCHI-25APR26-B52.5",
            "count": 20,
            "created_time": "2025-04-26T17:51:04.319639Z",
            "yes_price": 26,
            "no_price": 74,
            "taker_side": "no"
        },
        {
            "trade_id": "94be3175-c897-478d-b868-2c77d6039662",
            "ticker": "KXHIGHCHI-25APR26-B52.5",
            "count": 7,
            "created_time": "2025-04-26T17:51:04.319639Z",
            "yes_price": 22,
            "no_price": 78,
            "taker_side": "no"
        },
        {
            "trade_id": "92568a20-fac7-48dc-8d84-b4a699231839",
            "ticker": "KXHIGHCHI-25APR26-B52.5",
            "count": 13,
            "created_time": "2025-04-26T17:51:04.319639Z",
            "yes_price": 23,
            "no_price": 77,
            "taker_side": "no"
        },
        {
            "trade_id": "5ec373f1-ea73-4446-a8b2-8bebac71fed0",
            "ticker": "KXHIGHCHI-25APR26-B52.5",
            "count": 40,
            "created_time": "2025-04-26T17:51:04.319639Z",
            "yes_price": 28,
            "no_price": 72,
            "taker_side": "no"
        },
        {
            "trade_id": "2eccaeb2-c122-4d01-bbfe-3c1426540cd0",
            "ticker": "KXHIGHCHI-25APR26-B52.5",
            "count": 20,
            "created_time": "2025-04-26T17:51:02.465022Z",
            "yes_price": 29,
            "no_price": 71,
            "taker_side": "no"
        },
        {
            "trade_id": "6b2c7591-67f5-4f85-9897-22bcdf2a73d6",
            "ticker": "KXHIGHCHI-25APR26-B52.5",
            "count": 1,
            "created_time": "2025-04-26T17:41:07.275368Z",
            "yes_price": 28,
            "no_price": 72,
            "taker_side": "no"
        },
        {
            "trade_id": "423d0e32-df50-4ab0-8f3f-e6d2583cc43e",
            "ticker": "KXHIGHCHI-25APR26-B52.5",
            "count": 20,
            "created_time": "2025-04-26T17:38:01.235146Z",
            "yes_price": 30,
            "no_price": 70,
            "taker_side": "yes"
        },
        {
            "trade_id": "a903cba1-21c0-42b7-963d-fcc601c58d23",
            "ticker": "KXHIGHCHI-25APR26-B52.5",
            "count": 35,
            "created_time": "2025-04-26T17:27:56.889875Z",
            "yes_price": 39,
            "no_price": 61,
            "taker_side": "yes"
        },
        {
            "trade_id": "99f96b68-7a6d-408d-8e91-00c5281d7776",
            "ticker": "KXHIGHCHI-25APR26-B52.5",
            "count": 15,
            "created_time": "2025-04-26T17:27:56.889875Z",
            "yes_price": 35,
            "no_price": 65,
            "taker_side": "yes"
        },
        {
            "trade_id": "7d060a9e-b143-4d3d-a822-e05f36937ff8",
            "ticker": "KXHIGHCHI-25APR26-B52.5",
            "count": 50,
            "created_time": "2025-04-26T17:27:56.889875Z",
            "yes_price": 35,
            "no_price": 65,
            "taker_side": "yes"
        },
        {
            "trade_id": "8fdd7b33-0052-4ec9-a592-22be35593cfc",
            "ticker": "KXHIGHCHI-25APR26-B52.5",
            "count": 2,
            "created_time": "2025-04-26T17:24:49.220781Z",
            "yes_price": 25,
            "no_price": 75,
            "taker_side": "no"
        },
        {
            "trade_id": "e3e9a100-51a5-4278-b814-a991be1af35e",
            "ticker": "KXHIGHCHI-25APR26-B52.5",
            "count": 32,
            "created_time": "2025-04-26T17:24:29.672363Z",
            "yes_price": 24,
            "no_price": 76,
            "taker_side": "no"
        },
        {
            "trade_id": "b80b292b-6fb0-49b0-9c86-f63b15003c71",
            "ticker": "KXHIGHCHI-25APR26-B52.5",
            "count": 40,
            "created_time": "2025-04-26T17:24:29.672363Z",
            "yes_price": 25,
            "no_price": 75,
            "taker_side": "no"
        },
        {
            "trade_id": "47c9c150-ddab-4146-b9a6-0f04720b8993",
            "ticker": "KXHIGHCHI-25APR26-B52.5",
            "count": 1,
            "created_time": "2025-04-26T17:14:01.59679Z",
            "yes_price": 24,
            "no_price": 76,
            "taker_side": "no"
        },
        {
            "trade_id": "dd014ef1-48e0-4bf9-878a-0417e8bec563",
            "ticker": "KXHIGHCHI-25APR26-B52.5",
            "count": 9,
            "created_time": "2025-04-26T17:10:44.150621Z",
            "yes_price": 24,
            "no_price": 76,
            "taker_side": "no"
        },
        {
            "trade_id": "faba96ce-a82e-4f76-89e8-a1cccd590869",
            "ticker": "KXHIGHCHI-25APR26-B52.5",
            "count": 5,
            "created_time": "2025-04-26T17:08:48.6521Z",
            "yes_price": 22,
            "no_price": 78,
            "taker_side": "no"
        },
        {
            "trade_id": "f635988b-590c-4a15-bc32-2d04434257dd",
            "ticker": "KXHIGHCHI-25APR26-B52.5",
            "count": 15,
            "created_time": "2025-04-26T17:00:07.76719Z",
            "yes_price": 25,
            "no_price": 75,
            "taker_side": "no"
        },
        {
            "trade_id": "9dca5e72-410b-406f-acc4-3b133fa5e748",
            "ticker": "KXHIGHCHI-25APR26-B52.5",
            "count": 45,
            "created_time": "2025-04-26T17:00:07.76719Z",
            "yes_price": 24,
            "no_price": 76,
            "taker_side": "no"
        },
        {
            "trade_id": "41fdbbbb-83bc-4ab6-b333-e4c390f82cfd",
            "ticker": "KXHIGHCHI-25APR26-B52.5",
            "count": 1,
            "created_time": "2025-04-26T16:46:28.415945Z",
            "yes_price": 49,
            "no_price": 51,
            "taker_side": "yes"
        },
        {
            "trade_id": "5fb8e6c0-25ca-48d1-8273-29de3af180e4",
            "ticker": "KXHIGHCHI-25APR26-B52.5",
            "count": 2,
            "created_time": "2025-04-26T16:31:15.764939Z",
            "yes_price": 49,
            "no_price": 51,
            "taker_side": "yes"
        },
        {
            "trade_id": "b431de4e-c804-446f-a166-a753553e51b7",
            "ticker": "KXHIGHCHI-25APR26-B52.5",
            "count": 1,
            "created_time": "2025-04-26T16:14:31.56086Z",
            "yes_price": 49,
            "no_price": 51,
            "taker_side": "yes"
        },
        {
            "trade_id": "ae433638-8632-4b0e-82c3-f2163bc66b6d",
            "ticker": "KXHIGHCHI-25APR26-B52.5",
            "count": 49,
            "created_time": "2025-04-26T16:14:13.875443Z",
            "yes_price": 49,
            "no_price": 51,
            "taker_side": "yes"
        },
        {
            "trade_id": "bbad6f0c-6ad6-4649-9b26-2b45448b6708",
            "ticker": "KXHIGHCHI-25APR26-B52.5",
            "count": 12,
            "created_time": "2025-04-26T16:08:14.367526Z",
            "yes_price": 49,
            "no_price": 51,
            "taker_side": "yes"
        },
        {
            "trade_id": "60589744-a8b4-4f19-bec7-aa39337e0a75",
            "ticker": "KXHIGHCHI-25APR26-B52.5",
            "count": 1,
            "created_time": "2025-04-26T16:08:14.367526Z",
            "yes_price": 48,
            "no_price": 52,
            "taker_side": "yes"
        },
        {
            "trade_id": "fabc2f73-b866-43d3-bb7d-21c005b0f805",
            "ticker": "KXHIGHCHI-25APR26-B52.5",
            "count": 4,
            "created_time": "2025-04-26T16:07:32.921978Z",
            "yes_price": 43,
            "no_price": 57,
            "taker_side": "yes"
        },
        {
            "trade_id": "bc15a09e-2c1c-410e-9c9d-767554660eb8",
            "ticker": "KXHIGHCHI-25APR26-B52.5",
            "count": 2,
            "created_time": "2025-04-26T16:07:32.921978Z",
            "yes_price": 47,
            "no_price": 53,
            "taker_side": "yes"
        },
        {
            "trade_id": "b2ba5af2-efa2-467b-b44d-9199f41b010d",
            "ticker": "KXHIGHCHI-25APR26-B52.5",
            "count": 1,
            "created_time": "2025-04-26T16:07:32.921978Z",
            "yes_price": 45,
            "no_price": 55,
            "taker_side": "yes"
        },
        {
            "trade_id": "a42d5e37-b8fb-4e36-90d3-46a5110c293f",
            "ticker": "KXHIGHCHI-25APR26-B52.5",
            "count": 2,
            "created_time": "2025-04-26T16:07:32.921978Z",
            "yes_price": 44,
            "no_price": 56,
            "taker_side": "yes"
        },
        {
            "trade_id": "8bac7752-421e-4eae-a382-8be05d608dde",
            "ticker": "KXHIGHCHI-25APR26-B52.5",
            "count": 1,
            "created_time": "2025-04-26T16:07:32.921978Z",
            "yes_price": 49,
            "no_price": 51,
            "taker_side": "yes"
        },
        {
            "trade_id": "7e58ac8c-849e-4a45-9680-ff7eb356feb5",
            "ticker": "KXHIGHCHI-25APR26-B52.5",
            "count": 1,
            "created_time": "2025-04-26T16:07:32.921978Z",
            "yes_price": 48,
            "no_price": 52,
            "taker_side": "yes"
        },
        {
            "trade_id": "0d8bf9c8-c85e-49b3-a7af-78f5a70c2bec",
            "ticker": "KXHIGHCHI-25APR26-B52.5",
            "count": 1,
            "created_time": "2025-04-26T16:07:32.921978Z",
            "yes_price": 46,
            "no_price": 54,
            "taker_side": "yes"
        },
        {
            "trade_id": "6be77042-f1db-4f12-8464-07d4a86c8786",
            "ticker": "KXHIGHCHI-25APR26-B52.5",
            "count": 13,
            "created_time": "2025-04-26T16:03:26.850878Z",
            "yes_price": 42,
            "no_price": 58,
            "taker_side": "no"
        },
        {
            "trade_id": "e7e76fc1-947e-4041-8161-8b4699c70092",
            "ticker": "KXHIGHCHI-25APR26-B52.5",
            "count": 233,
            "created_time": "2025-04-26T16:00:49.964496Z",
            "yes_price": 45,
            "no_price": 55,
            "taker_side": "yes"
        },
        {
            "trade_id": "0c758a53-9758-4475-b146-49e77bfd2538",
            "ticker": "KXHIGHCHI-25APR26-B52.5",
            "count": 18,
            "created_time": "2025-04-26T16:00:49.964496Z",
            "yes_price": 44,
            "no_price": 56,
            "taker_side": "yes"
        },
        {
            "trade_id": "b2fa047f-d647-417f-a8f6-2c8ce180bbac",
            "ticker": "KXHIGHCHI-25APR26-B52.5",
            "count": 30,
            "created_time": "2025-04-26T15:54:39.696354Z",
            "yes_price": 47,
            "no_price": 53,
            "taker_side": "yes"
        },
        {
            "trade_id": "876d98db-593d-42fd-a7d8-0da8fefac687",
            "ticker": "KXHIGHCHI-25APR26-B52.5",
            "count": 18,
            "created_time": "2025-04-26T15:53:16.884198Z",
            "yes_price": 36,
            "no_price": 64,
            "taker_side": "no"
        },
        {
            "trade_id": "7a0e3bb3-9f13-4ec7-8ca3-59fe3e2ffc3a",
            "ticker": "KXHIGHCHI-25APR26-B52.5",
            "count": 10,
            "created_time": "2025-04-26T15:53:16.884198Z",
            "yes_price": 39,
            "no_price": 61,
            "taker_side": "no"
        },
        {
            "trade_id": "61fd1694-30c6-4e1c-aba3-f6a54cc71c0c",
            "ticker": "KXHIGHCHI-25APR26-B52.5",
            "count": 160,
            "created_time": "2025-04-26T15:53:16.884198Z",
            "yes_price": 42,
            "no_price": 58,
            "taker_side": "no"
        },
        {
            "trade_id": "3695c344-dd02-4a1a-8c5e-886ffdbc8249",
            "ticker": "KXHIGHCHI-25APR26-B52.5",
            "count": 102,
            "created_time": "2025-04-26T15:53:16.884198Z",
            "yes_price": 35,
            "no_price": 65,
            "taker_side": "no"
        },
        {
            "trade_id": "1086f0d4-e521-44fc-be98-ccbc6ba6a5d6",
            "ticker": "KXHIGHCHI-25APR26-B52.5",
            "count": 30,
            "created_time": "2025-04-26T15:53:16.884198Z",
            "yes_price": 41,
            "no_price": 59,
            "taker_side": "no"
        },
        {
            "trade_id": "91dabf78-ef2d-469d-82fc-3a4048f0e7a8",
            "ticker": "KXHIGHCHI-25APR26-B52.5",
            "count": 25,
            "created_time": "2025-04-26T15:43:35.835937Z",
            "yes_price": 49,
            "no_price": 51,
            "taker_side": "yes"
        },
        {
            "trade_id": "7a7e973e-db9e-40e8-b5d9-1fa490ba8bf8",
            "ticker": "KXHIGHCHI-25APR26-B52.5",
            "count": 24,
            "created_time": "2025-04-26T15:43:35.835937Z",
            "yes_price": 48,
            "no_price": 52,
            "taker_side": "yes"
        },
        {
            "trade_id": "a6adf302-bb6e-4fae-9e8e-ac21125f1397",
            "ticker": "KXHIGHCHI-25APR26-B52.5",
            "count": 121,
            "created_time": "2025-04-26T15:32:21.533758Z",
            "yes_price": 36,
            "no_price": 64,
            "taker_side": "no"
        },
        {
            "trade_id": "e10ff46c-1059-4635-a0fa-a391c8ada7b7",
            "ticker": "KXHIGHCHI-25APR26-B52.5",
            "count": 160,
            "created_time": "2025-04-26T15:31:12.649887Z",
            "yes_price": 36,
            "no_price": 64,
            "taker_side": "no"
        },
        {
            "trade_id": "af2086cc-2ec3-4c18-a4a9-3410f95b10fe",
            "ticker": "KXHIGHCHI-25APR26-B52.5",
            "count": 35,
            "created_time": "2025-04-26T15:21:14.807076Z",
            "yes_price": 45,
            "no_price": 55,
            "taker_side": "yes"
        },
        {
            "trade_id": "30c505ba-2fc5-4f5a-bd37-1921d0cdfa50",
            "ticker": "KXHIGHCHI-25APR26-B52.5",
            "count": 13,
            "created_time": "2025-04-26T15:21:14.807076Z",
            "yes_price": 46,
            "no_price": 54,
            "taker_side": "yes"
        },
        {
            "trade_id": "d545275c-a134-4845-8f93-e0938172b736",
            "ticker": "KXHIGHCHI-25APR26-B52.5",
            "count": 50,
            "created_time": "2025-04-26T14:57:33.56386Z",
            "yes_price": 42,
            "no_price": 58,
            "taker_side": "yes"
        },
        {
            "trade_id": "c9ad83d1-2a1d-418d-9492-69b32767b350",
            "ticker": "KXHIGHCHI-25APR26-B52.5",
            "count": 22,
            "created_time": "2025-04-26T14:57:33.56386Z",
            "yes_price": 43,
            "no_price": 57,
            "taker_side": "yes"
        },
        {
            "trade_id": "a8a68236-26f4-48f4-991b-62d1f36f52d0",
            "ticker": "KXHIGHCHI-25APR26-B52.5",
            "count": 100,
            "created_time": "2025-04-26T14:57:33.56386Z",
            "yes_price": 44,
            "no_price": 56,
            "taker_side": "yes"
        },
        {
            "trade_id": "2f8e1d2d-96fd-4ebb-a0c8-9db12f787775",
            "ticker": "KXHIGHCHI-25APR26-B52.5",
            "count": 266,
            "created_time": "2025-04-26T14:57:33.56386Z",
            "yes_price": 43,
            "no_price": 57,
            "taker_side": "yes"
        },
        {
            "trade_id": "83aae365-7780-445d-87d5-bf6d0783ccb4",
            "ticker": "KXHIGHCHI-25APR26-B52.5",
            "count": 50,
            "created_time": "2025-04-26T14:53:30.338031Z",
            "yes_price": 38,
            "no_price": 62,
            "taker_side": "yes"
        },
        {
            "trade_id": "600c1127-03b6-4506-80aa-ec2cb2e97550",
            "ticker": "KXHIGHCHI-25APR26-B52.5",
            "count": 40,
            "created_time": "2025-04-26T14:53:30.338031Z",
            "yes_price": 39,
            "no_price": 61,
            "taker_side": "yes"
        },
        {
            "trade_id": "349162bf-24e8-471b-9f14-5dfbd2680528",
            "ticker": "KXHIGHCHI-25APR26-B52.5",
            "count": 90,
            "created_time": "2025-04-26T14:53:30.338031Z",
            "yes_price": 39,
            "no_price": 61,
            "taker_side": "yes"
        },
        {
            "trade_id": "d8ebbc7b-6f02-4d7c-bd3e-1c863ae9f95a",
            "ticker": "KXHIGHCHI-25APR26-B52.5",
            "count": 14,
            "created_time": "2025-04-26T14:51:08.629918Z",
            "yes_price": 32,
            "no_price": 68,
            "taker_side": "yes"
        },
        {
            "trade_id": "49cf9d20-f3b3-44dd-9152-723bece27699",
            "ticker": "KXHIGHCHI-25APR26-B52.5",
            "count": 7,
            "created_time": "2025-04-26T14:51:08.629918Z",
            "yes_price": 33,
            "no_price": 67,
            "taker_side": "yes"
        },
        {
            "trade_id": "cd3b5dfb-7aa9-40fc-9e8c-b6324c5a8109",
            "ticker": "KXHIGHCHI-25APR26-B52.5",
            "count": 10,
            "created_time": "2025-04-26T14:44:41.210117Z",
            "yes_price": 30,
            "no_price": 70,
            "taker_side": "yes"
        },
        {
            "trade_id": "3efc38ac-ec74-4fb1-bb7a-575ee3600629",
            "ticker": "KXHIGHCHI-25APR26-B52.5",
            "count": 35,
            "created_time": "2025-04-26T14:34:56.185598Z",
            "yes_price": 24,
            "no_price": 76,
            "taker_side": "no"
        },
        {
            "trade_id": "8e3df861-2e76-4f96-a114-4784fc0935b4",
            "ticker": "KXHIGHCHI-25APR26-B52.5",
            "count": 10,
            "created_time": "2025-04-26T14:21:02.439442Z",
            "yes_price": 24,
            "no_price": 76,
            "taker_side": "no"
        },
        {
            "trade_id": "f80ec03f-3d30-4316-8ca7-4ef518f5ad9b",
            "ticker": "KXHIGHCHI-25APR26-B52.5",
            "count": 13,
            "created_time": "2025-04-26T14:12:05.47594Z",
            "yes_price": 20,
            "no_price": 80,
            "taker_side": "no"
        },
        {
            "trade_id": "e78afdff-513c-4b52-912d-1a58614eb6da",
            "ticker": "KXHIGHCHI-25APR26-B52.5",
            "count": 40,
            "created_time": "2025-04-26T14:12:05.47594Z",
            "yes_price": 29,
            "no_price": 71,
            "taker_side": "no"
        },
        {
            "trade_id": "bbf3f375-ba97-40fc-8be1-882db8ed60a2",
            "ticker": "KXHIGHCHI-25APR26-B52.5",
            "count": 30,
            "created_time": "2025-04-26T14:12:05.47594Z",
            "yes_price": 31,
            "no_price": 69,
            "taker_side": "no"
        },
        {
            "trade_id": "a1913f6a-5cf2-4725-8448-634eedc58b65",
            "ticker": "KXHIGHCHI-25APR26-B52.5",
            "count": 7,
            "created_time": "2025-04-26T14:12:05.47594Z",
            "yes_price": 30,
            "no_price": 70,
            "taker_side": "no"
        },
        {
            "trade_id": "8b0bf3f6-ef1b-4762-8b18-55b527b1d157",
            "ticker": "KXHIGHCHI-25APR26-B52.5",
            "count": 11,
            "created_time": "2025-04-26T14:12:05.47594Z",
            "yes_price": 16,
            "no_price": 84,
            "taker_side": "no"
        },
        {
            "trade_id": "1306c6c9-d327-4082-9d1b-a2552e9a0403",
            "ticker": "KXHIGHCHI-25APR26-B52.5",
            "count": 30,
            "created_time": "2025-04-26T14:12:05.47594Z",
            "yes_price": 19,
            "no_price": 81,
            "taker_side": "no"
        },
        {
            "trade_id": "e529c694-0e9e-4fa7-ae64-e13be0eb9401",
            "ticker": "KXHIGHCHI-25APR26-B52.5",
            "count": 10,
            "created_time": "2025-04-26T14:11:27.126969Z",
            "yes_price": 39,
            "no_price": 61,
            "taker_side": "yes"
        },
        {
            "trade_id": "c5d38a1a-50b1-44c7-8705-1fccad9b2dce",
            "ticker": "KXHIGHCHI-25APR26-B52.5",
            "count": 2,
            "created_time": "2025-04-26T13:51:56.796231Z",
            "yes_price": 41,
            "no_price": 59,
            "taker_side": "yes"
        },
        {
            "trade_id": "edae9deb-71dc-4c06-885a-7bf21c47b5f5",
            "ticker": "KXHIGHCHI-25APR26-B52.5",
            "count": 3,
            "created_time": "2025-04-26T13:51:10.955762Z",
            "yes_price": 37,
            "no_price": 63,
            "taker_side": "no"
        },
        {
            "trade_id": "2e0fef5c-ecbe-49e6-818f-1b9ad7a6f00b",
            "ticker": "KXHIGHCHI-25APR26-B52.5",
            "count": 24,
            "created_time": "2025-04-26T13:51:10.955762Z",
            "yes_price": 37,
            "no_price": 63,
            "taker_side": "no"
        },
        {
            "trade_id": "d957d814-70f1-4e16-895d-5842f0211e05",
            "ticker": "KXHIGHCHI-25APR26-B52.5",
            "count": 1,
            "created_time": "2025-04-26T13:36:09.715161Z",
            "yes_price": 31,
            "no_price": 69,
            "taker_side": "yes"
        },
        {
            "trade_id": "7475479c-e5a9-4a16-8673-b03bcac606e3",
            "ticker": "KXHIGHCHI-25APR26-B52.5",
            "count": 1,
            "created_time": "2025-04-26T13:36:09.715161Z",
            "yes_price": 37,
            "no_price": 63,
            "taker_side": "yes"
        },
        {
            "trade_id": "660e009e-b2ea-4c62-a133-49b2ab6ae5f7",
            "ticker": "KXHIGHCHI-25APR26-B52.5",
            "count": 2,
            "created_time": "2025-04-26T13:36:09.715161Z",
            "yes_price": 38,
            "no_price": 62,
            "taker_side": "yes"
        },
        {
            "trade_id": "5dcae981-3da1-405f-b8fd-7cfaf018e3f9",
            "ticker": "KXHIGHCHI-25APR26-B52.5",
            "count": 1,
            "created_time": "2025-04-26T13:36:09.715161Z",
            "yes_price": 35,
            "no_price": 65,
            "taker_side": "yes"
        },
        {
            "trade_id": "47794bec-b359-4b62-a113-398441038113",
            "ticker": "KXHIGHCHI-25APR26-B52.5",
            "count": 2,
            "created_time": "2025-04-26T13:36:09.715161Z",
            "yes_price": 32,
            "no_price": 68,
            "taker_side": "yes"
        },
        {
            "trade_id": "40276bf5-fec6-470b-ae06-3a97a07a070e",
            "ticker": "KXHIGHCHI-25APR26-B52.5",
            "count": 2,
            "created_time": "2025-04-26T13:36:09.715161Z",
            "yes_price": 34,
            "no_price": 66,
            "taker_side": "yes"
        },
        {
            "trade_id": "38f09198-3d65-4795-9316-fc96e74c387e",
            "ticker": "KXHIGHCHI-25APR26-B52.5",
            "count": 1,
            "created_time": "2025-04-26T13:36:09.715161Z",
            "yes_price": 33,
            "no_price": 67,
            "taker_side": "yes"
        },
        {
            "trade_id": "0f876e16-fff0-4412-baa4-233f0b7010d7",
            "ticker": "KXHIGHCHI-25APR26-B52.5",
            "count": 2,
            "created_time": "2025-04-26T13:36:09.715161Z",
            "yes_price": 36,
            "no_price": 64,
            "taker_side": "yes"
        },
        {
            "trade_id": "05b1737d-debd-4ac6-a487-31d481385405",
            "ticker": "KXHIGHCHI-25APR26-B52.5",
            "count": 3,
            "created_time": "2025-04-26T13:36:09.715161Z",
            "yes_price": 39,
            "no_price": 61,
            "taker_side": "yes"
        },
        {
            "trade_id": "e11d0f89-42ab-4a06-9091-0634f9341434",
            "ticker": "KXHIGHCHI-25APR26-B52.5",
            "count": 1,
            "created_time": "2025-04-26T13:11:49.206489Z",
            "yes_price": 31,
            "no_price": 69,
            "taker_side": "yes"
        },
        {
            "trade_id": "c910c018-728c-4172-8bf5-a38452a31138",
            "ticker": "KXHIGHCHI-25APR26-B52.5",
            "count": 5,
            "created_time": "2025-04-26T13:08:25.140849Z",
            "yes_price": 37,
            "no_price": 63,
            "taker_side": "no"
        },
        {
            "trade_id": "e727fc2e-5de4-4721-94d0-129da1edabbd",
            "ticker": "KXHIGHCHI-25APR26-B52.5",
            "count": 34,
            "created_time": "2025-04-26T12:51:45.580373Z",
            "yes_price": 45,
            "no_price": 55,
            "taker_side": "yes"
        },
        {
            "trade_id": "932ca80c-20d0-4e8f-b31b-f383a8d0204b",
            "ticker": "KXHIGHCHI-25APR26-B52.5",
            "count": 20,
            "created_time": "2025-04-26T12:51:45.580373Z",
            "yes_price": 44,
            "no_price": 56,
            "taker_side": "yes"
        },
        {
            "trade_id": "0782ab12-2cfe-4d84-9bcb-1112b15436fd",
            "ticker": "KXHIGHCHI-25APR26-B52.5",
            "count": 26,
            "created_time": "2025-04-26T12:51:45.580373Z",
            "yes_price": 45,
            "no_price": 55,
            "taker_side": "yes"
        },
        {
            "trade_id": "9b8ef02f-5625-48bc-bdd5-c11b45a9dabc",
            "ticker": "KXHIGHCHI-25APR26-B52.5",
            "count": 10,
            "created_time": "2025-04-26T12:33:20.01564Z",
            "yes_price": 42,
            "no_price": 58,
            "taker_side": "yes"
        },
        {
            "trade_id": "28627970-62b1-4a01-b990-2ed3bff00385",
            "ticker": "KXHIGHCHI-25APR26-B52.5",
            "count": 40,
            "created_time": "2025-04-26T12:33:20.01564Z",
            "yes_price": 42,
            "no_price": 58,
            "taker_side": "yes"
        },
        {
            "trade_id": "0859e0f4-1dc7-48dd-8fef-a21b51147c63",
            "ticker": "KXHIGHCHI-25APR26-B52.5",
            "count": 2,
            "created_time": "2025-04-26T12:14:13.43171Z",
            "yes_price": 38,
            "no_price": 62,
            "taker_side": "no"
        },
        {
            "trade_id": "d4c29b6c-2144-4aef-9d65-05df0a733dd6",
            "ticker": "KXHIGHCHI-25APR26-B52.5",
            "count": 55,
            "created_time": "2025-04-26T06:30:15.785462Z",
            "yes_price": 37,
            "no_price": 63,
            "taker_side": "no"
        },
        {
            "trade_id": "df0f094f-1453-4349-9638-1e4515d2e15b",
            "ticker": "KXHIGHCHI-25APR26-B52.5",
            "count": 1,
            "created_time": "2025-04-26T06:22:11.47685Z",
            "yes_price": 39,
            "no_price": 61,
            "taker_side": "yes"
        },
        {
            "trade_id": "b768b5f8-1aa6-4bd8-ba80-564b05b74721",
            "ticker": "KXHIGHCHI-25APR26-B52.5",
            "count": 39,
            "created_time": "2025-04-26T06:22:11.47685Z",
            "yes_price": 41,
            "no_price": 59,
            "taker_side": "yes"
        },
        {
            "trade_id": "65702b9c-be25-4bd4-b503-3191c5a48a91",
            "ticker": "KXHIGHCHI-25APR26-B52.5",
            "count": 9,
            "created_time": "2025-04-26T06:16:15.753545Z",
            "yes_price": 39,
            "no_price": 61,
            "taker_side": "yes"
        },
        {
            "trade_id": "16714235-4208-4bfb-bf0f-de9895c8d523",
            "ticker": "KXHIGHCHI-25APR26-B52.5",
            "count": 40,
            "created_time": "2025-04-26T06:12:18.567559Z",
            "yes_price": 39,
            "no_price": 61,
            "taker_side": "yes"
        },
        {
            "trade_id": "babf3a7a-b80e-49aa-b0e5-55184a7c5742",
            "ticker": "KXHIGHCHI-25APR26-B52.5",
            "count": 20,
            "created_time": "2025-04-26T04:47:16.758754Z",
            "yes_price": 38,
            "no_price": 62,
            "taker_side": "yes"
        },
        {
            "trade_id": "291e4204-7f0a-4584-941d-4924ab27c721",
            "ticker": "KXHIGHCHI-25APR26-B52.5",
            "count": 25,
            "created_time": "2025-04-26T04:12:50.955402Z",
            "yes_price": 37,
            "no_price": 63,
            "taker_side": "yes"
        },
        {
            "trade_id": "f6dda822-f100-4d93-a651-1d61e85b4922",
            "ticker": "KXHIGHCHI-25APR26-B52.5",
            "count": 12,
            "created_time": "2025-04-26T03:47:47.226791Z",
            "yes_price": 37,
            "no_price": 63,
            "taker_side": "yes"
        },
        {
            "trade_id": "cade24c6-e667-485d-ab90-777cfc1b951a",
            "ticker": "KXHIGHCHI-25APR26-B52.5",
            "count": 7,
            "created_time": "2025-04-26T02:38:16.33397Z",
            "yes_price": 38,
            "no_price": 62,
            "taker_side": "yes"
        },
        {
            "trade_id": "52453067-a412-4264-a71f-7ffe1f965707",
            "ticker": "KXHIGHCHI-25APR26-B52.5",
            "count": 111,
            "created_time": "2025-04-26T02:38:16.33397Z",
            "yes_price": 38,
            "no_price": 62,
            "taker_side": "yes"
        },
        {
            "trade_id": "c9de0dcb-dfe7-49cd-9fd1-310b60fc40d5",
            "ticker": "KXHIGHCHI-25APR26-B52.5",
            "count": 50,
            "created_time": "2025-04-26T02:18:01.196345Z",
            "yes_price": 38,
            "no_price": 62,
            "taker_side": "yes"
        },
        {
            "trade_id": "2464382e-6e59-4008-a3b8-0546df9b7180",
            "ticker": "KXHIGHCHI-25APR26-B52.5",
            "count": 59,
            "created_time": "2025-04-26T02:17:06.195244Z",
            "yes_price": 38,
            "no_price": 62,
            "taker_side": "no"
        },
        {
            "trade_id": "c2990f2c-d0d9-43b7-b9e9-305e109cc8db",
            "ticker": "KXHIGHCHI-25APR26-B52.5",
            "count": 108,
            "created_time": "2025-04-26T02:17:04.625643Z",
            "yes_price": 37,
            "no_price": 63,
            "taker_side": "yes"
        },
        {
            "trade_id": "f7deba6b-892d-4f32-a91c-05f1c64e5535",
            "ticker": "KXHIGHCHI-25APR26-B52.5",
            "count": 35,
            "created_time": "2025-04-26T02:14:45.672189Z",
            "yes_price": 37,
            "no_price": 63,
            "taker_side": "yes"
        },
        {
            "trade_id": "fdbcb6aa-e9a2-4663-91d4-44e21590fe73",
            "ticker": "KXHIGHCHI-25APR26-B52.5",
            "count": 12,
            "created_time": "2025-04-26T02:00:25.553327Z",
            "yes_price": 37,
            "no_price": 63,
            "taker_side": "yes"
        },
        {
            "trade_id": "73efb6b4-d469-4621-9e26-60ffca415a66",
            "ticker": "KXHIGHCHI-25APR26-B52.5",
            "count": 13,
            "created_time": "2025-04-26T01:45:17.047589Z",
            "yes_price": 36,
            "no_price": 64,
            "taker_side": "yes"
        },
        {
            "trade_id": "d24fa2b0-9232-46f6-8d38-3c815dbaf4bf",
            "ticker": "KXHIGHCHI-25APR26-B52.5",
            "count": 51,
            "created_time": "2025-04-26T01:41:44.910897Z",
            "yes_price": 36,
            "no_price": 64,
            "taker_side": "yes"
        },
        {
            "trade_id": "520b34e5-6406-48ed-a953-9be5b09aeac4",
            "ticker": "KXHIGHCHI-25APR26-B52.5",
            "count": 2,
            "created_time": "2025-04-26T01:33:43.89582Z",
            "yes_price": 36,
            "no_price": 64,
            "taker_side": "yes"
        },
        {
            "trade_id": "b67d4787-1a8e-4154-8fde-542b958c81de",
            "ticker": "KXHIGHCHI-25APR26-B52.5",
            "count": 61,
            "created_time": "2025-04-26T00:05:46.792327Z",
            "yes_price": 35,
            "no_price": 65,
            "taker_side": "yes"
        },
        {
            "trade_id": "c08ef5d7-ff00-4bfe-ae34-a1e901c41325",
            "ticker": "KXHIGHCHI-25APR26-B52.5",
            "count": 14,
            "created_time": "2025-04-25T23:28:20.02486Z",
            "yes_price": 34,
            "no_price": 66,
            "taker_side": "yes"
        },
        {
            "trade_id": "a9e44a50-33fb-4c4d-8696-d22d15916b92",
            "ticker": "KXHIGHCHI-25APR26-B52.5",
            "count": 24,
            "created_time": "2025-04-25T23:28:20.02486Z",
            "yes_price": 34,
            "no_price": 66,
            "taker_side": "yes"
        },
        {
            "trade_id": "2324d241-73a0-45bb-9f8e-7c8a4933ca56",
            "ticker": "KXHIGHCHI-25APR26-B52.5",
            "count": 17,
            "created_time": "2025-04-25T23:28:20.02486Z",
            "yes_price": 36,
            "no_price": 64,
            "taker_side": "yes"
        },
        {
            "trade_id": "16abb9ff-b072-43e2-a51b-3f4de65079eb",
            "ticker": "KXHIGHCHI-25APR26-B52.5",
            "count": 102,
            "created_time": "2025-04-25T23:25:21.033826Z",
            "yes_price": 32,
            "no_price": 68,
            "taker_side": "yes"
        },
        {
            "trade_id": "00f96640-028d-4413-a6b0-c8359e66c780",
            "ticker": "KXHIGHCHI-25APR26-B52.5",
            "count": 179,
            "created_time": "2025-04-25T23:25:21.033826Z",
            "yes_price": 34,
            "no_price": 66,
            "taker_side": "yes"
        },
        {
            "trade_id": "999fed21-a82f-4f1f-a29d-89cdd70c61db",
            "ticker": "KXHIGHCHI-25APR26-B52.5",
            "count": 6,
            "created_time": "2025-04-25T21:40:30.134425Z",
            "yes_price": 32,
            "no_price": 68,
            "taker_side": "yes"
        },
        {
            "trade_id": "c84440d5-f454-405e-b6e3-f0f4772f4e6a",
            "ticker": "KXHIGHCHI-25APR26-B52.5",
            "count": 13,
            "created_time": "2025-04-25T21:24:56.429371Z",
            "yes_price": 31,
            "no_price": 69,
            "taker_side": "yes"
        },
        {
            "trade_id": "816ee9d4-7539-4400-abbd-2606f6d32600",
            "ticker": "KXHIGHCHI-25APR26-B52.5",
            "count": 10,
            "created_time": "2025-04-25T21:24:56.429371Z",
            "yes_price": 33,
            "no_price": 67,
            "taker_side": "yes"
        },
        {
            "trade_id": "0f8053ef-1ec9-48a7-8913-9ffa3f4849a2",
            "ticker": "KXHIGHCHI-25APR26-B52.5",
            "count": 36,
            "created_time": "2025-04-25T21:09:13.65791Z",
            "yes_price": 31,
            "no_price": 69,
            "taker_side": "yes"
        },
        {
            "trade_id": "c2903cf5-af9a-469d-83d9-afcfa9c2d243",
            "ticker": "KXHIGHCHI-25APR26-B52.5",
            "count": 15,
            "created_time": "2025-04-25T20:52:45.179697Z",
            "yes_price": 31,
            "no_price": 69,
            "taker_side": "yes"
        },
        {
            "trade_id": "00585677-e827-4192-8e83-380230af0074",
            "ticker": "KXHIGHCHI-25APR26-B52.5",
            "count": 10,
            "created_time": "2025-04-25T19:45:03.921516Z",
            "yes_price": 31,
            "no_price": 69,
            "taker_side": "yes"
        },
        {
            "trade_id": "fc7d8491-f586-43ff-92af-d2e9c836efe9",
            "ticker": "KXHIGHCHI-25APR26-B52.5",
            "count": 1,
            "created_time": "2025-04-25T15:02:54.249361Z",
            "yes_price": 25,
            "no_price": 75,
            "taker_side": "no"
        },
        {
            "trade_id": "c32fe78f-a2c1-48aa-ab05-78125a81189c",
            "ticker": "KXHIGHCHI-25APR26-B52.5",
            "count": 19,
            "created_time": "2025-04-25T15:02:54.249361Z",
            "yes_price": 25,
            "no_price": 75,
            "taker_side": "no"
        }
    ],
    "KXHIGHCHI-25APR26-B54.5": [
        {
            "trade_id": "0bedf077-22b1-4700-a095-6043ff8a7239",
            "ticker": "KXHIGHCHI-25APR26-B54.5",
            "count": 161,
            "created_time": "2025-04-27T02:30:59.932646Z",
            "yes_price": 99,
            "no_price": 1,
            "taker_side": "no"
        },
        {
            "trade_id": "e8308243-a059-41ef-83b9-a9351d46a7d5",
            "ticker": "KXHIGHCHI-25APR26-B54.5",
            "count": 469,
            "created_time": "2025-04-26T22:46:52.371609Z",
            "yes_price": 99,
            "no_price": 1,
            "taker_side": "no"
        },
        {
            "trade_id": "e52fcf37-4a94-4680-a039-1a163707a4b4",
            "ticker": "KXHIGHCHI-25APR26-B54.5",
            "count": 75,
            "created_time": "2025-04-26T22:46:32.605356Z",
            "yes_price": 99,
            "no_price": 1,
            "taker_side": "yes"
        },
        {
            "trade_id": "b9c3457a-f9d8-4323-aab8-43741e670ec9",
            "ticker": "KXHIGHCHI-25APR26-B54.5",
            "count": 50,
            "created_time": "2025-04-26T22:46:32.605356Z",
            "yes_price": 99,
            "no_price": 1,
            "taker_side": "yes"
        },
        {
            "trade_id": "b934890c-a560-4521-b8c6-84202d440717",
            "ticker": "KXHIGHCHI-25APR26-B54.5",
            "count": 2,
            "created_time": "2025-04-26T22:46:32.605356Z",
            "yes_price": 99,
            "no_price": 1,
            "taker_side": "yes"
        },
        {
            "trade_id": "4356ae45-c87e-4abf-bf2f-b35573d7995f",
            "ticker": "KXHIGHCHI-25APR26-B54.5",
            "count": 5,
            "created_time": "2025-04-26T22:46:32.605356Z",
            "yes_price": 99,
            "no_price": 1,
            "taker_side": "yes"
        },
        {
            "trade_id": "3ef9432b-dced-4fb9-90ef-fe86f11cc4bd",
            "ticker": "KXHIGHCHI-25APR26-B54.5",
            "count": 112,
            "created_time": "2025-04-26T22:46:32.605356Z",
            "yes_price": 99,
            "no_price": 1,
            "taker_side": "yes"
        },
        {
            "trade_id": "3712960e-69f8-4e72-b874-95d30d414b6f",
            "ticker": "KXHIGHCHI-25APR26-B54.5",
            "count": 299,
            "created_time": "2025-04-26T22:46:32.605356Z",
            "yes_price": 99,
            "no_price": 1,
            "taker_side": "yes"
        },
        {
            "trade_id": "31013be7-e3ad-4eb6-b812-28c3eb1addf6",
            "ticker": "KXHIGHCHI-25APR26-B54.5",
            "count": 80,
            "created_time": "2025-04-26T22:46:32.605356Z",
            "yes_price": 99,
            "no_price": 1,
            "taker_side": "yes"
        },
        {
            "trade_id": "12975a57-96d0-432f-ba30-8398028088a9",
            "ticker": "KXHIGHCHI-25APR26-B54.5",
            "count": 85,
            "created_time": "2025-04-26T22:46:32.605356Z",
            "yes_price": 99,
            "no_price": 1,
            "taker_side": "yes"
        },
        {
            "trade_id": "0c4b8a72-c9bc-4e0d-979f-d7d24c7e6e6b",
            "ticker": "KXHIGHCHI-25APR26-B54.5",
            "count": 20,
            "created_time": "2025-04-26T22:46:32.605356Z",
            "yes_price": 99,
            "no_price": 1,
            "taker_side": "yes"
        },
        {
            "trade_id": "8c91d5d8-3d95-4e5d-987c-84de32f18ec5",
            "ticker": "KXHIGHCHI-25APR26-B54.5",
            "count": 200,
            "created_time": "2025-04-26T22:45:04.792011Z",
            "yes_price": 99,
            "no_price": 1,
            "taker_side": "yes"
        },
        {
            "trade_id": "c59c98f1-30bf-4e2d-ac22-ddd46dd59685",
            "ticker": "KXHIGHCHI-25APR26-B54.5",
            "count": 50,
            "created_time": "2025-04-26T22:34:55.037006Z",
            "yes_price": 98,
            "no_price": 2,
            "taker_side": "yes"
        },
        {
            "trade_id": "f5ab0df4-e3d0-492d-ba64-949a45c20e54",
            "ticker": "KXHIGHCHI-25APR26-B54.5",
            "count": 50,
            "created_time": "2025-04-26T21:20:34.269417Z",
            "yes_price": 98,
            "no_price": 2,
            "taker_side": "yes"
        },
        {
            "trade_id": "a2b9ee93-1bb7-421f-8d53-487cc70207ca",
            "ticker": "KXHIGHCHI-25APR26-B54.5",
            "count": 1,
            "created_time": "2025-04-26T21:20:34.269417Z",
            "yes_price": 98,
            "no_price": 2,
            "taker_side": "yes"
        },
        {
            "trade_id": "4ad0cf97-5554-4d19-b201-cf794030715c",
            "ticker": "KXHIGHCHI-25APR26-B54.5",
            "count": 3,
            "created_time": "2025-04-26T20:57:01.172755Z",
            "yes_price": 83,
            "no_price": 17,
            "taker_side": "no"
        },
        {
            "trade_id": "64ce2807-adb6-4071-aeaf-3ce790c628b0",
            "ticker": "KXHIGHCHI-25APR26-B54.5",
            "count": 1,
            "created_time": "2025-04-26T20:15:12.339817Z",
            "yes_price": 99,
            "no_price": 1,
            "taker_side": "yes"
        },
        {
            "trade_id": "2d0b5a67-1525-4caf-b714-51f894b7dd35",
            "ticker": "KXHIGHCHI-25APR26-B54.5",
            "count": 34,
            "created_time": "2025-04-26T20:11:22.558537Z",
            "yes_price": 98,
            "no_price": 2,
            "taker_side": "yes"
        },
        {
            "trade_id": "8023136a-6d5f-492b-8809-9b1d45551597",
            "ticker": "KXHIGHCHI-25APR26-B54.5",
            "count": 16,
            "created_time": "2025-04-26T20:06:33.047045Z",
            "yes_price": 98,
            "no_price": 2,
            "taker_side": "yes"
        },
        {
            "trade_id": "0643008d-4370-469d-9c51-238f2281fba9",
            "ticker": "KXHIGHCHI-25APR26-B54.5",
            "count": 50,
            "created_time": "2025-04-26T20:06:33.047045Z",
            "yes_price": 97,
            "no_price": 3,
            "taker_side": "yes"
        },
        {
            "trade_id": "ab85bcf9-cfb3-440c-8a38-9f04dea0b2f6",
            "ticker": "KXHIGHCHI-25APR26-B54.5",
            "count": 9,
            "created_time": "2025-04-26T20:06:28.048551Z",
            "yes_price": 95,
            "no_price": 5,
            "taker_side": "yes"
        },
        {
            "trade_id": "5a73aa6d-cda7-444d-b64f-4b0ad9d9400f",
            "ticker": "KXHIGHCHI-25APR26-B54.5",
            "count": 57,
            "created_time": "2025-04-26T20:06:28.048551Z",
            "yes_price": 93,
            "no_price": 7,
            "taker_side": "yes"
        },
        {
            "trade_id": "01312f3b-b70c-4a58-b583-2f4c2e81b5bf",
            "ticker": "KXHIGHCHI-25APR26-B54.5",
            "count": 1,
            "created_time": "2025-04-26T20:05:20.1564Z",
            "yes_price": 93,
            "no_price": 7,
            "taker_side": "yes"
        },
        {
            "trade_id": "d7bbbe35-4f77-4de1-b6d4-eda61ed2183a",
            "ticker": "KXHIGHCHI-25APR26-B54.5",
            "count": 5,
            "created_time": "2025-04-26T19:59:30.264581Z",
            "yes_price": 93,
            "no_price": 7,
            "taker_side": "yes"
        },
        {
            "trade_id": "ef061eaa-d6b4-48c1-af3c-e867cf346fa0",
            "ticker": "KXHIGHCHI-25APR26-B54.5",
            "count": 71,
            "created_time": "2025-04-26T19:55:49.314421Z",
            "yes_price": 93,
            "no_price": 7,
            "taker_side": "yes"
        },
        {
            "trade_id": "7fc215be-2840-40de-a0f0-c5d8317be14a",
            "ticker": "KXHIGHCHI-25APR26-B54.5",
            "count": 50,
            "created_time": "2025-04-26T19:55:49.314421Z",
            "yes_price": 92,
            "no_price": 8,
            "taker_side": "yes"
        },
        {
            "trade_id": "6b569a5e-15a9-4c01-95c0-8e0977f3a7be",
            "ticker": "KXHIGHCHI-25APR26-B54.5",
            "count": 40,
            "created_time": "2025-04-26T19:55:49.314421Z",
            "yes_price": 91,
            "no_price": 9,
            "taker_side": "yes"
        },
        {
            "trade_id": "8e8ff9da-095d-4be3-8aeb-c9262369e0e5",
            "ticker": "KXHIGHCHI-25APR26-B54.5",
            "count": 2,
            "created_time": "2025-04-26T19:47:23.7095Z",
            "yes_price": 82,
            "no_price": 18,
            "taker_side": "yes"
        },
        {
            "trade_id": "0ba687e8-7dc8-4949-a275-d873f5c3e7f2",
            "ticker": "KXHIGHCHI-25APR26-B54.5",
            "count": 6,
            "created_time": "2025-04-26T19:23:16.783699Z",
            "yes_price": 82,
            "no_price": 18,
            "taker_side": "yes"
        },
        {
            "trade_id": "2611f618-8206-4a0a-8813-771d57ed3f21",
            "ticker": "KXHIGHCHI-25APR26-B54.5",
            "count": 6,
            "created_time": "2025-04-26T19:19:08.925172Z",
            "yes_price": 82,
            "no_price": 18,
            "taker_side": "yes"
        },
        {
            "trade_id": "86d9e125-1383-4946-97e2-0990418eb8c8",
            "ticker": "KXHIGHCHI-25APR26-B54.5",
            "count": 66,
            "created_time": "2025-04-26T19:05:56.876Z",
            "yes_price": 80,
            "no_price": 20,
            "taker_side": "yes"
        },
        {
            "trade_id": "22f11130-e5f1-46a7-9c35-3a16262c1dc3",
            "ticker": "KXHIGHCHI-25APR26-B54.5",
            "count": 1,
            "created_time": "2025-04-26T19:05:56.876Z",
            "yes_price": 82,
            "no_price": 18,
            "taker_side": "yes"
        },
        {
            "trade_id": "133dc779-c1f6-49ac-b386-0d69367ff848",
            "ticker": "KXHIGHCHI-25APR26-B54.5",
            "count": 56,
            "created_time": "2025-04-26T19:05:56.876Z",
            "yes_price": 80,
            "no_price": 20,
            "taker_side": "yes"
        },
        {
            "trade_id": "719c1373-6a7f-46c3-9994-56aea80c54bb",
            "ticker": "KXHIGHCHI-25APR26-B54.5",
            "count": 80,
            "created_time": "2025-04-26T19:05:44.771751Z",
            "yes_price": 79,
            "no_price": 21,
            "taker_side": "yes"
        },
        {
            "trade_id": "6d02df07-4c43-4776-82dd-eab96395e7d0",
            "ticker": "KXHIGHCHI-25APR26-B54.5",
            "count": 44,
            "created_time": "2025-04-26T19:05:44.771751Z",
            "yes_price": 80,
            "no_price": 20,
            "taker_side": "yes"
        },
        {
            "trade_id": "f36529bb-866c-4073-929c-5dd5e3e4f8ef",
            "ticker": "KXHIGHCHI-25APR26-B54.5",
            "count": 24,
            "created_time": "2025-04-26T19:02:00.155209Z",
            "yes_price": 79,
            "no_price": 21,
            "taker_side": "yes"
        },
        {
            "trade_id": "1a3704f1-9d60-49a9-939d-88de61316269",
            "ticker": "KXHIGHCHI-25APR26-B54.5",
            "count": 1,
            "created_time": "2025-04-26T19:02:00.155209Z",
            "yes_price": 82,
            "no_price": 18,
            "taker_side": "yes"
        },
        {
            "trade_id": "82d79f19-9ce4-497d-ab16-36c9e7c8ac14",
            "ticker": "KXHIGHCHI-25APR26-B54.5",
            "count": 2,
            "created_time": "2025-04-26T18:50:36.140067Z",
            "yes_price": 55,
            "no_price": 45,
            "taker_side": "no"
        },
        {
            "trade_id": "e4f63e3d-7a07-4556-9cba-da454899cb37",
            "ticker": "KXHIGHCHI-25APR26-B54.5",
            "count": 19,
            "created_time": "2025-04-26T18:30:30.953044Z",
            "yes_price": 79,
            "no_price": 21,
            "taker_side": "yes"
        },
        {
            "trade_id": "0691acc7-a391-47d5-ac40-c158677f90f9",
