{
    "KXHIGHCHI-25MAR28-T69": [
        {
            "trade_id": "f9c81922-52ff-4abf-9e11-7349af0c89c9",
            "ticker": "KXHIGHCHI-25MAR28-T69",
            "count": 9,
            "created_time": "2025-03-28T06:39:23.094735Z",
            "yes_price": 1,
            "no_price": 99,
            "taker_side": "no"
        },
        {
            "trade_id": "ef0d4f3c-cc26-41a7-ad5c-6b00b383e509",
            "ticker": "KXHIGHCHI-25MAR28-T69",
            "count": 39,
            "created_time": "2025-03-28T06:34:13.64662Z",
            "yes_price": 1,
            "no_price": 99,
            "taker_side": "no"
        },
        {
            "trade_id": "482888af-516e-4dbd-a689-b99053430ca3",
            "ticker": "KXHIGHCHI-25MAR28-T69",
            "count": 37,
            "created_time": "2025-03-28T06:33:54.324258Z",
            "yes_price": 1,
            "no_price": 99,
            "taker_side": "no"
        },
        {
            "trade_id": "9c9aa513-127f-4008-9d9a-9421499505ca",
            "ticker": "KXHIGHCHI-25MAR28-T69",
            "count": 52,
            "created_time": "2025-03-28T05:50:01.964929Z",
            "yes_price": 1,
            "no_price": 99,
            "taker_side": "no"
        },
        {
            "trade_id": "b5556bbd-3e22-4e3b-b5ee-0c1124d0da26",
            "ticker": "KXHIGHCHI-25MAR28-T69",
            "count": 25,
            "created_time": "2025-03-28T04:56:12.123192Z",
            "yes_price": 1,
            "no_price": 99,
            "taker_side": "no"
        },
        {
            "trade_id": "6dd8fcaf-0700-4c12-bb96-967754a7cda5",
            "ticker": "KXHIGHCHI-25MAR28-T69",
            "count": 5,
            "created_time": "2025-03-28T04:45:57.774515Z",
            "yes_price": 5,
            "no_price": 95,
            "taker_side": "yes"
        },
        {
            "trade_id": "08e803a0-8b5b-4396-a9e9-1860b8dcf84b",
            "ticker": "KXHIGHCHI-25MAR28-T69",
            "count": 91,
            "created_time": "2025-03-28T04:35:02.910989Z",
            "yes_price": 1,
            "no_price": 99,
            "taker_side": "no"
        },
        {
            "trade_id": "d1999f2d-0122-4640-82bb-3ca7e104fc20",
            "ticker": "KXHIGHCHI-25MAR28-T69",
            "count": 16,
            "created_time": "2025-03-28T04:23:08.77457Z",
            "yes_price": 1,
            "no_price": 99,
            "taker_side": "no"
        },
        {
            "trade_id": "9dd873ef-7c43-4a4b-8425-db57c9e1d3c5",
            "ticker": "KXHIGHCHI-25MAR28-T69",
            "count": 31,
            "created_time": "2025-03-28T04:18:51.101534Z",
            "yes_price": 1,
            "no_price": 99,
            "taker_side": "no"
        },
        {
            "trade_id": "be39fd4f-4d45-4367-9f2b-1caf2eda7ec6",
            "ticker": "KXHIGHCHI-25MAR28-T69",
            "count": 108,
            "created_time": "2025-03-28T02:39:27.785417Z",
            "yes_price": 5,
            "no_price": 95,
            "taker_side": "yes"
        },
        {
            "trade_id": "a9d0b202-0b69-4209-a3ab-75f1ab08c769",
            "ticker": "KXHIGHCHI-25MAR28-T69",
            "count": 26,
            "created_time": "2025-03-28T02:39:27.785417Z",
            "yes_price": 5,
            "no_price": 95,
            "taker_side": "yes"
        },
        {
            "trade_id": "5068974c-f7e5-48b7-8795-ecd087393d6c",
            "ticker": "KXHIGHCHI-25MAR28-T69",
            "count": 47,
            "created_time": "2025-03-28T02:39:27.785417Z",
            "yes_price": 5,
            "no_price": 95,
            "taker_side": "yes"
        }
    ],
    "KXHIGHCHI-25MAR28-B69.5": [
        {
            "trade_id": "4cf746bc-830b-461c-931b-49e4d22a10f8",
            "ticker": "KXHIGHCHI-25MAR28-B69.5",
            "count": 134,
            "created_time": "2025-03-28T06:39:23.100541Z",
            "yes_price": 1,
            "no_price": 99,
            "taker_side": "no"
        },
        {
            "trade_id": "b203efff-ec27-40c0-a3d4-e63ee8e93841",
            "ticker": "KXHIGHCHI-25MAR28-B69.5",
            "count": 39,
            "created_time": "2025-03-28T06:34:13.643355Z",
            "yes_price": 1,
            "no_price": 99,
            "taker_side": "no"
        },
        {
            "trade_id": "efe956d2-7e0b-4c8b-8fc4-3b5cdf897720",
            "ticker": "KXHIGHCHI-25MAR28-B69.5",
            "count": 37,
            "created_time": "2025-03-28T06:33:54.323801Z",
            "yes_price": 1,
            "no_price": 99,
            "taker_side": "no"
        },
        {
            "trade_id": "3223d6b6-a6de-4c95-828e-a2fa437349f4",
            "ticker": "KXHIGHCHI-25MAR28-B69.5",
            "count": 52,
            "created_time": "2025-03-28T05:50:01.965399Z",
            "yes_price": 1,
            "no_price": 99,
            "taker_side": "no"
        },
        {
            "trade_id": "f175dd4c-7f45-4165-9109-52662c71d554",
            "ticker": "KXHIGHCHI-25MAR28-B69.5",
            "count": 53,
            "created_time": "2025-03-28T04:35:03.003498Z",
            "yes_price": 4,
            "no_price": 96,
            "taker_side": "no"
        },
        {
            "trade_id": "47fe05ac-13e7-4617-9ec3-2095303f5332",
            "ticker": "KXHIGHCHI-25MAR28-B69.5",
            "count": 38,
            "created_time": "2025-03-28T04:35:03.003498Z",
            "yes_price": 1,
            "no_price": 99,
            "taker_side": "no"
        },
        {
            "trade_id": "3ca10298-6a73-413a-92d2-226a949cb2d9",
            "ticker": "KXHIGHCHI-25MAR28-B69.5",
            "count": 16,
            "created_time": "2025-03-28T04:23:08.775785Z",
            "yes_price": 4,
            "no_price": 96,
            "taker_side": "no"
        },
        {
            "trade_id": "cc7b7e79-ea39-4daf-b242-7432acb34d1e",
            "ticker": "KXHIGHCHI-25MAR28-B69.5",
            "count": 31,
            "created_time": "2025-03-28T04:18:51.101332Z",
            "yes_price": 4,
            "no_price": 96,
            "taker_side": "no"
        },
        {
            "trade_id": "37bb7a3d-762a-480d-a303-a4ec1aa7bd9a",
            "ticker": "KXHIGHCHI-25MAR28-B69.5",
            "count": 72,
            "created_time": "2025-03-28T02:40:06.921137Z",
            "yes_price": 5,
            "no_price": 95,
            "taker_side": "yes"
        }
    ],
    "KXHIGHCHI-25MAR28-B71.5": [
        {
            "trade_id": "ad1a6da5-b032-4c61-b180-0cb901b2f9c3",
            "ticker": "KXHIGHCHI-25MAR28-B71.5",
            "count": 500,
            "created_time": "2025-03-28T19:08:44.953158Z",
            "yes_price": 1,
            "no_price": 99,
            "taker_side": "yes"
        },
        {
            "trade_id": "d4b8cfa1-d567-4be7-be7a-7ef47deb43cb",
            "ticker": "KXHIGHCHI-25MAR28-B71.5",
            "count": 25,
            "created_time": "2025-03-28T17:12:30.280715Z",
            "yes_price": 1,
            "no_price": 99,
            "taker_side": "no"
        },
        {
            "trade_id": "cd29c28f-8662-4b0c-8b25-660cb1d70ba9",
            "ticker": "KXHIGHCHI-25MAR28-B71.5",
            "count": 6,
            "created_time": "2025-03-28T17:12:30.280715Z",
            "yes_price": 2,
            "no_price": 98,
            "taker_side": "no"
        },
        {
            "trade_id": "2e0d383b-bf34-4dd7-bbf2-e5f1c418ab5a",
            "ticker": "KXHIGHCHI-25MAR28-B71.5",
            "count": 50,
            "created_time": "2025-03-28T17:12:30.280715Z",
            "yes_price": 1,
            "no_price": 99,
            "taker_side": "no"
        },
        {
            "trade_id": "f262fa53-1b8b-40cb-bda1-90cc1b19f68a",
            "ticker": "KXHIGHCHI-25MAR28-B71.5",
            "count": 203,
            "created_time": "2025-03-28T17:06:24.648809Z",
            "yes_price": 9,
            "no_price": 91,
            "taker_side": "yes"
        },
        {
            "trade_id": "d46b44d5-4aac-4188-a256-46ed6d910e19",
            "ticker": "KXHIGHCHI-25MAR28-B71.5",
            "count": 28,
            "created_time": "2025-03-28T17:06:24.648809Z",
            "yes_price": 8,
            "no_price": 92,
            "taker_side": "yes"
        },
        {
            "trade_id": "00f5eadc-570e-4bae-8ccb-927936fc1ea4",
            "ticker": "KXHIGHCHI-25MAR28-B71.5",
            "count": 269,
            "created_time": "2025-03-28T17:06:24.648809Z",
            "yes_price": 10,
            "no_price": 90,
            "taker_side": "yes"
        },
        {
            "trade_id": "d0d5e30a-082b-4110-b27b-8aa7864a9d13",
            "ticker": "KXHIGHCHI-25MAR28-B71.5",
            "count": 100,
            "created_time": "2025-03-28T17:05:42.190974Z",
            "yes_price": 20,
            "no_price": 80,
            "taker_side": "yes"
        },
        {
            "trade_id": "cdf51db4-997b-4966-8afa-3e58e1dab9c5",
            "ticker": "KXHIGHCHI-25MAR28-B71.5",
            "count": 299,
            "created_time": "2025-03-28T17:04:49.199331Z",
            "yes_price": 6,
            "no_price": 94,
            "taker_side": "yes"
        },
        {
            "trade_id": "cda4c6d5-8501-4e81-859d-a7ed18ef5f40",
            "ticker": "KXHIGHCHI-25MAR28-B71.5",
            "count": 21,
            "created_time": "2025-03-28T17:04:49.199331Z",
            "yes_price": 20,
            "no_price": 80,
            "taker_side": "yes"
        },
        {
            "trade_id": "b6a5b83f-24cc-4e80-99b5-cb0613cca09f",
            "ticker": "KXHIGHCHI-25MAR28-B71.5",
            "count": 25,
            "created_time": "2025-03-28T17:04:49.199331Z",
            "yes_price": 10,
            "no_price": 90,
            "taker_side": "yes"
        },
        {
            "trade_id": "b1aff410-5812-4be9-8e45-97abeb9f3e87",
            "ticker": "KXHIGHCHI-25MAR28-B71.5",
            "count": 6,
            "created_time": "2025-03-28T17:04:49.199331Z",
            "yes_price": 80,
            "no_price": 20,
            "taker_side": "yes"
        },
        {
            "trade_id": "a001eab1-77df-419c-abce-5bed137f4040",
            "ticker": "KXHIGHCHI-25MAR28-B71.5",
            "count": 8,
            "created_time": "2025-03-28T17:04:49.199331Z",
            "yes_price": 10,
            "no_price": 90,
            "taker_side": "yes"
        },
        {
            "trade_id": "95e86d19-50ae-4a6d-9e71-dcfb6d0adf2e",
            "ticker": "KXHIGHCHI-25MAR28-B71.5",
            "count": 10,
            "created_time": "2025-03-28T17:04:49.199331Z",
            "yes_price": 75,
            "no_price": 25,
            "taker_side": "yes"
        },
        {
            "trade_id": "643a139c-df2a-450f-9433-85ce22dec199",
            "ticker": "KXHIGHCHI-25MAR28-B71.5",
            "count": 99,
            "created_time": "2025-03-28T17:04:49.199331Z",
            "yes_price": 6,
            "no_price": 94,
            "taker_side": "yes"
        },
        {
            "trade_id": "1d18b4f8-1317-4ee0-a88c-21eb29ec5d61",
            "ticker": "KXHIGHCHI-25MAR28-B71.5",
            "count": 6,
            "created_time": "2025-03-28T17:04:49.199331Z",
            "yes_price": 79,
            "no_price": 21,
            "taker_side": "yes"
        },
        {
            "trade_id": "176889b3-713e-4722-a19b-8a2af7cae377",
            "ticker": "KXHIGHCHI-25MAR28-B71.5",
            "count": 26,
            "created_time": "2025-03-28T17:04:49.199331Z",
            "yes_price": 31,
            "no_price": 69,
            "taker_side": "yes"
        },
        {
            "trade_id": "e4f25ce8-0dcc-4645-b63a-5ddc0d020517",
            "ticker": "KXHIGHCHI-25MAR28-B71.5",
            "count": 300,
            "created_time": "2025-03-28T17:03:46.931088Z",
            "yes_price": 3,
            "no_price": 97,
            "taker_side": "yes"
        },
        {
            "trade_id": "b1d4aea4-94fd-468e-a408-844f10fea491",
            "ticker": "KXHIGHCHI-25MAR28-B71.5",
            "count": 100,
            "created_time": "2025-03-28T17:03:46.931088Z",
            "yes_price": 4,
            "no_price": 96,
            "taker_side": "yes"
        },
        {
            "trade_id": "9cd962ba-1f89-437d-bd05-d904da4f1ac1",
            "ticker": "KXHIGHCHI-25MAR28-B71.5",
            "count": 299,
            "created_time": "2025-03-28T17:03:46.931088Z",
            "yes_price": 5,
            "no_price": 95,
            "taker_side": "yes"
        },
        {
            "trade_id": "4da0bd2d-12a1-43c1-a2d7-69d02be19c26",
            "ticker": "KXHIGHCHI-25MAR28-B71.5",
            "count": 100,
            "created_time": "2025-03-28T17:03:46.931088Z",
            "yes_price": 2,
            "no_price": 98,
            "taker_side": "yes"
        },
        {
            "trade_id": "0dc416d8-a4cb-4413-98e6-966ee15653e1",
            "ticker": "KXHIGHCHI-25MAR28-B71.5",
            "count": 1,
            "created_time": "2025-03-28T17:03:46.931088Z",
            "yes_price": 6,
            "no_price": 94,
            "taker_side": "yes"
        },
        {
            "trade_id": "3843abc5-6b12-47ed-b6c5-4839059725f8",
            "ticker": "KXHIGHCHI-25MAR28-B71.5",
            "count": 37,
            "created_time": "2025-03-28T17:01:27.445276Z",
            "yes_price": 1,
            "no_price": 99,
            "taker_side": "yes"
        },
        {
            "trade_id": "fd857b5b-2c4b-4561-a0a8-069b5fdd6c14",
            "ticker": "KXHIGHCHI-25MAR28-B71.5",
            "count": 149,
            "created_time": "2025-03-28T13:20:56.337301Z",
            "yes_price": 1,
            "no_price": 99,
            "taker_side": "no"
        },
        {
            "trade_id": "87f2fbb1-168f-438c-ba14-3004ee42fe54",
            "ticker": "KXHIGHCHI-25MAR28-B71.5",
            "count": 54,
            "created_time": "2025-03-28T13:20:56.337301Z",
            "yes_price": 1,
            "no_price": 99,
            "taker_side": "no"
        },
        {
            "trade_id": "0957054f-95c3-4df0-a409-3fe04cf065ad",
            "ticker": "KXHIGHCHI-25MAR28-B71.5",
            "count": 43,
            "created_time": "2025-03-28T13:14:12.361046Z",
            "yes_price": 1,
            "no_price": 99,
            "taker_side": "no"
        },
        {
            "trade_id": "9cc098a9-e8d7-45cd-8bf6-cf86b918677a",
            "ticker": "KXHIGHCHI-25MAR28-B71.5",
            "count": 47,
            "created_time": "2025-03-28T06:39:23.092002Z",
            "yes_price": 2,
            "no_price": 98,
            "taker_side": "no"
        },
        {
            "trade_id": "5f57b254-ed3e-43ca-bc58-5f5c590ffec4",
            "ticker": "KXHIGHCHI-25MAR28-B71.5",
            "count": 203,
            "created_time": "2025-03-28T06:39:23.092002Z",
            "yes_price": 1,
            "no_price": 99,
            "taker_side": "no"
        },
        {
            "trade_id": "c998bbea-a137-40ea-9eba-7894bfebba17",
            "ticker": "KXHIGHCHI-25MAR28-B71.5",
            "count": 39,
            "created_time": "2025-03-28T06:34:13.638795Z",
            "yes_price": 2,
            "no_price": 98,
            "taker_side": "no"
        },
        {
            "trade_id": "5517ac1a-7c65-4bc3-bfa2-0940057cb260",
            "ticker": "KXHIGHCHI-25MAR28-B71.5",
            "count": 37,
            "created_time": "2025-03-28T06:33:54.324083Z",
            "yes_price": 2,
            "no_price": 98,
            "taker_side": "no"
        },
        {
            "trade_id": "7f4b42b1-f3ef-48bb-b0af-1849611de1f1",
            "ticker": "KXHIGHCHI-25MAR28-B71.5",
            "count": 52,
            "created_time": "2025-03-28T05:50:01.965851Z",
            "yes_price": 2,
            "no_price": 98,
            "taker_side": "no"
        },
        {
            "trade_id": "60bac4e8-2aa4-49d6-a003-7af497f38e66",
            "ticker": "KXHIGHCHI-25MAR28-B71.5",
            "count": 6,
            "created_time": "2025-03-28T05:42:35.004146Z",
            "yes_price": 2,
            "no_price": 98,
            "taker_side": "no"
        },
        {
            "trade_id": "bac4b197-2714-42d2-9c7f-169f58c685ed",
            "ticker": "KXHIGHCHI-25MAR28-B71.5",
            "count": 3,
            "created_time": "2025-03-28T05:34:46.842974Z",
            "yes_price": 2,
            "no_price": 98,
            "taker_side": "no"
        },
        {
            "trade_id": "42883eb3-d631-48c1-9f5f-0b75c7bceda3",
            "ticker": "KXHIGHCHI-25MAR28-B71.5",
            "count": 16,
            "created_time": "2025-03-28T04:38:07.386844Z",
            "yes_price": 2,
            "no_price": 98,
            "taker_side": "no"
        },
        {
            "trade_id": "6475bae2-a8e1-47f1-b025-6704cfd856f1",
            "ticker": "KXHIGHCHI-25MAR28-B71.5",
            "count": 10,
            "created_time": "2025-03-28T04:35:35.133406Z",
            "yes_price": 3,
            "no_price": 97,
            "taker_side": "no"
        },
        {
            "trade_id": "b7014f2f-4033-46ae-b2f7-ba05af9d62bd",
            "ticker": "KXHIGHCHI-25MAR28-B71.5",
            "count": 53,
            "created_time": "2025-03-28T04:35:03.003987Z",
            "yes_price": 5,
            "no_price": 95,
            "taker_side": "no"
        },
        {
            "trade_id": "a1c7183d-25e3-4ae8-b366-c475b9553fbc",
            "ticker": "KXHIGHCHI-25MAR28-B71.5",
            "count": 38,
            "created_time": "2025-03-28T04:35:03.003987Z",
            "yes_price": 2,
            "no_price": 98,
            "taker_side": "no"
        },
        {
            "trade_id": "1ec3ad7e-2617-4d7a-9993-7d6214f47e9f",
            "ticker": "KXHIGHCHI-25MAR28-B71.5",
            "count": 16,
            "created_time": "2025-03-28T04:23:08.775535Z",
            "yes_price": 5,
            "no_price": 95,
            "taker_side": "no"
        },
        {
            "trade_id": "5bc984e0-302d-46ee-963a-b59a7420b616",
            "ticker": "KXHIGHCHI-25MAR28-B71.5",
            "count": 31,
            "created_time": "2025-03-28T04:18:51.10174Z",
            "yes_price": 5,
            "no_price": 95,
            "taker_side": "no"
        },
        {
            "trade_id": "d13d74e0-69c0-42a5-a0b8-ebe566992e52",
            "ticker": "KXHIGHCHI-25MAR28-B71.5",
            "count": 63,
            "created_time": "2025-03-28T03:38:08.567975Z",
            "yes_price": 6,
            "no_price": 94,
            "taker_side": "yes"
        },
        {
            "trade_id": "a89e31c1-3b1b-4e61-8f53-0176a976e620",
            "ticker": "KXHIGHCHI-25MAR28-B71.5",
            "count": 38,
            "created_time": "2025-03-28T03:38:08.567975Z",
            "yes_price": 6,
            "no_price": 94,
            "taker_side": "yes"
        },
        {
            "trade_id": "075844f1-adf8-47aa-a3d6-21905e3cf0f9",
            "ticker": "KXHIGHCHI-25MAR28-B71.5",
            "count": 27,
            "created_time": "2025-03-28T03:38:08.567975Z",
            "yes_price": 8,
            "no_price": 92,
            "taker_side": "yes"
        },
        {
            "trade_id": "6db53129-f150-4456-9ded-6befde726c09",
            "ticker": "KXHIGHCHI-25MAR28-B71.5",
            "count": 65,
            "created_time": "2025-03-28T01:15:32.89453Z",
            "yes_price": 5,
            "no_price": 95,
            "taker_side": "yes"
        },
        {
            "trade_id": "2530f5ff-28ee-4fba-89c5-5a1495d86ed8",
            "ticker": "KXHIGHCHI-25MAR28-B71.5",
            "count": 79,
            "created_time": "2025-03-28T01:15:32.89453Z",
            "yes_price": 7,
            "no_price": 93,
            "taker_side": "yes"
        },
        {
            "trade_id": "22e7e706-87f8-4303-b803-741453e483d3",
            "ticker": "KXHIGHCHI-25MAR28-B71.5",
            "count": 5,
            "created_time": "2025-03-28T01:15:32.89453Z",
            "yes_price": 5,
            "no_price": 95,
            "taker_side": "yes"
        },
        {
            "trade_id": "8f11fb21-03f5-4e21-8154-6921048de99f",
            "ticker": "KXHIGHCHI-25MAR28-B71.5",
            "count": 300,
            "created_time": "2025-03-28T00:25:20.533219Z",
            "yes_price": 1,
            "no_price": 99,
            "taker_side": "no"
        },
        {
            "trade_id": "e30318a9-a891-442b-ad77-674df2abec97",
            "ticker": "KXHIGHCHI-25MAR28-B71.5",
            "count": 18,
            "created_time": "2025-03-27T23:48:22.049518Z",
            "yes_price": 1,
            "no_price": 99,
            "taker_side": "no"
        },
        {
            "trade_id": "fd0a8072-848c-414c-bd4b-d8a22020c804",
            "ticker": "KXHIGHCHI-25MAR28-B71.5",
            "count": 22,
            "created_time": "2025-03-27T23:24:18.726562Z",
            "yes_price": 1,
            "no_price": 99,
            "taker_side": "no"
        },
        {
            "trade_id": "2472908c-fe30-4b4e-b48f-a367929dd250",
            "ticker": "KXHIGHCHI-25MAR28-B71.5",
            "count": 10,
            "created_time": "2025-03-27T23:12:28.577724Z",
            "yes_price": 1,
            "no_price": 99,
            "taker_side": "no"
        }
    ],
    "KXHIGHCHI-25MAR28-B73.5": [
        {
            "trade_id": "54a9d34d-9456-4eb8-8c12-6175e0b1b8f1",
            "ticker": "KXHIGHCHI-25MAR28-B73.5",
            "count": 2,
            "created_time": "2025-03-28T19:55:45.693955Z",
            "yes_price": 1,
            "no_price": 99,
            "taker_side": "yes"
        },
        {
            "trade_id": "0bd8c18d-b94c-4ae0-a4c2-12d5d16cbf20",
            "ticker": "KXHIGHCHI-25MAR28-B73.5",
            "count": 3000,
            "created_time": "2025-03-28T19:08:17.7662Z",
            "yes_price": 1,
            "no_price": 99,
            "taker_side": "yes"
        },
        {
            "trade_id": "3cb06a75-5355-4545-8516-e4961081b0f3",
            "ticker": "KXHIGHCHI-25MAR28-B73.5",
            "count": 5000,
            "created_time": "2025-03-28T19:04:14.686793Z",
            "yes_price": 1,
            "no_price": 99,
            "taker_side": "yes"
        },
        {
            "trade_id": "9e8f0246-f25f-437e-83c6-e5b2caba53f7",
            "ticker": "KXHIGHCHI-25MAR28-B73.5",
            "count": 499,
            "created_time": "2025-03-28T18:53:47.675076Z",
            "yes_price": 1,
            "no_price": 99,
            "taker_side": "no"
        },
        {
            "trade_id": "0b48575c-a337-4521-88e0-60b67e00fd02",
            "ticker": "KXHIGHCHI-25MAR28-B73.5",
            "count": 1000,
            "created_time": "2025-03-28T18:53:47.675076Z",
            "yes_price": 1,
            "no_price": 99,
            "taker_side": "no"
        },
        {
            "trade_id": "e33a06ce-0392-475d-8cf5-437a2cc5a13d",
            "ticker": "KXHIGHCHI-25MAR28-B73.5",
            "count": 10,
            "created_time": "2025-03-28T18:47:10.844473Z",
            "yes_price": 3,
            "no_price": 97,
            "taker_side": "no"
        },
        {
            "trade_id": "a3cb4855-5afd-4191-804e-69df61d7cb99",
            "ticker": "KXHIGHCHI-25MAR28-B73.5",
            "count": 8,
            "created_time": "2025-03-28T18:46:52.154509Z",
            "yes_price": 12,
            "no_price": 88,
            "taker_side": "yes"
        },
        {
            "trade_id": "5ec3feac-e614-423e-ab3a-a2aa92a5d2d0",
            "ticker": "KXHIGHCHI-25MAR28-B73.5",
            "count": 144,
            "created_time": "2025-03-28T18:46:52.154509Z",
            "yes_price": 18,
            "no_price": 82,
            "taker_side": "yes"
        },
        {
            "trade_id": "47949587-eb99-4033-94b5-5dd7fd22a416",
            "ticker": "KXHIGHCHI-25MAR28-B73.5",
            "count": 37,
            "created_time": "2025-03-28T18:46:52.154509Z",
            "yes_price": 7,
            "no_price": 93,
            "taker_side": "yes"
        },
        {
            "trade_id": "340a2312-8e22-4511-bd8c-4f6437800281",
            "ticker": "KXHIGHCHI-25MAR28-B73.5",
            "count": 10,
            "created_time": "2025-03-28T18:46:52.154509Z",
            "yes_price": 11,
            "no_price": 89,
            "taker_side": "yes"
        },
        {
            "trade_id": "1d862646-2658-4ae8-8329-98213d2b58b6",
            "ticker": "KXHIGHCHI-25MAR28-B73.5",
            "count": 1,
            "created_time": "2025-03-28T18:46:52.154509Z",
            "yes_price": 12,
            "no_price": 88,
            "taker_side": "yes"
        },
        {
            "trade_id": "75046a38-f529-4d56-8e21-fc0faf8a9c76",
            "ticker": "KXHIGHCHI-25MAR28-B73.5",
            "count": 822,
            "created_time": "2025-03-28T18:35:57.132565Z",
            "yes_price": 4,
            "no_price": 96,
            "taker_side": "yes"
        },
        {
            "trade_id": "0b26294d-8c55-4b94-8b6a-afd588938d0f",
            "ticker": "KXHIGHCHI-25MAR28-B73.5",
            "count": 178,
            "created_time": "2025-03-28T18:35:57.132565Z",
            "yes_price": 5,
            "no_price": 95,
            "taker_side": "yes"
        },
        {
            "trade_id": "ccc7dc47-48e4-445c-9297-0b4314aa0864",
            "ticker": "KXHIGHCHI-25MAR28-B73.5",
            "count": 25,
            "created_time": "2025-03-28T18:29:19.73923Z",
            "yes_price": 3,
            "no_price": 97,
            "taker_side": "yes"
        },
        {
            "trade_id": "660e087b-4063-4fb9-9100-d1e6f02ea662",
            "ticker": "KXHIGHCHI-25MAR28-B73.5",
            "count": 178,
            "created_time": "2025-03-28T18:29:19.73923Z",
            "yes_price": 4,
            "no_price": 96,
            "taker_side": "yes"
        },
        {
            "trade_id": "110c6027-61fd-4ec7-a5f8-3a1682884a38",
            "ticker": "KXHIGHCHI-25MAR28-B73.5",
            "count": 10,
            "created_time": "2025-03-28T18:29:19.73923Z",
            "yes_price": 2,
            "no_price": 98,
            "taker_side": "yes"
        },
        {
            "trade_id": "2dca13ef-a4db-4ca3-a752-6e8fa796bd72",
            "ticker": "KXHIGHCHI-25MAR28-B73.5",
            "count": 499,
            "created_time": "2025-03-28T17:56:14.078553Z",
            "yes_price": 3,
            "no_price": 97,
            "taker_side": "yes"
        },
        {
            "trade_id": "0597d05f-b39b-422e-8649-43a2e0e9bc00",
            "ticker": "KXHIGHCHI-25MAR28-B73.5",
            "count": 25,
            "created_time": "2025-03-28T17:24:45.82258Z",
            "yes_price": 1,
            "no_price": 99,
            "taker_side": "no"
        },
        {
            "trade_id": "e593cb52-01f6-44c6-b220-2f30a6e10ffa",
            "ticker": "KXHIGHCHI-25MAR28-B73.5",
            "count": 10,
            "created_time": "2025-03-28T17:18:44.532019Z",
            "yes_price": 5,
            "no_price": 95,
            "taker_side": "yes"
        },
        {
            "trade_id": "017dbd1e-7aa4-47ce-845c-57f42275f967",
            "ticker": "KXHIGHCHI-25MAR28-B73.5",
            "count": 36,
            "created_time": "2025-03-28T17:14:18.571304Z",
            "yes_price": 5,
            "no_price": 95,
            "taker_side": "yes"
        },
        {
            "trade_id": "7d0ba3b6-d883-4127-b6a7-a46550b43418",
            "ticker": "KXHIGHCHI-25MAR28-B73.5",
            "count": 20,
            "created_time": "2025-03-28T17:11:52.222451Z",
            "yes_price": 4,
            "no_price": 96,
            "taker_side": "no"
        },
        {
            "trade_id": "5841b074-b63c-48fd-b3d9-9feddcfa5d54",
            "ticker": "KXHIGHCHI-25MAR28-B73.5",
            "count": 140,
            "created_time": "2025-03-28T17:11:52.222451Z",
            "yes_price": 3,
            "no_price": 97,
            "taker_side": "no"
        },
        {
            "trade_id": "69340bcd-e1a8-4c1e-be7c-61b13d1ee5ed",
            "ticker": "KXHIGHCHI-25MAR28-B73.5",
            "count": 5,
            "created_time": "2025-03-28T17:11:03.245406Z",
            "yes_price": 4,
            "no_price": 96,
            "taker_side": "no"
        },
        {
            "trade_id": "faadece6-3b0c-4742-a6f1-e683dc7baf9f",
            "ticker": "KXHIGHCHI-25MAR28-B73.5",
            "count": 72,
            "created_time": "2025-03-28T17:11:00.972164Z",
            "yes_price": 5,
            "no_price": 95,
            "taker_side": "no"
        },
        {
            "trade_id": "6cfce49d-d060-4e53-9def-36124b76e21a",
            "ticker": "KXHIGHCHI-25MAR28-B73.5",
            "count": 25,
            "created_time": "2025-03-28T17:11:00.972164Z",
            "yes_price": 5,
            "no_price": 95,
            "taker_side": "no"
        },
        {
            "trade_id": "abb04382-8239-4f57-be86-11a028bade0e",
            "ticker": "KXHIGHCHI-25MAR28-B73.5",
            "count": 1,
            "created_time": "2025-03-28T17:04:13.485676Z",
            "yes_price": 11,
            "no_price": 89,
            "taker_side": "yes"
        },
        {
            "trade_id": "a55c892d-75de-46b7-a52a-28946a4a3274",
            "ticker": "KXHIGHCHI-25MAR28-B73.5",
            "count": 25,
            "created_time": "2025-03-28T17:04:13.485676Z",
            "yes_price": 11,
            "no_price": 89,
            "taker_side": "yes"
        },
        {
            "trade_id": "50e6c523-a606-49fb-a327-08d237d840b0",
            "ticker": "KXHIGHCHI-25MAR28-B73.5",
            "count": 274,
            "created_time": "2025-03-28T17:04:13.485676Z",
            "yes_price": 11,
            "no_price": 89,
            "taker_side": "yes"
        },
        {
            "trade_id": "f7fa9ccd-e225-4314-9490-f14bd5417e0b",
            "ticker": "KXHIGHCHI-25MAR28-B73.5",
            "count": 8,
            "created_time": "2025-03-28T16:08:47.819946Z",
            "yes_price": 10,
            "no_price": 90,
            "taker_side": "yes"
        },
        {
            "trade_id": "1978100c-0c60-476a-8652-0650823985d9",
            "ticker": "KXHIGHCHI-25MAR28-B73.5",
            "count": 5,
            "created_time": "2025-03-28T16:08:47.819946Z",
            "yes_price": 20,
            "no_price": 80,
            "taker_side": "yes"
        },
        {
            "trade_id": "da179b5c-10e6-4200-81bf-3cffb28bf503",
            "ticker": "KXHIGHCHI-25MAR28-B73.5",
            "count": 6,
            "created_time": "2025-03-28T14:57:35.674572Z",
            "yes_price": 3,
            "no_price": 97,
            "taker_side": "no"
        },
        {
            "trade_id": "56dfea36-44be-47d1-a336-9f5b8d153da5",
            "ticker": "KXHIGHCHI-25MAR28-B73.5",
            "count": 4,
            "created_time": "2025-03-28T14:57:35.674572Z",
            "yes_price": 4,
            "no_price": 96,
            "taker_side": "no"
        },
        {
            "trade_id": "09bbc5ef-fcda-4a3b-ba08-8207f22327f8",
            "ticker": "KXHIGHCHI-25MAR28-B73.5",
            "count": 130,
            "created_time": "2025-03-28T14:57:35.674572Z",
            "yes_price": 3,
            "no_price": 97,
            "taker_side": "no"
        },
        {
            "trade_id": "33f73589-c40b-4867-a411-baa95fe08e1c",
            "ticker": "KXHIGHCHI-25MAR28-B73.5",
            "count": 5,
            "created_time": "2025-03-28T14:27:00.5087Z",
            "yes_price": 5,
            "no_price": 95,
            "taker_side": "no"
        },
        {
            "trade_id": "b68f7098-b97b-4870-9f84-f2f26a98ee31",
            "ticker": "KXHIGHCHI-25MAR28-B73.5",
            "count": 4,
            "created_time": "2025-03-28T14:25:48.542333Z",
            "yes_price": 6,
            "no_price": 94,
            "taker_side": "yes"
        },
        {
            "trade_id": "f8cd8ece-2457-42ab-9ad3-40d5ecedd700",
            "ticker": "KXHIGHCHI-25MAR28-B73.5",
            "count": 7,
            "created_time": "2025-03-28T14:12:40.545124Z",
            "yes_price": 9,
            "no_price": 91,
            "taker_side": "yes"
        },
        {
            "trade_id": "d20efa54-15ea-4a0c-9ebf-10ab439c2617",
            "ticker": "KXHIGHCHI-25MAR28-B73.5",
            "count": 8,
            "created_time": "2025-03-28T14:12:40.545124Z",
            "yes_price": 4,
            "no_price": 96,
            "taker_side": "yes"
        },
        {
            "trade_id": "a375c983-1983-4834-a9d5-2ec4b2647da2",
            "ticker": "KXHIGHCHI-25MAR28-B73.5",
            "count": 240,
            "created_time": "2025-03-28T14:12:40.545124Z",
            "yes_price": 7,
            "no_price": 93,
            "taker_side": "yes"
        },
        {
            "trade_id": "99e022ed-f949-44ba-a859-855660d4edda",
            "ticker": "KXHIGHCHI-25MAR28-B73.5",
            "count": 25,
            "created_time": "2025-03-28T14:12:40.545124Z",
            "yes_price": 6,
            "no_price": 94,
            "taker_side": "yes"
        },
        {
            "trade_id": "5924faee-fb90-4845-a0e8-5992232e9d74",
            "ticker": "KXHIGHCHI-25MAR28-B73.5",
            "count": 2,
            "created_time": "2025-03-28T14:12:40.545124Z",
            "yes_price": 5,
            "no_price": 95,
            "taker_side": "yes"
        },
        {
            "trade_id": "0407b344-c753-44ad-ad1d-d6952993b42c",
            "ticker": "KXHIGHCHI-25MAR28-B73.5",
            "count": 21,
            "created_time": "2025-03-28T14:12:40.545124Z",
            "yes_price": 5,
            "no_price": 95,
            "taker_side": "yes"
        },
        {
            "trade_id": "1d44ed22-8316-4b68-9468-163e76769170",
            "ticker": "KXHIGHCHI-25MAR28-B73.5",
            "count": 37,
            "created_time": "2025-03-28T14:04:47.979914Z",
            "yes_price": 3,
            "no_price": 97,
            "taker_side": "no"
        },
        {
            "trade_id": "c887d662-e2e1-4ab3-9bfd-bf03d67e2638",
            "ticker": "KXHIGHCHI-25MAR28-B73.5",
            "count": 4,
            "created_time": "2025-03-28T13:40:15.331895Z",
            "yes_price": 3,
            "no_price": 97,
            "taker_side": "no"
        },
        {
            "trade_id": "d448ca33-a5dd-4a23-85c8-c62b5f502ae1",
            "ticker": "KXHIGHCHI-25MAR28-B73.5",
            "count": 43,
            "created_time": "2025-03-28T13:16:02.685979Z",
            "yes_price": 3,
            "no_price": 97,
            "taker_side": "no"
        },
        {
            "trade_id": "26e361f4-ecee-4b54-b4f6-5bc81547bf03",
            "ticker": "KXHIGHCHI-25MAR28-B73.5",
            "count": 36,
            "created_time": "2025-03-28T13:05:00.042926Z",
            "yes_price": 5,
            "no_price": 95,
            "taker_side": "yes"
        },
        {
            "trade_id": "0febfb35-ff89-4892-a419-9ba943f33181",
            "ticker": "KXHIGHCHI-25MAR28-B73.5",
            "count": 50,
            "created_time": "2025-03-28T13:01:45.561537Z",
            "yes_price": 4,
            "no_price": 96,
            "taker_side": "no"
        },
        {
            "trade_id": "deff6da9-dc2a-40a6-ae2d-c87677c9ee95",
            "ticker": "KXHIGHCHI-25MAR28-B73.5",
            "count": 10,
            "created_time": "2025-03-28T12:33:17.004789Z",
            "yes_price": 4,
            "no_price": 96,
            "taker_side": "no"
        },
        {
            "trade_id": "3f249148-36a8-4dd3-ac6e-7d9d57552266",
            "ticker": "KXHIGHCHI-25MAR28-B73.5",
            "count": 100,
            "created_time": "2025-03-28T12:21:50.152061Z",
            "yes_price": 5,
            "no_price": 95,
            "taker_side": "yes"
        },
        {
            "trade_id": "57d56356-b93f-4c2e-a3b5-5d435dab018c",
            "ticker": "KXHIGHCHI-25MAR28-B73.5",
            "count": 200,
            "created_time": "2025-03-28T12:20:59.295899Z",
            "yes_price": 5,
            "no_price": 95,
            "taker_side": "yes"
        },
        {
            "trade_id": "8077fb54-c57d-4fa5-96a8-3f6eb3aab1b9",
            "ticker": "KXHIGHCHI-25MAR28-B73.5",
            "count": 161,
            "created_time": "2025-03-28T06:39:23.097874Z",
            "yes_price": 6,
            "no_price": 94,
            "taker_side": "no"
        },
        {
            "trade_id": "67492e3d-5c7e-4467-8d66-b1ab506bbf05",
            "ticker": "KXHIGHCHI-25MAR28-B73.5",
            "count": 86,
            "created_time": "2025-03-28T06:39:23.097874Z",
            "yes_price": 3,
            "no_price": 97,
            "taker_side": "no"
        },
        {
            "trade_id": "2c804084-0869-44eb-b51b-761b4854c10c",
            "ticker": "KXHIGHCHI-25MAR28-B73.5",
            "count": 3,
            "created_time": "2025-03-28T06:39:23.097874Z",
            "yes_price": 6,
            "no_price": 94,
            "taker_side": "no"
        },
        {
            "trade_id": "9dab80c8-da61-4f82-8853-d6c1857729da",
            "ticker": "KXHIGHCHI-25MAR28-B73.5",
            "count": 39,
            "created_time": "2025-03-28T06:34:13.642897Z",
            "yes_price": 6,
            "no_price": 94,
            "taker_side": "no"
        },
        {
            "trade_id": "6660304d-4905-4c79-9c36-b28e165f2067",
            "ticker": "KXHIGHCHI-25MAR28-B73.5",
            "count": 35,
            "created_time": "2025-03-28T06:33:54.325491Z",
            "yes_price": 7,
            "no_price": 93,
            "taker_side": "no"
        },
        {
            "trade_id": "0d701150-420c-46db-8405-e92fb2eb77d0",
            "ticker": "KXHIGHCHI-25MAR28-B73.5",
            "count": 2,
            "created_time": "2025-03-28T06:33:54.325491Z",
            "yes_price": 7,
            "no_price": 93,
            "taker_side": "no"
        },
        {
            "trade_id": "068706f0-9dc4-4c0a-88d7-72055853c7ce",
            "ticker": "KXHIGHCHI-25MAR28-B73.5",
            "count": 1,
            "created_time": "2025-03-28T06:28:51.231012Z",
            "yes_price": 7,
            "no_price": 93,
            "taker_side": "yes"
        },
        {
            "trade_id": "fd346f99-bcca-4850-93aa-005281f84d04",
            "ticker": "KXHIGHCHI-25MAR28-B73.5",
            "count": 14,
            "created_time": "2025-03-28T05:50:01.918278Z",
            "yes_price": 7,
            "no_price": 93,
            "taker_side": "no"
        },
        {
            "trade_id": "9cbed4b6-5db4-4caf-bf1b-e340a4cc2c0b",
            "ticker": "KXHIGHCHI-25MAR28-B73.5",
            "count": 38,
            "created_time": "2025-03-28T05:50:01.918278Z",
            "yes_price": 7,
            "no_price": 93,
            "taker_side": "no"
        },
        {
            "trade_id": "295e538b-0f36-4a21-9f11-28cf8e3a83d7",
            "ticker": "KXHIGHCHI-25MAR28-B73.5",
            "count": 7,
            "created_time": "2025-03-28T05:42:34.399311Z",
            "yes_price": 7,
            "no_price": 93,
            "taker_side": "no"
        },
        {
            "trade_id": "90ce039b-0937-4c57-a40a-35b0518fb330",
            "ticker": "KXHIGHCHI-25MAR28-B73.5",
            "count": 1,
            "created_time": "2025-03-28T05:35:40.570496Z",
            "yes_price": 7,
            "no_price": 93,
            "taker_side": "no"
        },
        {
            "trade_id": "0ad2d84f-f4db-4f49-a55d-c2bd131baef3",
            "ticker": "KXHIGHCHI-25MAR28-B73.5",
            "count": 4,
            "created_time": "2025-03-28T05:34:46.301381Z",
            "yes_price": 7,
            "no_price": 93,
            "taker_side": "no"
        },
        {
            "trade_id": "161c3a65-d9c5-4ce7-8ae0-29031df340e1",
            "ticker": "KXHIGHCHI-25MAR28-B73.5",
            "count": 11,
            "created_time": "2025-03-28T04:45:54.467708Z",
            "yes_price": 10,
            "no_price": 90,
            "taker_side": "yes"
        },
        {
            "trade_id": "b6de2676-e941-425e-961b-83dc01d37b9a",
            "ticker": "KXHIGHCHI-25MAR28-B73.5",
            "count": 65,
            "created_time": "2025-03-28T04:36:06.658527Z",
            "yes_price": 8,
            "no_price": 92,
            "taker_side": "no"
        },
        {
            "trade_id": "d85aaf26-f8b0-44d9-a248-43e65834f7cd",
            "ticker": "KXHIGHCHI-25MAR28-B73.5",
            "count": 40,
            "created_time": "2025-03-28T04:35:02.960432Z",
            "yes_price": 8,
            "no_price": 92,
            "taker_side": "no"
        },
        {
            "trade_id": "b3cd6893-d26f-41a6-aa65-4622d3f4536e",
            "ticker": "KXHIGHCHI-25MAR28-B73.5",
            "count": 10,
            "created_time": "2025-03-28T04:35:02.960432Z",
            "yes_price": 8,
            "no_price": 92,
            "taker_side": "no"
        },
        {
            "trade_id": "87d4263b-cf98-4bce-929d-cddaec36a098",
            "ticker": "KXHIGHCHI-25MAR28-B73.5",
            "count": 41,
            "created_time": "2025-03-28T04:35:02.960432Z",
            "yes_price": 6,
            "no_price": 94,
            "taker_side": "no"
        },
        {
            "trade_id": "7380cdea-ee6c-41a7-8a07-fea7a002d521",
            "ticker": "KXHIGHCHI-25MAR28-B73.5",
            "count": 16,
            "created_time": "2025-03-28T04:23:08.727577Z",
            "yes_price": 8,
            "no_price": 92,
            "taker_side": "no"
        },
        {
            "trade_id": "47193a82-458a-407e-9815-fe432f4fe135",
            "ticker": "KXHIGHCHI-25MAR28-B73.5",
            "count": 31,
            "created_time": "2025-03-28T04:18:51.057977Z",
            "yes_price": 8,
            "no_price": 92,
            "taker_side": "no"
        },
        {
            "trade_id": "a89be587-8b94-4798-ae58-275a25688d07",
            "ticker": "KXHIGHCHI-25MAR28-B73.5",
            "count": 240,
            "created_time": "2025-03-28T00:51:08.833317Z",
            "yes_price": 11,
            "no_price": 89,
            "taker_side": "yes"
        },
        {
            "trade_id": "77415ac5-69df-43cc-8947-18496a8895e6",
            "ticker": "KXHIGHCHI-25MAR28-B73.5",
            "count": 1,
            "created_time": "2025-03-28T00:51:08.833317Z",
            "yes_price": 9,
            "no_price": 91,
            "taker_side": "yes"
        },
        {
            "trade_id": "2cbd725b-7fdd-4280-b8bc-0a2e433b179d",
            "ticker": "KXHIGHCHI-25MAR28-B73.5",
            "count": 21,
            "created_time": "2025-03-28T00:51:08.833317Z",
            "yes_price": 9,
            "no_price": 91,
            "taker_side": "yes"
        },
        {
            "trade_id": "58f782b5-f9e0-4268-81ad-127b21150f27",
            "ticker": "KXHIGHCHI-25MAR28-B73.5",
            "count": 18,
            "created_time": "2025-03-27T23:48:22.048027Z",
            "yes_price": 4,
            "no_price": 96,
            "taker_side": "no"
        },
        {
            "trade_id": "f6d6a89e-2e6a-43d2-b9ab-127fdb03e4d4",
            "ticker": "KXHIGHCHI-25MAR28-B73.5",
            "count": 2,
            "created_time": "2025-03-27T23:24:18.726878Z",
            "yes_price": 3,
            "no_price": 97,
            "taker_side": "no"
        },
        {
            "trade_id": "5ea0bc94-330d-45ce-b9a8-4fbbdba80176",
            "ticker": "KXHIGHCHI-25MAR28-B73.5",
            "count": 20,
            "created_time": "2025-03-27T23:24:18.726878Z",
            "yes_price": 4,
            "no_price": 96,
            "taker_side": "no"
        },
        {
            "trade_id": "2ea7f509-6203-4daf-b1b1-8b3729a606c1",
            "ticker": "KXHIGHCHI-25MAR28-B73.5",
            "count": 10,
            "created_time": "2025-03-27T23:12:28.581808Z",
            "yes_price": 4,
            "no_price": 96,
            "taker_side": "no"
        },
        {
            "trade_id": "37229a37-cd33-41e5-90a4-4c370fa53167",
            "ticker": "KXHIGHCHI-25MAR28-B73.5",
            "count": 10,
            "created_time": "2025-03-27T22:31:38.458889Z",
            "yes_price": 18,
            "no_price": 82,
            "taker_side": "yes"
        },
        {
            "trade_id": "45625df5-167e-4c08-9412-6759697041f9",
            "ticker": "KXHIGHCHI-25MAR28-B73.5",
            "count": 500,
            "created_time": "2025-03-27T22:02:07.434192Z",
            "yes_price": 9,
            "no_price": 91,
            "taker_side": "yes"
        }
    ],
    "KXHIGHCHI-25MAR28-B75.5": [
        {
            "trade_id": "ddd8b431-e59a-4ec1-a9fd-c0a5ef6f1fd7",
            "ticker": "KXHIGHCHI-25MAR28-B75.5",
            "count": 443,
            "created_time": "2025-03-28T20:30:25.578594Z",
            "yes_price": 1,
            "no_price": 99,
            "taker_side": "yes"
        },
        {
            "trade_id": "7ea9c4d9-0125-4820-bb62-a7614638b2ea",
            "ticker": "KXHIGHCHI-25MAR28-B75.5",
            "count": 5,
            "created_time": "2025-03-28T20:01:28.506553Z",
            "yes_price": 1,
            "no_price": 99,
            "taker_side": "yes"
        },
        {
            "trade_id": "c1e1f6e6-32e2-4151-b406-6c21f01cc571",
            "ticker": "KXHIGHCHI-25MAR28-B75.5",
            "count": 104,
            "created_time": "2025-03-28T19:12:49.020265Z",
            "yes_price": 1,
            "no_price": 99,
            "taker_side": "yes"
        },
        {
            "trade_id": "54070460-599e-4f07-971f-be6f0602bca5",
            "ticker": "KXHIGHCHI-25MAR28-B75.5",
            "count": 181,
            "created_time": "2025-03-28T19:12:30.968802Z",
            "yes_price": 1,
            "no_price": 99,
            "taker_side": "yes"
        },
        {
            "trade_id": "79dc1651-befc-4b46-8aa7-4e28c4778f6a",
            "ticker": "KXHIGHCHI-25MAR28-B75.5",
            "count": 200,
            "created_time": "2025-03-28T19:12:08.005815Z",
            "yes_price": 1,
            "no_price": 99,
            "taker_side": "no"
        },
        {
            "trade_id": "2f1fdeb5-1a8c-4da6-a860-1e773e7cb831",
            "ticker": "KXHIGHCHI-25MAR28-B75.5",
            "count": 100,
            "created_time": "2025-03-28T19:12:08.005815Z",
            "yes_price": 1,
            "no_price": 99,
            "taker_side": "no"
        },
        {
            "trade_id": "16c6ca77-d53d-4931-851f-0c62aa0aea0d",
            "ticker": "KXHIGHCHI-25MAR28-B75.5",
            "count": 150,
            "created_time": "2025-03-28T19:12:08.005815Z",
            "yes_price": 1,
            "no_price": 99,
            "taker_side": "no"
        },
        {
            "trade_id": "0b30bfb4-ffd6-416b-bb0f-65873b8bf598",
            "ticker": "KXHIGHCHI-25MAR28-B75.5",
            "count": 75,
            "created_time": "2025-03-28T19:12:08.005815Z",
            "yes_price": 1,
            "no_price": 99,
            "taker_side": "no"
        },
        {
            "trade_id": "04dfd65a-87f3-4978-963b-854f5666cf4d",
            "ticker": "KXHIGHCHI-25MAR28-B75.5",
            "count": 496,
            "created_time": "2025-03-28T19:12:08.005815Z",
            "yes_price": 1,
            "no_price": 99,
            "taker_side": "no"
        },
        {
            "trade_id": "f1c27259-53eb-43fc-8604-832ba93de628",
            "ticker": "KXHIGHCHI-25MAR28-B75.5",
            "count": 50,
            "created_time": "2025-03-28T19:11:14.647312Z",
            "yes_price": 3,
            "no_price": 97,
            "taker_side": "no"
        },
        {
            "trade_id": "9fec672c-5ddf-4da9-9f69-1f1ea46bbbc4",
            "ticker": "KXHIGHCHI-25MAR28-B75.5",
            "count": 50,
            "created_time": "2025-03-28T19:11:03.471189Z",
            "yes_price": 6,
            "no_price": 94,
            "taker_side": "no"
        },
        {
            "trade_id": "14d567db-9729-4ad1-967f-a7034e375874",
            "ticker": "KXHIGHCHI-25MAR28-B75.5",
            "count": 300,
            "created_time": "2025-03-28T19:11:03.471189Z",
            "yes_price": 6,
            "no_price": 94,
            "taker_side": "no"
        },
        {
            "trade_id": "9f6c5f42-9876-4797-9009-1c0a9bfd0d35",
            "ticker": "KXHIGHCHI-25MAR28-B75.5",
            "count": 100,
            "created_time": "2025-03-28T19:10:58.352443Z",
            "yes_price": 7,
            "no_price": 93,
            "taker_side": "no"
        },
        {
            "trade_id": "04cc8e35-3277-4f59-be5d-e3507e8f2112",
            "ticker": "KXHIGHCHI-25MAR28-B75.5",
            "count": 16,
            "created_time": "2025-03-28T19:08:32.271646Z",
            "yes_price": 16,
            "no_price": 84,
            "taker_side": "yes"
        },
        {
            "trade_id": "4c9a3975-aee8-4022-8178-6020c9257b00",
            "ticker": "KXHIGHCHI-25MAR28-B75.5",
            "count": 50,
            "created_time": "2025-03-28T19:06:55.119728Z",
            "yes_price": 15,
            "no_price": 85,
            "taker_side": "yes"
        },
        {
            "trade_id": "080f8e25-a33e-4a05-8f6f-8b7a7424478a",
            "ticker": "KXHIGHCHI-25MAR28-B75.5",
            "count": 50,
            "created_time": "2025-03-28T19:06:55.119728Z",
            "yes_price": 16,
            "no_price": 84,
            "taker_side": "yes"
        },
        {
            "trade_id": "610ac769-9eee-47e2-a3fa-b3df81ace8e7",
            "ticker": "KXHIGHCHI-25MAR28-B75.5",
            "count": 26,
            "created_time": "2025-03-28T19:06:11.109159Z",
            "yes_price": 16,
            "no_price": 84,
            "taker_side": "yes"
        },
        {
            "trade_id": "fc2177a5-f503-4416-9b3c-ecc5951abeb1",
            "ticker": "KXHIGHCHI-25MAR28-B75.5",
            "count": 104,
            "created_time": "2025-03-28T19:03:56.821724Z",
            "yes_price": 15,
            "no_price": 85,
            "taker_side": "yes"
        },
        {
            "trade_id": "9adcf485-a40f-477e-895a-7dc8b9ef2cec",
            "ticker": "KXHIGHCHI-25MAR28-B75.5",
            "count": 15,
            "created_time": "2025-03-28T19:03:56.821724Z",
            "yes_price": 14,
            "no_price": 86,
            "taker_side": "yes"
        },
        {
            "trade_id": "4c31fa73-7583-42da-b065-7af51689f169",
            "ticker": "KXHIGHCHI-25MAR28-B75.5",
            "count": 46,
            "created_time": "2025-03-28T19:03:56.821724Z",
            "yes_price": 13,
            "no_price": 87,
            "taker_side": "yes"
        },
        {
            "trade_id": "030e6c3a-5f39-474d-87b1-9444833a4366",
            "ticker": "KXHIGHCHI-25MAR28-B75.5",
            "count": 5,
            "created_time": "2025-03-28T18:59:21.522042Z",
            "yes_price": 17,
            "no_price": 83,
            "taker_side": "yes"
        },
        {
            "trade_id": "9544a93e-76c5-410e-9582-e54e9ece87dd",
            "ticker": "KXHIGHCHI-25MAR28-B75.5",
            "count": 496,
            "created_time": "2025-03-28T18:55:50.087892Z",
            "yes_price": 14,
            "no_price": 86,
            "taker_side": "no"
        },
        {
            "trade_id": "5f01f98e-83c8-4bda-a0a6-ea617a8dd45f",
            "ticker": "KXHIGHCHI-25MAR28-B75.5",
            "count": 121,
            "created_time": "2025-03-28T18:45:11.949891Z",
            "yes_price": 15,
            "no_price": 85,
            "taker_side": "no"
        },
        {
            "trade_id": "05baddf0-bdc2-4dab-88a8-c7a76a70b940",
            "ticker": "KXHIGHCHI-25MAR28-B75.5",
            "count": 56,
            "created_time": "2025-03-28T18:45:11.949891Z",
            "yes_price": 14,
            "no_price": 86,
            "taker_side": "no"
        },
        {
            "trade_id": "1d7ed3f8-5ca4-429f-b830-d87932300759",
            "ticker": "KXHIGHCHI-25MAR28-B75.5",
            "count": 15,
            "created_time": "2025-03-28T18:25:29.564828Z",
            "yes_price": 29,
            "no_price": 71,
            "taker_side": "yes"
        },
        {
            "trade_id": "c225c5e0-fa54-4439-bc3d-5b3955798c86",
            "ticker": "KXHIGHCHI-25MAR28-B75.5",
            "count": 27,
            "created_time": "2025-03-28T18:23:37.781754Z",
            "yes_price": 27,
            "no_price": 73,
            "taker_side": "no"
        },
        {
            "trade_id": "54b7a7e9-d393-4a3f-a7e8-2d7f9dd10a8b",
            "ticker": "KXHIGHCHI-25MAR28-B75.5",
            "count": 150,
            "created_time": "2025-03-28T18:23:36.913333Z",
            "yes_price": 27,
            "no_price": 73,
            "taker_side": "yes"
        },
        {
            "trade_id": "54dff32d-5103-4bb1-baf1-306d40661756",
            "ticker": "KXHIGHCHI-25MAR28-B75.5",
            "count": 79,
            "created_time": "2025-03-28T18:22:51.743893Z",
            "yes_price": 26,
            "no_price": 74,
            "taker_side": "yes"
        },
        {
            "trade_id": "5cd9076d-f5e6-4fd2-b1dd-9b33a9a440fd",
            "ticker": "KXHIGHCHI-25MAR28-B75.5",
            "count": 4,
            "created_time": "2025-03-28T18:18:26.993371Z",
            "yes_price": 20,
            "no_price": 80,
            "taker_side": "yes"
        },
        {
            "trade_id": "a8e0c6d2-079a-4950-96d2-07547a1590d2",
            "ticker": "KXHIGHCHI-25MAR28-B75.5",
            "count": 26,
            "created_time": "2025-03-28T18:14:03.87034Z",
            "yes_price": 20,
            "no_price": 80,
            "taker_side": "yes"
        },
        {
            "trade_id": "1f179a3a-1a82-48ce-8035-bf04c14cec93",
            "ticker": "KXHIGHCHI-25MAR28-B75.5",
            "count": 46,
            "created_time": "2025-03-28T18:11:06.360078Z",
            "yes_price": 20,
            "no_price": 80,
            "taker_side": "yes"
        },
        {
            "trade_id": "042fbc27-1a03-4259-b065-af20f5f04173",
            "ticker": "KXHIGHCHI-25MAR28-B75.5",
            "count": 93,
            "created_time": "2025-03-28T18:03:17.598981Z",
            "yes_price": 15,
            "no_price": 85,
            "taker_side": "no"
        },
        {
            "trade_id": "534b2f07-d768-47f5-b7e8-8197527c9aff",
            "ticker": "KXHIGHCHI-25MAR28-B75.5",
            "count": 5,
            "created_time": "2025-03-28T18:03:16.751335Z",
            "yes_price": 16,
            "no_price": 84,
            "taker_side": "no"
        },
        {
            "trade_id": "403810b5-b049-454d-8535-50e94d0ca535",
            "ticker": "KXHIGHCHI-25MAR28-B75.5",
            "count": 3,
            "created_time": "2025-03-28T18:02:03.031385Z",
            "yes_price": 20,
            "no_price": 80,
            "taker_side": "yes"
        },
        {
            "trade_id": "bdae48af-87e4-408b-b5bb-14a9f09ee2d6",
            "ticker": "KXHIGHCHI-25MAR28-B75.5",
            "count": 499,
            "created_time": "2025-03-28T17:55:16.749362Z",
            "yes_price": 16,
            "no_price": 84,
            "taker_side": "no"
        },
        {
            "trade_id": "3d761118-fb2c-4446-8f96-24c4d6adb619",
            "ticker": "KXHIGHCHI-25MAR28-B75.5",
            "count": 53,
            "created_time": "2025-03-28T17:55:16.749362Z",
            "yes_price": 17,
            "no_price": 83,
            "taker_side": "no"
        },
        {
            "trade_id": "1a797aa9-15e0-49c0-b278-7580dcc7e093",
            "ticker": "KXHIGHCHI-25MAR28-B75.5",
            "count": 10,
            "created_time": "2025-03-28T17:52:36.114293Z",
            "yes_price": 27,
            "no_price": 73,
            "taker_side": "yes"
        },
        {
            "trade_id": "c67103c7-0de8-4470-bf91-206311be1e83",
            "ticker": "KXHIGHCHI-25MAR28-B75.5",
            "count": 3,
            "created_time": "2025-03-28T17:52:06.38543Z",
            "yes_price": 26,
            "no_price": 74,
            "taker_side": "yes"
        },
        {
            "trade_id": "b27bc4c4-8f4a-41be-85c9-95ed65835c11",
            "ticker": "KXHIGHCHI-25MAR28-B75.5",
            "count": 3,
            "created_time": "2025-03-28T17:52:06.38543Z",
            "yes_price": 27,
            "no_price": 73,
            "taker_side": "yes"
        },
        {
            "trade_id": "b65d890d-5227-47fa-a257-459dc095d905",
            "ticker": "KXHIGHCHI-25MAR28-B75.5",
            "count": 47,
            "created_time": "2025-03-28T17:44:39.81713Z",
            "yes_price": 26,
            "no_price": 74,
            "taker_side": "yes"
        },
        {
            "trade_id": "3740b011-06d2-4f90-bdf5-82dbf4e8ba5c",
            "ticker": "KXHIGHCHI-25MAR28-B75.5",
            "count": 25,
            "created_time": "2025-03-28T17:44:39.81713Z",
            "yes_price": 25,
            "no_price": 75,
            "taker_side": "yes"
        },
        {
            "trade_id": "e5ef207d-714d-4645-bd4a-11aa2fa38e7a",
            "ticker": "KXHIGHCHI-25MAR28-B75.5",
            "count": 1,
            "created_time": "2025-03-28T17:26:33.665817Z",
            "yes_price": 16,
            "no_price": 84,
            "taker_side": "no"
        },
        {
            "trade_id": "0f4827ef-fd88-4f6f-8dab-ea55239c44b5",
            "ticker": "KXHIGHCHI-25MAR28-B75.5",
            "count": 50,
            "created_time": "2025-03-28T17:18:27.287919Z",
            "yes_price": 20,
            "no_price": 80,
            "taker_side": "no"
        },
        {
            "trade_id": "e56b7af6-8f5f-4028-b5a3-fa74d6097140",
            "ticker": "KXHIGHCHI-25MAR28-B75.5",
            "count": 53,
            "created_time": "2025-03-28T17:16:20.254073Z",
            "yes_price": 28,
            "no_price": 72,
            "taker_side": "no"
        },
        {
            "trade_id": "c00800a2-1b86-4a08-828f-5247aba9cbed",
            "ticker": "KXHIGHCHI-25MAR28-B75.5",
            "count": 147,
            "created_time": "2025-03-28T17:16:13.079912Z",
            "yes_price": 28,
            "no_price": 72,
            "taker_side": "yes"
        },
        {
            "trade_id": "1002b379-8942-4f8c-a06b-9badb963f04f",
            "ticker": "KXHIGHCHI-25MAR28-B75.5",
            "count": 25,
            "created_time": "2025-03-28T17:12:57.576754Z",
            "yes_price": 21,
            "no_price": 79,
            "taker_side": "no"
        },
        {
            "trade_id": "6122957d-8085-46d9-8a6e-4da3b4ee7dd5",
            "ticker": "KXHIGHCHI-25MAR28-B75.5",
            "count": 14,
            "created_time": "2025-03-28T17:12:00.845665Z",
            "yes_price": 27,
            "no_price": 73,
            "taker_side": "no"
        },
        {
            "trade_id": "57ed253c-fcbb-4868-9ed3-d358813c658e",
            "ticker": "KXHIGHCHI-25MAR28-B75.5",
            "count": 25,
            "created_time": "2025-03-28T17:12:00.845665Z",
            "yes_price": 25,
            "no_price": 75,
            "taker_side": "no"
        },
        {
            "trade_id": "55d3ccb2-aa9d-42f5-937d-c201a9223372",
            "ticker": "KXHIGHCHI-25MAR28-B75.5",
            "count": 61,
            "created_time": "2025-03-28T17:12:00.845665Z",
            "yes_price": 26,
            "no_price": 74,
            "taker_side": "no"
        },
        {
            "trade_id": "bbc60110-230f-4f7b-bb90-b0874493554c",
            "ticker": "KXHIGHCHI-25MAR28-B75.5",
            "count": 98,
            "created_time": "2025-03-28T17:08:03.721797Z",
            "yes_price": 29,
            "no_price": 71,
            "taker_side": "yes"
        },
        {
            "trade_id": "419cca26-c3e9-4085-8fff-956da229a053",
            "ticker": "KXHIGHCHI-25MAR28-B75.5",
            "count": 1,
            "created_time": "2025-03-28T16:56:20.019582Z",
            "yes_price": 20,
            "no_price": 80,
            "taker_side": "no"
        },
        {
            "trade_id": "aee2a826-4285-4fbf-9e8b-ab4f530fbe82",
            "ticker": "KXHIGHCHI-25MAR28-B75.5",
            "count": 2,
            "created_time": "2025-03-28T16:54:51.519683Z",
            "yes_price": 19,
            "no_price": 81,
            "taker_side": "yes"
        },
        {
            "trade_id": "c06e063c-2149-43ce-9e1e-f92d77866ecb",
            "ticker": "KXHIGHCHI-25MAR28-B75.5",
            "count": 3,
            "created_time": "2025-03-28T16:27:44.694626Z",
            "yes_price": 28,
            "no_price": 72,
            "taker_side": "no"
        },
        {
            "trade_id": "8c4bb3cd-1f90-4689-addb-37290cebe7db",
            "ticker": "KXHIGHCHI-25MAR28-B75.5",
            "count": 1,
            "created_time": "2025-03-28T16:27:44.694626Z",
            "yes_price": 28,
            "no_price": 72,
            "taker_side": "no"
        },
        {
            "trade_id": "c1244a71-a5f7-4953-92f6-c32ebf36d8a8",
            "ticker": "KXHIGHCHI-25MAR28-B75.5",
            "count": 1,
            "created_time": "2025-03-28T16:27:44.511788Z",
            "yes_price": 29,
            "no_price": 71,
            "taker_side": "no"
        },
        {
            "trade_id": "bc72a51c-9691-4dc7-b694-853307e8b959",
            "ticker": "KXHIGHCHI-25MAR28-B75.5",
            "count": 1,
            "created_time": "2025-03-28T16:27:43.850489Z",
            "yes_price": 30,
            "no_price": 70,
            "taker_side": "no"
        },
        {
            "trade_id": "ff7d583e-ffbc-44aa-8f4d-e0880ec19b3c",
            "ticker": "KXHIGHCHI-25MAR28-B75.5",
            "count": 50,
            "created_time": "2025-03-28T16:25:11.02863Z",
            "yes_price": 33,
            "no_price": 67,
            "taker_side": "yes"
        },
        {
            "trade_id": "705cf2a4-7eb7-41e6-98dd-9888ce702294",
            "ticker": "KXHIGHCHI-25MAR28-B75.5",
            "count": 9,
            "created_time": "2025-03-28T16:24:12.191634Z",
            "yes_price": 34,
            "no_price": 66,
            "taker_side": "yes"
        },
        {
            "trade_id": "48e4c8eb-567d-4feb-9d4b-a983e51c728f",
            "ticker": "KXHIGHCHI-25MAR28-B75.5",
            "count": 1,
            "created_time": "2025-03-28T16:24:12.191634Z",
            "yes_price": 32,
            "no_price": 68,
            "taker_side": "yes"
        },
        {
            "trade_id": "056078d2-c340-4492-8ae2-3773e4776f0b",
            "ticker": "KXHIGHCHI-25MAR28-B75.5",
            "count": 15,
            "created_time": "2025-03-28T16:24:12.191634Z",
            "yes_price": 33,
            "no_price": 67,
            "taker_side": "yes"
        },
        {
            "trade_id": "d23e4b81-911a-44b4-8546-95793911b22d",
            "ticker": "KXHIGHCHI-25MAR28-B75.5",
            "count": 3,
            "created_time": "2025-03-28T16:09:41.839207Z",
            "yes_price": 31,
            "no_price": 69,
            "taker_side": "yes"
        },
        {
            "trade_id": "b4152267-9f0a-4616-b6d3-a7093e724d9c",
            "ticker": "KXHIGHCHI-25MAR28-B75.5",
            "count": 1,
            "created_time": "2025-03-28T16:09:41.839207Z",
            "yes_price": 29,
            "no_price": 71,
            "taker_side": "yes"
        },
        {
            "trade_id": "3da4e8b3-865a-4051-b499-6c1c98858b63",
            "ticker": "KXHIGHCHI-25MAR28-B75.5",
            "count": 1,
            "created_time": "2025-03-28T16:09:41.839207Z",
            "yes_price": 30,
            "no_price": 70,
            "taker_side": "yes"
        },
        {
            "trade_id": "1f9c8f8d-1fe5-4537-851d-550a5cffc934",
            "ticker": "KXHIGHCHI-25MAR28-B75.5",
            "count": 1,
            "created_time": "2025-03-28T16:09:41.839207Z",
            "yes_price": 31,
            "no_price": 69,
            "taker_side": "yes"
        },
        {
            "trade_id": "2d55c1fb-6e5c-4ea2-b191-0c62ddf052c3",
            "ticker": "KXHIGHCHI-25MAR28-B75.5",
            "count": 80,
            "created_time": "2025-03-28T15:57:27.066703Z",
            "yes_price": 28,
            "no_price": 72,
            "taker_side": "yes"
        },
        {
            "trade_id": "efb1338c-6e50-4449-9f98-3c1f5ad4baab",
            "ticker": "KXHIGHCHI-25MAR28-B75.5",
            "count": 36,
            "created_time": "2025-03-28T15:56:53.217724Z",
            "yes_price": 27,
            "no_price": 73,
            "taker_side": "yes"
        },
        {
            "trade_id": "cb29723b-e454-4019-a73f-6142d561ee7e",
            "ticker": "KXHIGHCHI-25MAR28-B75.5",
            "count": 14,
            "created_time": "2025-03-28T15:56:53.217724Z",
            "yes_price": 29,
            "no_price": 71,
            "taker_side": "yes"
        },
        {
            "trade_id": "4565a059-9daf-4d73-8686-ed07277209d7",
            "ticker": "KXHIGHCHI-25MAR28-B75.5",
            "count": 30,
            "created_time": "2025-03-28T15:44:43.819371Z",
            "yes_price": 29,
            "no_price": 71,
            "taker_side": "yes"
        },
        {
            "trade_id": "407c4a65-30ac-476a-9714-795f6f6f49cd",
            "ticker": "KXHIGHCHI-25MAR28-B75.5",
            "count": 6,
            "created_time": "2025-03-28T15:44:43.819371Z",
            "yes_price": 29,
            "no_price": 71,
            "taker_side": "yes"
        },
        {
            "trade_id": "1e124567-7b53-4f31-a3bc-43d83a2249e8",
            "ticker": "KXHIGHCHI-25MAR28-B75.5",
            "count": 64,
            "created_time": "2025-03-28T15:44:43.819371Z",
            "yes_price": 27,
            "no_price": 73,
            "taker_side": "yes"
        },
        {
            "trade_id": "3cd5ee15-7a7e-4bcd-b665-1f434c84aaf3",
            "ticker": "KXHIGHCHI-25MAR28-B75.5",
            "count": 6,
            "created_time": "2025-03-28T15:36:54.67308Z",
            "yes_price": 25,
            "no_price": 75,
            "taker_side": "no"
        },
        {
            "trade_id": "f392f565-dec1-4cf6-b6f1-72f5f3b28436",
            "ticker": "KXHIGHCHI-25MAR28-B75.5",
            "count": 6,
            "created_time": "2025-03-28T15:36:53.051645Z",
            "yes_price": 25,
            "no_price": 75,
            "taker_side": "yes"
        },
        {
            "trade_id": "11db2ce8-8b7a-4685-b871-54113c75f1ab",
            "ticker": "KXHIGHCHI-25MAR28-B75.5",
            "count": 3,
            "created_time": "2025-03-28T15:33:04.953984Z",
            "yes_price": 26,
            "no_price": 74,
            "taker_side": "yes"
        },
        {
            "trade_id": "cae61b10-6239-4c94-a18b-32d8239fe611",
            "ticker": "KXHIGHCHI-25MAR28-B75.5",
            "count": 200,
            "created_time": "2025-03-28T15:31:18.588652Z",
            "yes_price": 25,
            "no_price": 75,
            "taker_side": "yes"
        },
        {
            "trade_id": "a11c3bb8-2d5a-4965-bf93-452d0b9b8ea1",
            "ticker": "KXHIGHCHI-25MAR28-B75.5",
            "count": 42,
            "created_time": "2025-03-28T15:31:18.588652Z",
            "yes_price": 25,
            "no_price": 75,
            "taker_side": "yes"
        },
        {
            "trade_id": "73f5ead5-f791-467b-8334-ff6adf8f664b",
            "ticker": "KXHIGHCHI-25MAR28-B75.5",
            "count": 2,
            "created_time": "2025-03-28T15:31:18.588652Z",
            "yes_price": 25,
            "no_price": 75,
            "taker_side": "yes"
        },
        {
            "trade_id": "40413363-10e9-41f3-bf08-fbdeed67c0ff",
            "ticker": "KXHIGHCHI-25MAR28-B75.5",
            "count": 3,
            "created_time": "2025-03-28T15:31:18.588652Z",
            "yes_price": 25,
            "no_price": 75,
            "taker_side": "yes"
        },
        {
            "trade_id": "f1e4a930-36aa-43c8-8cb0-1608f9b7a7b6",
            "ticker": "KXHIGHCHI-25MAR28-B75.5",
            "count": 14,
            "created_time": "2025-03-28T15:25:18.03073Z",
            "yes_price": 25,
            "no_price": 75,
            "taker_side": "yes"
        },
        {
            "trade_id": "f76c1613-ceff-443e-b19d-3f284ce0c249",
            "ticker": "KXHIGHCHI-25MAR28-B75.5",
            "count": 4,
            "created_time": "2025-03-28T14:44:20.019281Z",
            "yes_price": 23,
            "no_price": 77,
            "taker_side": "no"
        },
        {
            "trade_id": "ef8d5620-54a7-4fdc-89d6-331d3584524e",
            "ticker": "KXHIGHCHI-25MAR28-B75.5",
            "count": 1,
            "created_time": "2025-03-28T14:44:20.019281Z",
            "yes_price": 22,
            "no_price": 78,
            "taker_side": "no"
        },
        {
            "trade_id": "3b77b868-783b-4110-8475-cc03dfd6ccb3",
            "ticker": "KXHIGHCHI-25MAR28-B75.5",
            "count": 1,
            "created_time": "2025-03-28T14:40:35.963321Z",
            "yes_price": 24,
            "no_price": 76,
            "taker_side": "yes"
        },
        {
            "trade_id": "711b578b-ae8b-465d-8330-1359bb8c5a41",
            "ticker": "KXHIGHCHI-25MAR28-B75.5",
            "count": 45,
            "created_time": "2025-03-28T14:27:00.441993Z",
            "yes_price": 24,
            "no_price": 76,
            "taker_side": "yes"
        },
        {
            "trade_id": "1373ac99-6a02-4df0-9e49-5c22648bee07",
            "ticker": "KXHIGHCHI-25MAR28-B75.5",
            "count": 5,
            "created_time": "2025-03-28T14:27:00.441993Z",
            "yes_price": 24,
            "no_price": 76,
            "taker_side": "yes"
        },
        {
            "trade_id": "7c0d3380-8237-43ee-b9e9-9cac4eea2d57",
            "ticker": "KXHIGHCHI-25MAR28-B75.5",
            "count": 6,
            "created_time": "2025-03-28T14:25:47.13433Z",
            "yes_price": 23,
            "no_price": 77,
            "taker_side": "yes"
        },
        {
            "trade_id": "6a9f2446-8253-40a0-bc1e-76b40540d69e",
            "ticker": "KXHIGHCHI-25MAR28-B75.5",
            "count": 57,
            "created_time": "2025-03-28T14:18:57.055007Z",
            "yes_price": 24,
            "no_price": 76,
            "taker_side": "yes"
        },
        {
            "trade_id": "68f44511-d654-4aa7-8241-c23a4b4e56cc",
            "ticker": "KXHIGHCHI-25MAR28-B75.5",
            "count": 50,
            "created_time": "2025-03-28T14:16:51.9751Z",
            "yes_price": 23,
            "no_price": 77,
            "taker_side": "yes"
        },
        {
            "trade_id": "fb94b05f-1cfb-483a-beec-ff0d7fcad24b",
            "ticker": "KXHIGHCHI-25MAR28-B75.5",
            "count": 18,
            "created_time": "2025-03-28T14:12:52.632992Z",
            "yes_price": 25,
            "no_price": 75,
            "taker_side": "yes"
        },
        {
            "trade_id": "ab27e98a-5f70-46b8-ab0d-646c5e158a4c",
            "ticker": "KXHIGHCHI-25MAR28-B75.5",
            "count": 1,
            "created_time": "2025-03-28T14:12:16.612904Z",
            "yes_price": 25,
            "no_price": 75,
            "taker_side": "yes"
        },
        {
            "trade_id": "53351420-40da-47fd-b1e8-c9488ccc0ae2",
            "ticker": "KXHIGHCHI-25MAR28-B75.5",
            "count": 6,
            "created_time": "2025-03-28T14:12:16.612904Z",
            "yes_price": 25,
            "no_price": 75,
            "taker_side": "yes"
        },
        {
            "trade_id": "2a812fd9-84e0-4f53-ac86-779873394c85",
            "ticker": "KXHIGHCHI-25MAR28-B75.5",
            "count": 37,
            "created_time": "2025-03-28T14:04:47.915511Z",
            "yes_price": 25,
            "no_price": 75,
            "taker_side": "yes"
        },
        {
            "trade_id": "616104ff-58b3-4f07-9443-c202e168ce21",
            "ticker": "KXHIGHCHI-25MAR28-B75.5",
            "count": 24,
            "created_time": "2025-03-28T13:49:42.349662Z",
            "yes_price": 22,
            "no_price": 78,
            "taker_side": "yes"
        },
        {
            "trade_id": "261e63b2-ba41-4ba3-8b70-4023f296ec79",
            "ticker": "KXHIGHCHI-25MAR28-B75.5",
            "count": 1,
            "created_time": "2025-03-28T13:49:42.349662Z",
            "yes_price": 22,
            "no_price": 78,
            "taker_side": "yes"
        },
        {
            "trade_id": "a3486023-ca5d-431a-891b-f64ca596b952",
            "ticker": "KXHIGHCHI-25MAR28-B75.5",
            "count": 4,
            "created_time": "2025-03-28T13:40:14.931627Z",
            "yes_price": 24,
            "no_price": 76,
            "taker_side": "no"
        },
        {
            "trade_id": "21aea329-07d7-4ffd-b987-ac4d3db4d090",
            "ticker": "KXHIGHCHI-25MAR28-B75.5",
            "count": 1,
            "created_time": "2025-03-28T13:40:14.931627Z",
            "yes_price": 24,
            "no_price": 76,
            "taker_side": "no"
        },
        {
            "trade_id": "fda4f55b-5963-4fff-94cd-7150fe0695af",
            "ticker": "KXHIGHCHI-25MAR28-B75.5",
            "count": 3,
            "created_time": "2025-03-28T13:37:28.062199Z",
            "yes_price": 26,
            "no_price": 74,
            "taker_side": "yes"
        },
        {
            "trade_id": "0daae021-bada-4235-86d3-1fb3de6b3f42",
            "ticker": "KXHIGHCHI-25MAR28-B75.5",
            "count": 14,
            "created_time": "2025-03-28T13:04:21.165367Z",
            "yes_price": 26,
            "no_price": 74,
            "taker_side": "yes"
        },
        {
            "trade_id": "c0fd01c3-2df1-4975-8160-b215a3cfbbd3",
            "ticker": "KXHIGHCHI-25MAR28-B75.5",
            "count": 4,
            "created_time": "2025-03-28T13:02:19.287334Z",
            "yes_price": 26,
            "no_price": 74,
            "taker_side": "yes"
        },
        {
            "trade_id": "04f852fa-4458-4788-bc72-fd7d9c0d7ced",
            "ticker": "KXHIGHCHI-25MAR28-B75.5",
            "count": 23,
            "created_time": "2025-03-28T13:02:19.287334Z",
            "yes_price": 26,
            "no_price": 74,
            "taker_side": "yes"
        },
        {
            "trade_id": "04ee6894-b081-4bb0-87c4-dcabf95e4ac7",
            "ticker": "KXHIGHCHI-25MAR28-B75.5",
            "count": 4,
            "created_time": "2025-03-28T13:02:19.287334Z",
            "yes_price": 26,
            "no_price": 74,
            "taker_side": "yes"
        },
        {
            "trade_id": "c59875af-c0fd-4b95-9ff6-0765c842f6ad",
            "ticker": "KXHIGHCHI-25MAR28-B75.5",
            "count": 106,
            "created_time": "2025-03-28T12:23:19.070868Z",
            "yes_price": 27,
            "no_price": 73,
            "taker_side": "yes"
        },
        {
            "trade_id": "bd3be45f-297a-43fb-9a8a-ca6cdebd8270",
            "ticker": "KXHIGHCHI-25MAR28-B75.5",
            "count": 1,
            "created_time": "2025-03-28T12:23:19.070868Z",
            "yes_price": 26,
            "no_price": 74,
            "taker_side": "yes"
        },
        {
            "trade_id": "b49db6aa-d1aa-486a-a2d5-cf9662467134",
            "ticker": "KXHIGHCHI-25MAR28-B75.5",
            "count": 45,
            "created_time": "2025-03-28T12:23:19.070868Z",
            "yes_price": 26,
            "no_price": 74,
            "taker_side": "yes"
        },
        {
            "trade_id": "4d73f183-adea-4ac0-b017-d2232d8645c9",
            "ticker": "KXHIGHCHI-25MAR28-B75.5",
            "count": 19,
            "created_time": "2025-03-28T12:23:19.070868Z",
            "yes_price": 25,
            "no_price": 75,
            "taker_side": "yes"
        },
        {
            "trade_id": "62984452-0f11-4f89-9d29-655d8aa3d322",
            "ticker": "KXHIGHCHI-25MAR28-B75.5",
            "count": 19,
            "created_time": "2025-03-28T12:07:15.616085Z",
            "yes_price": 19,
            "no_price": 81,
            "taker_side": "no"
        },
        {
            "trade_id": "92306eb3-4acd-4a94-8be5-c0d083d939a3",
            "ticker": "KXHIGHCHI-25MAR28-B75.5",
            "count": 2,
            "created_time": "2025-03-28T12:07:11.097891Z",
            "yes_price": 21,
            "no_price": 79,
            "taker_side": "no"
        },
        {
            "trade_id": "249ef73b-a30e-43ca-9445-a622885e27b0",
            "ticker": "KXHIGHCHI-25MAR28-B75.5",
            "count": 37,
            "created_time": "2025-03-28T12:07:11.097891Z",
            "yes_price": 21,
            "no_price": 79,
            "taker_side": "no"
        },
        {
            "trade_id": "b080fba0-4739-4307-a141-c8b057cebc40",
            "ticker": "KXHIGHCHI-25MAR28-B75.5",
            "count": 107,
            "created_time": "2025-03-28T06:44:02.551558Z",
            "yes_price": 15,
            "no_price": 85,
            "taker_side": "no"
        },
        {
            "trade_id": "8bdf764f-2fae-4a6b-aa99-1413f0be19de",
            "ticker": "KXHIGHCHI-25MAR28-B75.5",
            "count": 3,
            "created_time": "2025-03-28T06:44:02.551558Z",
            "yes_price": 29,
            "no_price": 71,
            "taker_side": "no"
        },
        {
            "trade_id": "866fe25c-2032-4849-ada4-e965e708ef93",
            "ticker": "KXHIGHCHI-25MAR28-B75.5",
            "count": 99,
            "created_time": "2025-03-28T06:44:02.551558Z",
            "yes_price": 28,
            "no_price": 72,
            "taker_side": "no"
        },
        {
            "trade_id": "656b2a83-281d-4d2d-8c65-f851183725a5",
            "ticker": "KXHIGHCHI-25MAR28-B75.5",
            "count": 37,
            "created_time": "2025-03-28T06:44:02.551558Z",
            "yes_price": 29,
            "no_price": 71,
            "taker_side": "no"
        },
        {
            "trade_id": "3b06b0dd-d84d-4cc6-8a37-f4d68e8d2776",
            "ticker": "KXHIGHCHI-25MAR28-B75.5",
            "count": 33,
            "created_time": "2025-03-28T06:44:02.551558Z",
            "yes_price": 30,
            "no_price": 70,
            "taker_side": "no"
        },
        {
            "trade_id": "37be4da7-69c5-44ce-95ca-35fefa6d808e",
            "ticker": "KXHIGHCHI-25MAR28-B75.5",
            "count": 19,
            "created_time": "2025-03-28T06:44:02.551558Z",
            "yes_price": 16,
            "no_price": 84,
            "taker_side": "no"
        },
        {
            "trade_id": "cffaeca5-42b7-4d68-ac72-5dc2a3605f7d",
            "ticker": "KXHIGHCHI-25MAR28-B75.5",
            "count": 29,
            "created_time": "2025-03-28T06:40:55.170805Z",
            "yes_price": 30,
            "no_price": 70,
            "taker_side": "no"
        },
        {
            "trade_id": "fbe11458-269b-4bd8-bff8-8e91d3575313",
            "ticker": "KXHIGHCHI-25MAR28-B75.5",
            "count": 1,
            "created_time": "2025-03-28T06:39:23.10525Z",
            "yes_price": 31,
            "no_price": 69,
            "taker_side": "no"
        },
        {
            "trade_id": "cd86a3d0-5115-417d-afd7-47969cffaf21",
            "ticker": "KXHIGHCHI-25MAR28-B75.5",
            "count": 199,
            "created_time": "2025-03-28T06:39:23.10525Z",
            "yes_price": 29,
            "no_price": 71,
            "taker_side": "no"
        },
        {
            "trade_id": "bbdb91e7-1988-47d6-b7de-ff2b42f63fb3",
            "ticker": "KXHIGHCHI-25MAR28-B75.5",
            "count": 50,
            "created_time": "2025-03-28T06:39:23.10525Z",
            "yes_price": 31,
            "no_price": 69,
            "taker_side": "no"
        },
        {
            "trade_id": "00d3b13d-9b32-4dd1-93af-7be091d27cd5",
            "ticker": "KXHIGHCHI-25MAR28-B75.5",
            "count": 10,
            "created_time": "2025-03-28T06:37:05.482118Z",
            "yes_price": 33,
            "no_price": 67,
            "taker_side": "yes"
        },
        {
            "trade_id": "390251ea-6a92-4cf6-b36b-d4466fcfcb71",
            "ticker": "KXHIGHCHI-25MAR28-B75.5",
            "count": 39,
            "created_time": "2025-03-28T06:34:13.640331Z",
            "yes_price": 33,
            "no_price": 67,
            "taker_side": "no"
        },
        {
            "trade_id": "cf75d8cf-0984-48a7-af88-463626cf842f",
            "ticker": "KXHIGHCHI-25MAR28-B75.5",
            "count": 1,
            "created_time": "2025-03-28T06:33:54.328023Z",
            "yes_price": 33,
            "no_price": 67,
            "taker_side": "no"
        },
        {
            "trade_id": "0c0b68d5-6e88-4280-a504-ec8c5a9035d9",
            "ticker": "KXHIGHCHI-25MAR28-B75.5",
            "count": 36,
            "created_time": "2025-03-28T06:33:54.328023Z",
            "yes_price": 33,
            "no_price": 67,
            "taker_side": "no"
        },
        {
            "trade_id": "9e780211-b252-4cdc-8d60-645c7f2d765c",
            "ticker": "KXHIGHCHI-25MAR28-B75.5",
            "count": 1,
            "created_time": "2025-03-28T06:28:50.704919Z",
            "yes_price": 32,
            "no_price": 68,
            "taker_side": "yes"
        },
        {
            "trade_id": "644c0f0a-dde7-4241-ab74-ec09e9636da4",
            "ticker": "KXHIGHCHI-25MAR28-B75.5",
            "count": 16,
            "created_time": "2025-03-28T05:50:01.966158Z",
            "yes_price": 30,
            "no_price": 70,
            "taker_side": "no"
        },
        {
            "trade_id": "23f69a13-b6c6-4b84-a484-5dcb751ccd0f",
            "ticker": "KXHIGHCHI-25MAR28-B75.5",
            "count": 36,
            "created_time": "2025-03-28T05:50:01.966158Z",
            "yes_price": 30,
            "no_price": 70,
            "taker_side": "no"
        },
        {
            "trade_id": "50e95c9c-916f-49d4-9d86-5fb4edea962e",
            "ticker": "KXHIGHCHI-25MAR28-B75.5",
            "count": 3,
            "created_time": "2025-03-28T05:42:38.035614Z",
            "yes_price": 30,
            "no_price": 70,
            "taker_side": "yes"
        },
        {
            "trade_id": "980c7a17-4f5e-4a89-a0a2-d66e674bd7d3",
            "ticker": "KXHIGHCHI-25MAR28-B75.5",
            "count": 12,
            "created_time": "2025-03-28T05:42:33.394437Z",
            "yes_price": 29,
            "no_price": 71,
            "taker_side": "no"
        },
        {
            "trade_id": "1d2d4d67-2470-4e8f-aa57-4d7fbff556ea",
            "ticker": "KXHIGHCHI-25MAR28-B75.5",
            "count": 8,
            "created_time": "2025-03-28T05:35:39.566201Z",
            "yes_price": 29,
            "no_price": 71,
            "taker_side": "no"
        },
        {
            "trade_id": "6b39e425-fe5d-46bc-b55d-6bf62f7a0f30",
            "ticker": "KXHIGHCHI-25MAR28-B75.5",
            "count": 9,
            "created_time": "2025-03-28T05:15:35.364872Z",
            "yes_price": 31,
            "no_price": 69,
            "taker_side": "no"
        },
        {
            "trade_id": "6a7bfa00-e94e-4d5b-80de-5a6add9e3f22",
            "ticker": "KXHIGHCHI-25MAR28-B75.5",
            "count": 5,
            "created_time": "2025-03-28T05:15:35.364872Z",
            "yes_price": 31,
            "no_price": 69,
            "taker_side": "no"
        },
        {
            "trade_id": "76abc01b-a16b-4fec-be57-6745738c6684",
            "ticker": "KXHIGHCHI-25MAR28-B75.5",
            "count": 20,
            "created_time": "2025-03-28T04:54:45.287398Z",
            "yes_price": 31,
            "no_price": 69,
            "taker_side": "no"
        },
        {
            "trade_id": "ed8f35fa-5f2c-4fe6-8fac-67f1fd42e106",
            "ticker": "KXHIGHCHI-25MAR28-B75.5",
            "count": 50,
            "created_time": "2025-03-28T04:35:02.917948Z",
            "yes_price": 31,
            "no_price": 69,
            "taker_side": "no"
        },
        {
            "trade_id": "6967de65-2dbd-4191-9b3b-6b82bffa48f0",
            "ticker": "KXHIGHCHI-25MAR28-B75.5",
            "count": 41,
            "created_time": "2025-03-28T04:35:02.917948Z",
            "yes_price": 30,
            "no_price": 70,
            "taker_side": "no"
        },
        {
            "trade_id": "4e1347b9-d6e2-4311-8816-26ae896670fc",
            "ticker": "KXHIGHCHI-25MAR28-B75.5",
            "count": 16,
            "created_time": "2025-03-28T04:23:08.775327Z",
            "yes_price": 32,
            "no_price": 68,
            "taker_side": "no"
        },
        {
            "trade_id": "dcdffd8c-2835-4a2d-98f1-7b8bb87953ff",
            "ticker": "KXHIGHCHI-25MAR28-B75.5",
            "count": 12,
            "created_time": "2025-03-28T04:18:51.102575Z",
            "yes_price": 32,
            "no_price": 68,
            "taker_side": "no"
        },
        {
            "trade_id": "3fc05a4e-72b1-4623-83fa-ac448379e024",
            "ticker": "KXHIGHCHI-25MAR28-B75.5",
            "count": 19,
            "created_time": "2025-03-28T04:18:51.102575Z",
            "yes_price": 32,
            "no_price": 68,
            "taker_side": "no"
        },
        {
            "trade_id": "c2d5d45f-0be5-4e1c-9b8e-dfd4113f0a4e",
            "ticker": "KXHIGHCHI-25MAR28-B75.5",
            "count": 20,
            "created_time": "2025-03-28T02:35:38.945383Z",
            "yes_price": 37,
            "no_price": 63,
            "taker_side": "yes"
        },
        {
            "trade_id": "bc581595-8b3f-48f0-bc3f-bba1be1d53b6",
            "ticker": "KXHIGHCHI-25MAR28-B75.5",
            "count": 12,
            "created_time": "2025-03-28T02:29:21.740884Z",
            "yes_price": 32,
            "no_price": 68,
            "taker_side": "no"
        },
        {
            "trade_id": "624a241c-ad51-4446-9f39-5a00e873b129",
            "ticker": "KXHIGHCHI-25MAR28-B75.5",
            "count": 13,
            "created_time": "2025-03-28T02:29:21.740884Z",
            "yes_price": 32,
            "no_price": 68,
            "taker_side": "no"
        },
        {
            "trade_id": "b248bd8b-8b79-4e6e-b71b-f8fa9a25359f",
            "ticker": "KXHIGHCHI-25MAR28-B75.5",
            "count": 25,
            "created_time": "2025-03-28T02:05:33.345676Z",
            "yes_price": 37,
            "no_price": 63,
            "taker_side": "yes"
        },
        {
            "trade_id": "b9e2b57f-f3e1-4bc1-b83b-aa5bb26a4a3f",
            "ticker": "KXHIGHCHI-25MAR28-B75.5",
            "count": 60,
            "created_time": "2025-03-28T01:50:22.36171Z",
            "yes_price": 32,
            "no_price": 68,
            "taker_side": "yes"
        },
        {
            "trade_id": "1468d282-d82c-43d3-8765-3da8c63fec2e",
            "ticker": "KXHIGHCHI-25MAR28-B75.5",
            "count": 5,
            "created_time": "2025-03-28T01:31:26.455632Z",
            "yes_price": 33,
            "no_price": 67,
            "taker_side": "yes"
        },
        {
            "trade_id": "48e29a7f-644b-4f05-95d8-2c108988ef33",
            "ticker": "KXHIGHCHI-25MAR28-B75.5",
            "count": 58,
            "created_time": "2025-03-28T00:42:46.80773Z",
            "yes_price": 32,
            "no_price": 68,
            "taker_side": "yes"
        },
        {
            "trade_id": "9ea2f719-2aae-4985-8a30-4393dacc9ec9",
            "ticker": "KXHIGHCHI-25MAR28-B75.5",
            "count": 176,
            "created_time": "2025-03-27T23:57:11.177941Z",
            "yes_price": 32,
            "no_price": 68,
            "taker_side": "yes"
        },
        {
            "trade_id": "9b549c97-9717-479b-8661-6ee1410b056f",
            "ticker": "KXHIGHCHI-25MAR28-B75.5",
            "count": 119,
            "created_time": "2025-03-27T23:57:11.177941Z",
            "yes_price": 30,
            "no_price": 70,
            "taker_side": "yes"
        },
        {
            "trade_id": "719ef6b4-7f76-49ff-aed9-f7009b1c4396",
            "ticker": "KXHIGHCHI-25MAR28-B75.5",
            "count": 3,
            "created_time": "2025-03-27T23:57:11.177941Z",
            "yes_price": 31,
            "no_price": 69,
            "taker_side": "yes"
        },
        {
            "trade_id": "cbcfb92c-8b21-4500-9879-0152bab4c791",
            "ticker": "KXHIGHCHI-25MAR28-B75.5",
            "count": 44,
            "created_time": "2025-03-27T23:55:07.330176Z",
            "yes_price": 29,
            "no_price": 71,
            "taker_side": "yes"
        },
        {
            "trade_id": "40423500-35e5-4d1d-aa72-19c86c1b609f",
            "ticker": "KXHIGHCHI-25MAR28-B75.5",
            "count": 30,
            "created_time": "2025-03-27T23:48:24.33272Z",
            "yes_price": 30,
            "no_price": 70,
            "taker_side": "yes"
        },
        {
            "trade_id": "b9ea28fc-e540-476e-b307-b7a69c48b4b7",
            "ticker": "KXHIGHCHI-25MAR28-B75.5",
            "count": 3,
            "created_time": "2025-03-27T23:48:22.040447Z",
            "yes_price": 29,
            "no_price": 71,
            "taker_side": "no"
        },
        {
            "trade_id": "001b1278-61d9-4b22-8b86-ddada59ff950",
            "ticker": "KXHIGHCHI-25MAR28-B75.5",
            "count": 15,
            "created_time": "2025-03-27T23:48:22.040447Z",
            "yes_price": 28,
            "no_price": 72,
            "taker_side": "no"
        },
        {
            "trade_id": "faa55202-71fa-45d1-9bcd-520fbe5e096f",
            "ticker": "KXHIGHCHI-25MAR28-B75.5",
            "count": 30,
            "created_time": "2025-03-27T23:48:21.846563Z",
            "yes_price": 37,
            "no_price": 63,
            "taker_side": "no"
        },
        {
            "trade_id": "62dca663-3c4c-4aea-8542-ca7ce0fd7015",
            "ticker": "KXHIGHCHI-25MAR28-B75.5",
            "count": 15,
            "created_time": "2025-03-27T23:48:21.846563Z",
            "yes_price": 38,
            "no_price": 62,
            "taker_side": "no"
        },
        {
            "trade_id": "f83fd4d3-450e-48d6-8018-2f023bb3a359",
            "ticker": "KXHIGHCHI-25MAR28-B75.5",
            "count": 5,
            "created_time": "2025-03-27T23:48:21.785701Z",
            "yes_price": 38,
            "no_price": 62,
            "taker_side": "no"
        },
        {
            "trade_id": "e8bce024-881f-456f-9b4b-bd2f8c0dfbd2",
            "ticker": "KXHIGHCHI-25MAR28-B75.5",
            "count": 22,
            "created_time": "2025-03-27T23:24:18.62736Z",
            "yes_price": 44,
            "no_price": 56,
            "taker_side": "yes"
        },
        {
            "trade_id": "e639d2a0-783d-4a01-8658-4211e7aeb87f",
            "ticker": "KXHIGHCHI-25MAR28-B75.5",
            "count": 66,
            "created_time": "2025-03-27T23:24:18.62736Z",
            "yes_price": 58,
            "no_price": 42,
            "taker_side": "yes"
        },
        {
            "trade_id": "466cfcec-7ef9-4a39-9e3c-1280f836658b",
            "ticker": "KXHIGHCHI-25MAR28-B75.5",
            "count": 15,
            "created_time": "2025-03-27T23:24:18.62736Z",
            "yes_price": 45,
            "no_price": 55,
            "taker_side": "yes"
        },
        {
            "trade_id": "1ceaa7a9-3563-4a33-b88d-a2cbce85a569",
            "ticker": "KXHIGHCHI-25MAR28-B75.5",
            "count": 28,
            "created_time": "2025-03-27T23:24:18.62736Z",
            "yes_price": 55,
            "no_price": 45,
            "taker_side": "yes"
        },
        {
            "trade_id": "277c0091-2dad-4830-a8d0-f61ff81e4a85",
            "ticker": "KXHIGHCHI-25MAR28-B75.5",
            "count": 10,
            "created_time": "2025-03-27T23:12:28.570447Z",
            "yes_price": 31,
            "no_price": 69,
            "taker_side": "no"
        },
        {
            "trade_id": "d295f816-f6a8-4a33-a5fa-540682ea7173",
            "ticker": "KXHIGHCHI-25MAR28-B75.5",
            "count": 30,
            "created_time": "2025-03-27T22:56:12.752083Z",
            "yes_price": 36,
            "no_price": 64,
            "taker_side": "yes"
        },
        {
            "trade_id": "a529cab0-e898-435a-a7bc-4ecdb64fc576",
            "ticker": "KXHIGHCHI-25MAR28-B75.5",
            "count": 26,
            "created_time": "2025-03-27T22:56:12.752083Z",
            "yes_price": 37,
            "no_price": 63,
            "taker_side": "yes"
        },
        {
            "trade_id": "9a85b2f6-cbc7-4962-a1fd-5a9893ba1084",
            "ticker": "KXHIGHCHI-25MAR28-B75.5",
            "count": 26,
            "created_time": "2025-03-27T22:56:12.752083Z",
            "yes_price": 30,
            "no_price": 70,
            "taker_side": "yes"
        },
        {
            "trade_id": "96147c49-b7e2-441c-b61c-a02826c6cab8",
            "ticker": "KXHIGHCHI-25MAR28-B75.5",
            "count": 18,
            "created_time": "2025-03-27T22:56:12.752083Z",
            "yes_price": 46,
            "no_price": 54,
            "taker_side": "yes"
        },
        {
            "trade_id": "886df265-5f6f-4c1e-9789-3ee06d6505de",
            "ticker": "KXHIGHCHI-25MAR28-B75.5",
            "count": 200,
            "created_time": "2025-03-27T22:56:12.752083Z",
            "yes_price": 46,
            "no_price": 54,
            "taker_side": "yes"
        },
        {
            "trade_id": "1f8bb058-455d-4b09-993e-416102750310",
            "ticker": "KXHIGHCHI-25MAR28-B75.5",
            "count": 6,
            "created_time": "2025-03-27T22:32:42.30701Z",
            "yes_price": 30,
            "no_price": 70,
            "taker_side": "yes"
        },
        {
            "trade_id": "8b974502-960c-469d-86cc-085238e04197",
            "ticker": "KXHIGHCHI-25MAR28-B75.5",
            "count": 6,
            "created_time": "2025-03-27T22:31:30.764947Z",
            "yes_price": 30,
            "no_price": 70,
            "taker_side": "yes"
        },
        {
            "trade_id": "db95b981-ba3c-4e67-9c12-3186d0a731aa",
            "ticker": "KXHIGHCHI-25MAR28-B75.5",
            "count": 5,
            "created_time": "2025-03-27T21:04:07.695236Z",
            "yes_price": 29,
            "no_price": 71,
            "taker_side": "yes"
        },
        {
            "trade_id": "8b8e523a-f022-4d8c-bb90-46f15cfcee56",
            "ticker": "KXHIGHCHI-25MAR28-B75.5",
            "count": 5,
            "created_time": "2025-03-27T20:53:14.165376Z",
            "yes_price": 29,
            "no_price": 71,
            "taker_side": "yes"
        },
        {
            "trade_id": "f80a18c6-b0f3-4bb8-9924-e8ca281f6174",
            "ticker": "KXHIGHCHI-25MAR28-B75.5",
            "count": 5,
            "created_time": "2025-03-27T20:50:07.410408Z",
            "yes_price": 29,
            "no_price": 71,
            "taker_side": "yes"
        },
        {
            "trade_id": "e83de1dc-4bb2-44b4-a0fd-d34cd10feee1",
            "ticker": "KXHIGHCHI-25MAR28-B75.5",
            "count": 5,
            "created_time": "2025-03-27T20:42:19.570267Z",
            "yes_price": 29,
            "no_price": 71,
            "taker_side": "yes"
        },
        {
            "trade_id": "abf2965c-4410-4714-9c88-c635008a06e6",
            "ticker": "KXHIGHCHI-25MAR28-B75.5",
            "count": 5,
            "created_time": "2025-03-27T20:33:01.127104Z",
            "yes_price": 29,
            "no_price": 71,
            "taker_side": "yes"
        },
        {
            "trade_id": "0239941c-bbc1-4321-8849-3d919ea8d8c4",
            "ticker": "KXHIGHCHI-25MAR28-B75.5",
            "count": 5,
            "created_time": "2025-03-27T20:33:01.127104Z",
            "yes_price": 30,
            "no_price": 70,
            "taker_side": "yes"
        },
        {
            "trade_id": "91040d7d-c787-49fe-a0ff-e306f4a3c396",
            "ticker": "KXHIGHCHI-25MAR28-B75.5",
            "count": 5,
            "created_time": "2025-03-27T20:26:58.984504Z",
            "yes_price": 28,
            "no_price": 72,
            "taker_side": "yes"
        },
        {
            "trade_id": "e156f3b9-60d8-4fc1-a672-2e3eb60e03ec",
            "ticker": "KXHIGHCHI-25MAR28-B75.5",
            "count": 5,
            "created_time": "2025-03-27T19:45:22.750099Z",
            "yes_price": 18,
            "no_price": 82,
            "taker_side": "yes"
        },
        {
            "trade_id": "b917e8c5-dc8c-4682-8920-aeeb128deb59",
            "ticker": "KXHIGHCHI-25MAR28-B75.5",
            "count": 10,
            "created_time": "2025-03-27T15:31:08.471531Z",
            "yes_price": 14,
            "no_price": 86,
            "taker_side": "yes"
        },
        {
            "trade_id": "373a6bfd-fc18-457a-a3f9-084dc9793189",
            "ticker": "KXHIGHCHI-25MAR28-B75.5",
            "count": 12,
            "created_time": "2025-03-27T15:31:08.471531Z",
            "yes_price": 18,
            "no_price": 82,
            "taker_side": "yes"
        }
    ],
    "KXHIGHCHI-25MAR28-T76": [
        {
            "trade_id": "c60cc9e2-4256-4860-88b2-f94e97e41478",
            "ticker": "KXHIGHCHI-25MAR28-T76",
            "count": 25,
            "created_time": "2025-03-28T22:40:30.525602Z",
            "yes_price": 99,
            "no_price": 1,
            "taker_side": "no"
        },
        {
            "trade_id": "af4305d1-de7a-4aad-aa8a-ff3635dedc31",
            "ticker": "KXHIGHCHI-25MAR28-T76",
            "count": 100,
            "created_time": "2025-03-28T22:19:49.887384Z",
            "yes_price": 99,
            "no_price": 1,
            "taker_side": "no"
        },
        {
            "trade_id": "fb281cb6-be9c-456b-b077-c7ecdfdb9c0e",
            "ticker": "KXHIGHCHI-25MAR28-T76",
            "count": 1,
            "created_time": "2025-03-28T20:30:35.36559Z",
            "yes_price": 99,
            "no_price": 1,
            "taker_side": "no"
        },
        {
            "trade_id": "34900233-a623-4b3f-b13b-67a383102c40",
            "ticker": "KXHIGHCHI-25MAR28-T76",
            "count": 46,
            "created_time": "2025-03-28T20:30:35.36559Z",
            "yes_price": 99,
            "no_price": 1,
            "taker_side": "no"
        },
        {
            "trade_id": "339cd86d-572a-4dce-8cbd-543755176261",
            "ticker": "KXHIGHCHI-25MAR28-T76",
            "count": 8,
            "created_time": "2025-03-28T20:30:35.36559Z",
            "yes_price": 99,
            "no_price": 1,
            "taker_side": "no"
        },
        {
            "trade_id": "6933ea2b-8a1b-471e-bb8e-fffffdd3a27b",
            "ticker": "KXHIGHCHI-25MAR28-T76",
            "count": 25,
            "created_time": "2025-03-28T19:50:02.918088Z",
            "yes_price": 99,
            "no_price": 1,
            "taker_side": "no"
        },
        {
            "trade_id": "b16561fc-435d-4827-948e-ed6c4d52550a",
