{
    "KXHIGHCHI-25APR03-T56": [
        {
            "trade_id": "3141c119-2f39-4255-9ff1-4ed18badccbb",
            "ticker": "KXHIGHCHI-25APR03-T56",
            "count": 25,
            "created_time": "2025-04-03T20:28:53.327964Z",
            "yes_price": 1,
            "no_price": 99,
            "taker_side": "yes"
        },
        {
            "trade_id": "d4c7c03e-6b09-4156-9a9d-bf5001a06b70",
            "ticker": "KXHIGHCHI-25APR03-T56",
            "count": 1,
            "created_time": "2025-04-03T20:16:44.484872Z",
            "yes_price": 1,
            "no_price": 99,
            "taker_side": "yes"
        },
        {
            "trade_id": "b9adf635-5ab7-4b1b-9109-ee2c0657e77a",
            "ticker": "KXHIGHCHI-25APR03-T56",
            "count": 407,
            "created_time": "2025-04-03T19:24:50.871237Z",
            "yes_price": 1,
            "no_price": 99,
            "taker_side": "yes"
        },
        {
            "trade_id": "1a2c0d1b-e365-4bed-beab-47c51eb1559c",
            "ticker": "KXHIGHCHI-25APR03-T56",
            "count": 467,
            "created_time": "2025-04-03T18:31:01.312507Z",
            "yes_price": 1,
            "no_price": 99,
            "taker_side": "yes"
        },
        {
            "trade_id": "9c64ac30-4796-4827-8a8a-d3008a1e7ee9",
            "ticker": "KXHIGHCHI-25APR03-T56",
            "count": 467,
            "created_time": "2025-04-03T17:20:04.190084Z",
            "yes_price": 1,
            "no_price": 99,
            "taker_side": "yes"
        },
        {
            "trade_id": "3b319ead-0cf7-4b4f-a393-c49950bcf8ca",
            "ticker": "KXHIGHCHI-25APR03-T56",
            "count": 4301,
            "created_time": "2025-04-03T17:17:33.976896Z",
            "yes_price": 1,
            "no_price": 99,
            "taker_side": "yes"
        },
        {
            "trade_id": "797e5cb2-e501-4011-9b72-80322c5c5b14",
            "ticker": "KXHIGHCHI-25APR03-T56",
            "count": 4675,
            "created_time": "2025-04-03T17:14:01.749497Z",
            "yes_price": 1,
            "no_price": 99,
            "taker_side": "yes"
        },
        {
            "trade_id": "1a8fb73e-a2df-4c62-aa26-5b34d23da5ab",
            "ticker": "KXHIGHCHI-25APR03-T56",
            "count": 794,
            "created_time": "2025-04-03T17:11:50.987814Z",
            "yes_price": 1,
            "no_price": 99,
            "taker_side": "yes"
        },
        {
            "trade_id": "1bd0ea76-42a4-431b-9536-3141c3f86935",
            "ticker": "KXHIGHCHI-25APR03-T56",
            "count": 133,
            "created_time": "2025-04-03T15:34:02.497423Z",
            "yes_price": 1,
            "no_price": 99,
            "taker_side": "yes"
        },
        {
            "trade_id": "190d5f90-d6e6-430a-be39-d020df121952",
            "ticker": "KXHIGHCHI-25APR03-T56",
            "count": 2,
            "created_time": "2025-04-03T14:43:16.460429Z",
            "yes_price": 1,
            "no_price": 99,
            "taker_side": "yes"
        },
        {
            "trade_id": "b982bb23-cc37-4174-80b9-71fd6f669c94",
            "ticker": "KXHIGHCHI-25APR03-T56",
            "count": 3482,
            "created_time": "2025-04-03T14:08:30.499948Z",
            "yes_price": 1,
            "no_price": 99,
            "taker_side": "yes"
        },
        {
            "trade_id": "b6f2d5f0-a1c3-4a38-813e-28ab004a9faa",
            "ticker": "KXHIGHCHI-25APR03-T56",
            "count": 2640,
            "created_time": "2025-04-03T13:28:57.087089Z",
            "yes_price": 1,
            "no_price": 99,
            "taker_side": "yes"
        },
        {
            "trade_id": "baeb0f02-4c0e-456c-8b9d-da3875119cfe",
            "ticker": "KXHIGHCHI-25APR03-T56",
            "count": 1958,
            "created_time": "2025-04-03T13:27:07.554114Z",
            "yes_price": 1,
            "no_price": 99,
            "taker_side": "yes"
        },
        {
            "trade_id": "a63e1969-d81c-4f7b-9bc0-c049e1020bcf",
            "ticker": "KXHIGHCHI-25APR03-T56",
            "count": 42,
            "created_time": "2025-04-03T13:27:07.554114Z",
            "yes_price": 1,
            "no_price": 99,
            "taker_side": "yes"
        },
        {
            "trade_id": "cc11c882-4b90-410c-996e-6d8cf2c55909",
            "ticker": "KXHIGHCHI-25APR03-T56",
            "count": 33,
            "created_time": "2025-04-03T13:26:47.909175Z",
            "yes_price": 1,
            "no_price": 99,
            "taker_side": "yes"
        },
        {
            "trade_id": "b92ffb31-1bbe-4f88-b761-5e16ada44add",
            "ticker": "KXHIGHCHI-25APR03-T56",
            "count": 500,
            "created_time": "2025-04-03T13:13:07.22956Z",
            "yes_price": 1,
            "no_price": 99,
            "taker_side": "yes"
        },
        {
            "trade_id": "da96f80e-e6a5-4068-af6f-cf911f93e33f",
            "ticker": "KXHIGHCHI-25APR03-T56",
            "count": 5000,
            "created_time": "2025-04-03T13:11:49.156879Z",
            "yes_price": 1,
            "no_price": 99,
            "taker_side": "yes"
        },
        {
            "trade_id": "413aa2d6-f666-4e55-a1e6-721258bc91a0",
            "ticker": "KXHIGHCHI-25APR03-T56",
            "count": 2500,
            "created_time": "2025-04-03T13:10:23.371241Z",
            "yes_price": 1,
            "no_price": 99,
            "taker_side": "yes"
        },
        {
            "trade_id": "881b14eb-15d3-48b9-807b-d43e2c0a34fa",
            "ticker": "KXHIGHCHI-25APR03-T56",
            "count": 9,
            "created_time": "2025-04-03T13:09:27.742227Z",
            "yes_price": 1,
            "no_price": 99,
            "taker_side": "yes"
        },
        {
            "trade_id": "12468ae9-0b7f-429c-83d4-7e20ea6fd690",
            "ticker": "KXHIGHCHI-25APR03-T56",
            "count": 75,
            "created_time": "2025-04-03T05:51:06.054396Z",
            "yes_price": 7,
            "no_price": 93,
            "taker_side": "yes"
        },
        {
            "trade_id": "c5f9ff0e-1821-4947-a76d-2598d201570f",
            "ticker": "KXHIGHCHI-25APR03-T56",
            "count": 50,
            "created_time": "2025-04-03T05:46:42.648307Z",
            "yes_price": 1,
            "no_price": 99,
            "taker_side": "no"
        },
        {
            "trade_id": "6eaa1215-aed5-4743-9206-a7411cc8eea1",
            "ticker": "KXHIGHCHI-25APR03-T56",
            "count": 3,
            "created_time": "2025-04-03T05:46:42.648307Z",
            "yes_price": 1,
            "no_price": 99,
            "taker_side": "no"
        },
        {
            "trade_id": "bb9d9e57-8008-4746-becb-14d52d767304",
            "ticker": "KXHIGHCHI-25APR03-T56",
            "count": 47,
            "created_time": "2025-04-03T05:46:17.566704Z",
            "yes_price": 1,
            "no_price": 99,
            "taker_side": "no"
        },
        {
            "trade_id": "47314037-4995-45f0-9f14-0a0d15449632",
            "ticker": "KXHIGHCHI-25APR03-T56",
            "count": 182,
            "created_time": "2025-04-03T05:43:08.269246Z",
            "yes_price": 1,
            "no_price": 99,
            "taker_side": "no"
        },
        {
            "trade_id": "07372759-3920-424a-8ed6-83a5ac9b4d51",
            "ticker": "KXHIGHCHI-25APR03-T56",
            "count": 47,
            "created_time": "2025-04-03T05:42:02.130767Z",
            "yes_price": 10,
            "no_price": 90,
            "taker_side": "yes"
        },
        {
            "trade_id": "18f4f898-3023-408f-972b-a87b297999d4",
            "ticker": "KXHIGHCHI-25APR03-T56",
            "count": 200,
            "created_time": "2025-04-03T05:37:33.055284Z",
            "yes_price": 1,
            "no_price": 99,
            "taker_side": "no"
        },
        {
            "trade_id": "35ca595c-e1f2-40ed-8907-007bd5d8195a",
            "ticker": "KXHIGHCHI-25APR03-T56",
            "count": 7,
            "created_time": "2025-04-03T05:33:55.551737Z",
            "yes_price": 5,
            "no_price": 95,
            "taker_side": "no"
        },
        {
            "trade_id": "89fcceee-8c4e-40f7-96fe-f19688d4f878",
            "ticker": "KXHIGHCHI-25APR03-T56",
            "count": 7,
            "created_time": "2025-04-03T05:33:55.54631Z",
            "yes_price": 5,
            "no_price": 95,
            "taker_side": "no"
        },
        {
            "trade_id": "62484a1f-24b6-43c1-b753-b58bab0e9eb4",
            "ticker": "KXHIGHCHI-25APR03-T56",
            "count": 7,
            "created_time": "2025-04-03T05:30:44.444967Z",
            "yes_price": 6,
            "no_price": 94,
            "taker_side": "no"
        },
        {
            "trade_id": "80caf85e-a9e4-45cb-af83-1261c9053364",
            "ticker": "KXHIGHCHI-25APR03-T56",
            "count": 1,
            "created_time": "2025-04-03T05:26:39.183035Z",
            "yes_price": 6,
            "no_price": 94,
            "taker_side": "no"
        },
        {
            "trade_id": "1f907847-ea37-4526-ad81-c594db5d8117",
            "ticker": "KXHIGHCHI-25APR03-T56",
            "count": 10,
            "created_time": "2025-04-03T05:26:17.048434Z",
            "yes_price": 6,
            "no_price": 94,
            "taker_side": "no"
        },
        {
            "trade_id": "e73c1fb7-f841-4a80-a35c-c072e87c783e",
            "ticker": "KXHIGHCHI-25APR03-T56",
            "count": 27,
            "created_time": "2025-04-03T05:21:39.087877Z",
            "yes_price": 7,
            "no_price": 93,
            "taker_side": "no"
        },
        {
            "trade_id": "2c3c0729-1d65-4205-a9f8-1da0de0bec63",
            "ticker": "KXHIGHCHI-25APR03-T56",
            "count": 42,
            "created_time": "2025-04-03T05:21:39.087877Z",
            "yes_price": 6,
            "no_price": 94,
            "taker_side": "no"
        },
        {
            "trade_id": "89d93c0b-7396-4bab-ab58-81b8b6b7bfb2",
            "ticker": "KXHIGHCHI-25APR03-T56",
            "count": 140,
            "created_time": "2025-04-03T05:19:42.478485Z",
            "yes_price": 8,
            "no_price": 92,
            "taker_side": "no"
        },
        {
            "trade_id": "b117eae3-a41d-41d1-ab40-76b90d9be0ba",
            "ticker": "KXHIGHCHI-25APR03-T56",
            "count": 55,
            "created_time": "2025-04-03T05:09:37.40525Z",
            "yes_price": 17,
            "no_price": 83,
            "taker_side": "yes"
        },
        {
            "trade_id": "7d2b7dd9-eba8-4992-950f-3c57912cc224",
            "ticker": "KXHIGHCHI-25APR03-T56",
            "count": 9,
            "created_time": "2025-04-03T05:09:37.40525Z",
            "yes_price": 14,
            "no_price": 86,
            "taker_side": "yes"
        },
        {
            "trade_id": "740c2050-92b1-4e84-a33e-4d0e6deec901",
            "ticker": "KXHIGHCHI-25APR03-T56",
            "count": 76,
            "created_time": "2025-04-03T05:09:37.40525Z",
            "yes_price": 17,
            "no_price": 83,
            "taker_side": "yes"
        },
        {
            "trade_id": "533798df-76ed-4fca-8357-7058ad70ebf2",
            "ticker": "KXHIGHCHI-25APR03-T56",
            "count": 8,
            "created_time": "2025-04-03T04:57:00.204257Z",
            "yes_price": 16,
            "no_price": 84,
            "taker_side": "yes"
        },
        {
            "trade_id": "180003b1-70d0-43a9-970f-e1ec2983b479",
            "ticker": "KXHIGHCHI-25APR03-T56",
            "count": 9,
            "created_time": "2025-04-03T04:57:00.204257Z",
            "yes_price": 12,
            "no_price": 88,
            "taker_side": "yes"
        },
        {
            "trade_id": "e271b53e-f534-47c8-a268-01b7e551dca6",
            "ticker": "KXHIGHCHI-25APR03-T56",
            "count": 141,
            "created_time": "2025-04-03T04:51:22.069199Z",
            "yes_price": 13,
            "no_price": 87,
            "taker_side": "yes"
        },
        {
            "trade_id": "a007629c-a1c9-438c-8559-2d9cc0f1edf1",
            "ticker": "KXHIGHCHI-25APR03-T56",
            "count": 50,
            "created_time": "2025-04-03T04:51:22.069199Z",
            "yes_price": 13,
            "no_price": 87,
            "taker_side": "yes"
        },
        {
            "trade_id": "4bbae667-f140-49d2-9cac-8fed46e4463b",
            "ticker": "KXHIGHCHI-25APR03-T56",
            "count": 9,
            "created_time": "2025-04-03T04:51:22.069199Z",
            "yes_price": 10,
            "no_price": 90,
            "taker_side": "yes"
        },
        {
            "trade_id": "cc9b53e8-b88b-4cf3-b897-98a4ec9e82be",
            "ticker": "KXHIGHCHI-25APR03-T56",
            "count": 13,
            "created_time": "2025-04-03T04:13:39.583274Z",
            "yes_price": 1,
            "no_price": 99,
            "taker_side": "no"
        },
        {
            "trade_id": "68dcfd03-2ed2-4a0b-9c52-710cb38a8354",
            "ticker": "KXHIGHCHI-25APR03-T56",
            "count": 19,
            "created_time": "2025-04-03T04:13:05.8375Z",
            "yes_price": 1,
            "no_price": 99,
            "taker_side": "no"
        },
        {
            "trade_id": "e1bc90e5-868b-4b48-9130-53137e741a81",
            "ticker": "KXHIGHCHI-25APR03-T56",
            "count": 26,
            "created_time": "2025-04-03T04:07:24.982647Z",
            "yes_price": 1,
            "no_price": 99,
            "taker_side": "no"
        },
        {
            "trade_id": "c6b8ccde-6327-478e-af8b-19824af45746",
            "ticker": "KXHIGHCHI-25APR03-T56",
            "count": 8,
            "created_time": "2025-04-03T04:07:17.911221Z",
            "yes_price": 1,
            "no_price": 99,
            "taker_side": "no"
        },
        {
            "trade_id": "14b8810d-c3bb-44d6-be96-de72e35bb202",
            "ticker": "KXHIGHCHI-25APR03-T56",
            "count": 11,
            "created_time": "2025-04-03T04:07:17.911221Z",
            "yes_price": 1,
            "no_price": 99,
            "taker_side": "no"
        },
        {
            "trade_id": "70ad5dfc-214a-437b-a69e-1e52fe2db729",
            "ticker": "KXHIGHCHI-25APR03-T56",
            "count": 4,
            "created_time": "2025-04-03T04:07:17.056449Z",
            "yes_price": 1,
            "no_price": 99,
            "taker_side": "no"
        },
        {
            "trade_id": "1dad0981-ffed-4a8e-9215-4b2c7f04865f",
            "ticker": "KXHIGHCHI-25APR03-T56",
            "count": 4,
            "created_time": "2025-04-03T04:07:12.089815Z",
            "yes_price": 1,
            "no_price": 99,
            "taker_side": "no"
        },
        {
            "trade_id": "22ecc55d-bcec-4fb9-9948-ebc3e633d13d",
            "ticker": "KXHIGHCHI-25APR03-T56",
            "count": 1,
            "created_time": "2025-04-03T03:40:19.133549Z",
            "yes_price": 1,
            "no_price": 99,
            "taker_side": "no"
        },
        {
            "trade_id": "d462379f-9cb3-4204-95f6-f3f704634cf7",
            "ticker": "KXHIGHCHI-25APR03-T56",
            "count": 27,
            "created_time": "2025-04-03T03:38:19.697983Z",
            "yes_price": 1,
            "no_price": 99,
            "taker_side": "no"
        },
        {
            "trade_id": "e836c246-57ae-49b6-8b3f-83c47caf4eaf",
            "ticker": "KXHIGHCHI-25APR03-T56",
            "count": 30,
            "created_time": "2025-04-03T03:18:28.057913Z",
            "yes_price": 1,
            "no_price": 99,
            "taker_side": "no"
        },
        {
            "trade_id": "70648e91-9751-4936-a741-39fc58218715",
            "ticker": "KXHIGHCHI-25APR03-T56",
            "count": 4,
            "created_time": "2025-04-03T01:37:48.541128Z",
            "yes_price": 5,
            "no_price": 95,
            "taker_side": "yes"
        },
        {
            "trade_id": "edb5542b-d244-4751-b00b-bacd5e83dd45",
            "ticker": "KXHIGHCHI-25APR03-T56",
            "count": 41,
            "created_time": "2025-04-03T01:17:41.606576Z",
            "yes_price": 5,
            "no_price": 95,
            "taker_side": "yes"
        },
        {
            "trade_id": "68a5eab4-833d-44ec-9051-1c504104b411",
            "ticker": "KXHIGHCHI-25APR03-T56",
            "count": 59,
            "created_time": "2025-04-03T01:17:41.606576Z",
            "yes_price": 7,
            "no_price": 93,
            "taker_side": "yes"
        },
        {
            "trade_id": "ecfe9e1c-39d2-4578-83de-2058b325b0a1",
            "ticker": "KXHIGHCHI-25APR03-T56",
            "count": 65,
            "created_time": "2025-04-03T01:17:07.381637Z",
            "yes_price": 5,
            "no_price": 95,
            "taker_side": "yes"
        },
        {
            "trade_id": "e93be717-a7f2-4ac8-8f00-f3299820255b",
            "ticker": "KXHIGHCHI-25APR03-T56",
            "count": 26,
            "created_time": "2025-04-03T00:33:23.26298Z",
            "yes_price": 1,
            "no_price": 99,
            "taker_side": "no"
        },
        {
            "trade_id": "0abdd422-bdd8-4329-912b-d3a73ae70939",
            "ticker": "KXHIGHCHI-25APR03-T56",
            "count": 1,
            "created_time": "2025-04-02T22:41:54.572248Z",
            "yes_price": 5,
            "no_price": 95,
            "taker_side": "yes"
        }
    ],
    "KXHIGHCHI-25APR03-B56.5": [
        {
            "trade_id": "9de97044-531d-448b-a549-805233e0bfb7",
            "ticker": "KXHIGHCHI-25APR03-B56.5",
            "count": 3,
            "created_time": "2025-04-04T02:51:46.157098Z",
            "yes_price": 1,
            "no_price": 99,
            "taker_side": "yes"
        },
        {
            "trade_id": "4f302e4e-4bb1-4df9-a584-13dad4c43c7e",
            "ticker": "KXHIGHCHI-25APR03-B56.5",
            "count": 25,
            "created_time": "2025-04-04T02:22:20.990885Z",
            "yes_price": 1,
            "no_price": 99,
            "taker_side": "yes"
        },
        {
            "trade_id": "87d7be45-f9a9-4090-bb97-d96ba28b6083",
            "ticker": "KXHIGHCHI-25APR03-B56.5",
            "count": 100,
            "created_time": "2025-04-04T00:54:51.967718Z",
            "yes_price": 1,
            "no_price": 99,
            "taker_side": "yes"
        },
        {
            "trade_id": "e48c5424-d0f5-42a2-a68d-7020e1baf6da",
            "ticker": "KXHIGHCHI-25APR03-B56.5",
            "count": 119,
            "created_time": "2025-04-03T23:39:07.951014Z",
            "yes_price": 1,
            "no_price": 99,
            "taker_side": "yes"
        },
        {
            "trade_id": "56985d78-64fd-4c50-9897-c442c848e29b",
            "ticker": "KXHIGHCHI-25APR03-B56.5",
            "count": 20,
            "created_time": "2025-04-03T23:03:44.279227Z",
            "yes_price": 1,
            "no_price": 99,
            "taker_side": "yes"
        },
        {
            "trade_id": "cc11f161-2d06-4f96-93cd-41789f7623de",
            "ticker": "KXHIGHCHI-25APR03-B56.5",
            "count": 11,
            "created_time": "2025-04-03T21:51:30.880867Z",
            "yes_price": 1,
            "no_price": 99,
            "taker_side": "yes"
        },
        {
            "trade_id": "f06ec044-7a4b-47c0-b53c-a1bd34b28729",
            "ticker": "KXHIGHCHI-25APR03-B56.5",
            "count": 2799,
            "created_time": "2025-04-03T21:37:56.001318Z",
            "yes_price": 1,
            "no_price": 99,
            "taker_side": "yes"
        },
        {
            "trade_id": "5d556297-159c-4876-9ddd-01d557dd72d5",
            "ticker": "KXHIGHCHI-25APR03-B56.5",
            "count": 1,
            "created_time": "2025-04-03T21:37:52.881986Z",
            "yes_price": 1,
            "no_price": 99,
            "taker_side": "yes"
        },
        {
            "trade_id": "a74cb3c0-d7a0-46e3-bbe6-873dcd9b613c",
            "ticker": "KXHIGHCHI-25APR03-B56.5",
            "count": 1,
            "created_time": "2025-04-03T21:23:43.787986Z",
            "yes_price": 1,
            "no_price": 99,
            "taker_side": "yes"
        },
        {
            "trade_id": "3996abc2-882e-489b-948e-4d6166e02696",
            "ticker": "KXHIGHCHI-25APR03-B56.5",
            "count": 2404,
            "created_time": "2025-04-03T21:20:28.023508Z",
            "yes_price": 1,
            "no_price": 99,
            "taker_side": "yes"
        },
        {
            "trade_id": "ffce6631-6f5e-42ea-9265-d537a7c0de4f",
            "ticker": "KXHIGHCHI-25APR03-B56.5",
            "count": 40,
            "created_time": "2025-04-03T21:17:14.772294Z",
            "yes_price": 1,
            "no_price": 99,
            "taker_side": "no"
        },
        {
            "trade_id": "e4468f03-afb5-4e35-b3de-536859ca09b5",
            "ticker": "KXHIGHCHI-25APR03-B56.5",
            "count": 26,
            "created_time": "2025-04-03T21:17:14.772294Z",
            "yes_price": 1,
            "no_price": 99,
            "taker_side": "no"
        },
        {
            "trade_id": "d06c2043-a9b9-4c96-ada5-e95a39d7b741",
            "ticker": "KXHIGHCHI-25APR03-B56.5",
            "count": 390,
            "created_time": "2025-04-03T21:17:14.772294Z",
            "yes_price": 1,
            "no_price": 99,
            "taker_side": "no"
        },
        {
            "trade_id": "29e5ae26-dbde-41d0-bdfb-a81ebee32af6",
            "ticker": "KXHIGHCHI-25APR03-B56.5",
            "count": 83,
            "created_time": "2025-04-03T21:17:14.772294Z",
            "yes_price": 1,
            "no_price": 99,
            "taker_side": "no"
        },
        {
            "trade_id": "b94404bc-751e-41ef-9e88-37610beccca7",
            "ticker": "KXHIGHCHI-25APR03-B56.5",
            "count": 200,
            "created_time": "2025-04-03T21:17:11.650908Z",
            "yes_price": 1,
            "no_price": 99,
            "taker_side": "no"
        },
        {
            "trade_id": "65b1d935-c26a-47eb-972f-dc6e4835efd2",
            "ticker": "KXHIGHCHI-25APR03-B56.5",
            "count": 20,
            "created_time": "2025-04-03T21:17:11.650908Z",
            "yes_price": 1,
            "no_price": 99,
            "taker_side": "no"
        },
        {
            "trade_id": "0e92ba37-ba89-4604-a808-b2c6c95d9502",
            "ticker": "KXHIGHCHI-25APR03-B56.5",
            "count": 100,
            "created_time": "2025-04-03T21:17:11.650908Z",
            "yes_price": 1,
            "no_price": 99,
            "taker_side": "no"
        },
        {
            "trade_id": "8f082339-da1c-4aeb-b171-905297dc94c9",
            "ticker": "KXHIGHCHI-25APR03-B56.5",
            "count": 384,
            "created_time": "2025-04-03T21:17:09.048967Z",
            "yes_price": 2,
            "no_price": 98,
            "taker_side": "no"
        },
        {
            "trade_id": "ed870101-6c9a-40bb-a662-f59c46f7f77f",
            "ticker": "KXHIGHCHI-25APR03-B56.5",
            "count": 502,
            "created_time": "2025-04-03T21:17:08.148637Z",
            "yes_price": 2,
            "no_price": 98,
            "taker_side": "no"
        },
        {
            "trade_id": "a627a1b3-8b95-41f8-9f12-2f9d06e63d3f",
            "ticker": "KXHIGHCHI-25APR03-B56.5",
            "count": 388,
            "created_time": "2025-04-03T21:17:07.302478Z",
            "yes_price": 2,
            "no_price": 98,
            "taker_side": "no"
        },
        {
            "trade_id": "8bb11bb7-946a-4e47-b131-f04435b526ea",
            "ticker": "KXHIGHCHI-25APR03-B56.5",
            "count": 114,
            "created_time": "2025-04-03T21:17:07.302478Z",
            "yes_price": 2,
            "no_price": 98,
            "taker_side": "no"
        },
        {
            "trade_id": "aa96bb89-014e-4de8-ad31-b4f8208da8d8",
            "ticker": "KXHIGHCHI-25APR03-B56.5",
            "count": 502,
            "created_time": "2025-04-03T21:17:06.453702Z",
            "yes_price": 2,
            "no_price": 98,
            "taker_side": "no"
        },
        {
            "trade_id": "971e534c-a9ea-4212-905d-bd2cfbaba46c",
            "ticker": "KXHIGHCHI-25APR03-B56.5",
            "count": 50,
            "created_time": "2025-04-03T21:17:01.132833Z",
            "yes_price": 3,
            "no_price": 97,
            "taker_side": "no"
        },
        {
            "trade_id": "3ed1d9e2-5ca3-4fbe-a33f-699ee5273871",
            "ticker": "KXHIGHCHI-25APR03-B56.5",
            "count": 40,
            "created_time": "2025-04-03T21:17:01.132833Z",
            "yes_price": 3,
            "no_price": 97,
            "taker_side": "no"
        },
        {
            "trade_id": "0d341777-a9c0-4468-9441-0c274b2c90db",
            "ticker": "KXHIGHCHI-25APR03-B56.5",
            "count": 110,
            "created_time": "2025-04-03T21:17:01.132833Z",
            "yes_price": 2,
            "no_price": 98,
            "taker_side": "no"
        },
        {
            "trade_id": "eb475bfd-4c0b-4346-ae2d-06e8f0e73632",
            "ticker": "KXHIGHCHI-25APR03-B56.5",
            "count": 586,
            "created_time": "2025-04-03T21:17:01.101526Z",
            "yes_price": 4,
            "no_price": 96,
            "taker_side": "yes"
        },
        {
            "trade_id": "e3a0ebb3-50b0-44d2-9769-3e19b622715f",
            "ticker": "KXHIGHCHI-25APR03-B56.5",
            "count": 9,
            "created_time": "2025-04-03T21:17:01.018983Z",
            "yes_price": 11,
            "no_price": 89,
            "taker_side": "no"
        },
        {
            "trade_id": "de5df032-fcef-444b-95d8-f4338f00649f",
            "ticker": "KXHIGHCHI-25APR03-B56.5",
            "count": 500,
            "created_time": "2025-04-03T21:17:01.018983Z",
            "yes_price": 9,
            "no_price": 91,
            "taker_side": "no"
        },
        {
            "trade_id": "3eb70cde-33c7-4361-a149-c82d52e8cfdf",
            "ticker": "KXHIGHCHI-25APR03-B56.5",
            "count": 1215,
            "created_time": "2025-04-03T21:17:01.018983Z",
            "yes_price": 10,
            "no_price": 90,
            "taker_side": "no"
        },
        {
            "trade_id": "0ad6825a-01ae-43fb-9f5d-684d646c1a85",
            "ticker": "KXHIGHCHI-25APR03-B56.5",
            "count": 94,
            "created_time": "2025-04-03T21:17:01.018983Z",
            "yes_price": 14,
            "no_price": 86,
            "taker_side": "no"
        },
        {
            "trade_id": "66013cb6-a30e-4ecf-b928-821398a5fe17",
            "ticker": "KXHIGHCHI-25APR03-B56.5",
            "count": 75,
            "created_time": "2025-04-03T21:08:36.682403Z",
            "yes_price": 14,
            "no_price": 86,
            "taker_side": "no"
        },
        {
            "trade_id": "b90fba21-061b-4a1c-af36-23c2a0da8352",
            "ticker": "KXHIGHCHI-25APR03-B56.5",
            "count": 28,
            "created_time": "2025-04-03T21:05:51.679942Z",
            "yes_price": 15,
            "no_price": 85,
            "taker_side": "no"
        },
        {
            "trade_id": "ee2fb3e3-5697-4833-81c7-c04197fd975b",
            "ticker": "KXHIGHCHI-25APR03-B56.5",
            "count": 11,
            "created_time": "2025-04-03T20:37:43.117465Z",
            "yes_price": 15,
            "no_price": 85,
            "taker_side": "no"
        },
        {
            "trade_id": "c2917197-90a2-459e-9913-24455b0fe9e8",
            "ticker": "KXHIGHCHI-25APR03-B56.5",
            "count": 11,
            "created_time": "2025-04-03T20:33:44.449869Z",
            "yes_price": 15,
            "no_price": 85,
            "taker_side": "no"
        },
        {
            "trade_id": "dbf14040-a5e7-4d3d-8b4d-97d973f1d18c",
            "ticker": "KXHIGHCHI-25APR03-B56.5",
            "count": 9,
            "created_time": "2025-04-03T20:29:20.847198Z",
            "yes_price": 27,
            "no_price": 73,
            "taker_side": "yes"
        },
        {
            "trade_id": "2c3bf382-1806-40c3-97f1-a6bd0311a228",
            "ticker": "KXHIGHCHI-25APR03-B56.5",
            "count": 50,
            "created_time": "2025-04-03T20:29:20.847198Z",
            "yes_price": 26,
            "no_price": 74,
            "taker_side": "yes"
        },
        {
            "trade_id": "ebe34e5a-0f7b-4ddf-9418-0d6f83becedb",
            "ticker": "KXHIGHCHI-25APR03-B56.5",
            "count": 10,
            "created_time": "2025-04-03T20:24:15.85021Z",
            "yes_price": 27,
            "no_price": 73,
            "taker_side": "yes"
        },
        {
            "trade_id": "0d245529-a85a-4b82-8f05-96a07a1a17cb",
            "ticker": "KXHIGHCHI-25APR03-B56.5",
            "count": 50,
            "created_time": "2025-04-03T20:24:15.85021Z",
            "yes_price": 26,
            "no_price": 74,
            "taker_side": "yes"
        },
        {
            "trade_id": "a774e4ad-180f-49e8-8ccf-bdab9cd57256",
            "ticker": "KXHIGHCHI-25APR03-B56.5",
            "count": 1,
            "created_time": "2025-04-03T19:53:26.750996Z",
            "yes_price": 26,
            "no_price": 74,
            "taker_side": "yes"
        },
        {
            "trade_id": "662e18b6-5ed2-47bf-b31f-dfa3bbdab365",
            "ticker": "KXHIGHCHI-25APR03-B56.5",
            "count": 16,
            "created_time": "2025-04-03T19:38:00.177927Z",
            "yes_price": 16,
            "no_price": 84,
            "taker_side": "no"
        },
        {
            "trade_id": "fc2aeeed-7222-41bf-89ba-78b0d81eb897",
            "ticker": "KXHIGHCHI-25APR03-B56.5",
            "count": 4,
            "created_time": "2025-04-03T19:31:04.242662Z",
            "yes_price": 16,
            "no_price": 84,
            "taker_side": "no"
        },
        {
            "trade_id": "a937a15f-c3d7-4df7-9d6c-d4916a051b40",
            "ticker": "KXHIGHCHI-25APR03-B56.5",
            "count": 115,
            "created_time": "2025-04-03T19:31:04.242662Z",
            "yes_price": 17,
            "no_price": 83,
            "taker_side": "no"
        },
        {
            "trade_id": "8eb5d253-3cf5-462f-93e3-bdf69046dff0",
            "ticker": "KXHIGHCHI-25APR03-B56.5",
            "count": 35,
            "created_time": "2025-04-03T19:27:23.372559Z",
            "yes_price": 17,
            "no_price": 83,
            "taker_side": "no"
        },
        {
            "trade_id": "aa13ee15-fd8c-45c5-99d6-e1501f071653",
            "ticker": "KXHIGHCHI-25APR03-B56.5",
            "count": 50,
            "created_time": "2025-04-03T19:16:20.050739Z",
            "yes_price": 11,
            "no_price": 89,
            "taker_side": "no"
        },
        {
            "trade_id": "1dfa2be9-efdc-4455-801e-0445f47b4aee",
            "ticker": "KXHIGHCHI-25APR03-B56.5",
            "count": 719,
            "created_time": "2025-04-03T19:16:20.050739Z",
            "yes_price": 10,
            "no_price": 90,
            "taker_side": "no"
        },
        {
            "trade_id": "b9633b0b-9c80-4916-8d02-bf0ee7647a8b",
            "ticker": "KXHIGHCHI-25APR03-B56.5",
            "count": 50,
            "created_time": "2025-04-03T19:15:25.155658Z",
            "yes_price": 11,
            "no_price": 89,
            "taker_side": "no"
        },
        {
            "trade_id": "5f3f36df-342d-4818-a7b8-8038e168f36c",
            "ticker": "KXHIGHCHI-25APR03-B56.5",
            "count": 280,
            "created_time": "2025-04-03T19:15:25.155658Z",
            "yes_price": 10,
            "no_price": 90,
            "taker_side": "no"
        },
        {
            "trade_id": "7a6bacfa-7598-4e38-ad08-8e36b8e63412",
            "ticker": "KXHIGHCHI-25APR03-B56.5",
            "count": 451,
            "created_time": "2025-04-03T19:15:18.749339Z",
            "yes_price": 10,
            "no_price": 90,
            "taker_side": "no"
        },
        {
            "trade_id": "6ff4398f-e4f8-40b1-95ab-5f1e52df7949",
            "ticker": "KXHIGHCHI-25APR03-B56.5",
            "count": 100,
            "created_time": "2025-04-03T19:15:18.749339Z",
            "yes_price": 12,
            "no_price": 88,
            "taker_side": "no"
        },
        {
            "trade_id": "a0b291b1-1384-4a6a-8e9a-4476b7bc5377",
            "ticker": "KXHIGHCHI-25APR03-B56.5",
            "count": 100,
            "created_time": "2025-04-03T19:14:59.225687Z",
            "yes_price": 14,
            "no_price": 86,
            "taker_side": "no"
        },
        {
            "trade_id": "7535a068-65c6-456f-84ac-df7edff9b4c7",
            "ticker": "KXHIGHCHI-25APR03-B56.5",
            "count": 49,
            "created_time": "2025-04-03T19:14:59.225687Z",
            "yes_price": 12,
            "no_price": 88,
            "taker_side": "no"
        },
        {
            "trade_id": "57f83017-fd25-440b-8369-8b9fe90ea568",
            "ticker": "KXHIGHCHI-25APR03-B56.5",
            "count": 425,
            "created_time": "2025-04-03T19:14:59.225687Z",
            "yes_price": 14,
            "no_price": 86,
            "taker_side": "no"
        },
        {
            "trade_id": "97b7c850-ed33-407d-b3b5-27933695eee3",
            "ticker": "KXHIGHCHI-25APR03-B56.5",
            "count": 50,
            "created_time": "2025-04-03T19:14:51.301175Z",
            "yes_price": 14,
            "no_price": 86,
            "taker_side": "no"
        },
        {
            "trade_id": "6830e5f1-20c7-4bd9-b427-b07e8a17d445",
            "ticker": "KXHIGHCHI-25APR03-B56.5",
            "count": 525,
            "created_time": "2025-04-03T19:14:49.329883Z",
            "yes_price": 14,
            "no_price": 86,
            "taker_side": "no"
        },
        {
            "trade_id": "1d0e1b4b-fcf5-4404-823d-a11aee804db0",
            "ticker": "KXHIGHCHI-25APR03-B56.5",
            "count": 50,
            "created_time": "2025-04-03T19:14:49.329883Z",
            "yes_price": 15,
            "no_price": 85,
            "taker_side": "no"
        },
        {
            "trade_id": "367a8988-efd2-4180-a634-8913ad071159",
            "ticker": "KXHIGHCHI-25APR03-B56.5",
            "count": 5,
            "created_time": "2025-04-03T19:13:54.100187Z",
            "yes_price": 23,
            "no_price": 77,
            "taker_side": "no"
        },
        {
            "trade_id": "12d1821d-9d1d-460c-9719-828c2f70cb18",
            "ticker": "KXHIGHCHI-25APR03-B56.5",
            "count": 5,
            "created_time": "2025-04-03T19:08:35.274316Z",
            "yes_price": 15,
            "no_price": 85,
            "taker_side": "no"
        },
        {
            "trade_id": "5105b470-0a76-49c4-98d3-eeeb2029b1e7",
            "ticker": "KXHIGHCHI-25APR03-B56.5",
            "count": 8,
            "created_time": "2025-04-03T18:58:43.748529Z",
            "yes_price": 30,
            "no_price": 70,
            "taker_side": "yes"
        },
        {
            "trade_id": "d168bd2e-257b-43fe-9cbc-0dad5c0ec6bf",
            "ticker": "KXHIGHCHI-25APR03-B56.5",
            "count": 71,
            "created_time": "2025-04-03T18:46:44.711387Z",
            "yes_price": 30,
            "no_price": 70,
            "taker_side": "yes"
        },
        {
            "trade_id": "39be04cd-30a1-4912-a688-fb3966bd4433",
            "ticker": "KXHIGHCHI-25APR03-B56.5",
            "count": 11,
            "created_time": "2025-04-03T18:46:44.711387Z",
            "yes_price": 28,
            "no_price": 72,
            "taker_side": "yes"
        },
        {
            "trade_id": "15b609f6-9041-4f0b-8b4c-9725156fd1e3",
            "ticker": "KXHIGHCHI-25APR03-B56.5",
            "count": 50,
            "created_time": "2025-04-03T18:46:44.711387Z",
            "yes_price": 27,
            "no_price": 73,
            "taker_side": "yes"
        },
        {
            "trade_id": "5f7cf40d-86a5-4f8c-9676-1f7ba548275b",
            "ticker": "KXHIGHCHI-25APR03-B56.5",
            "count": 22,
            "created_time": "2025-04-03T18:37:28.139686Z",
            "yes_price": 27,
            "no_price": 73,
            "taker_side": "yes"
        },
        {
            "trade_id": "2edfedab-d3ee-4fa7-bab6-63140dc793af",
            "ticker": "KXHIGHCHI-25APR03-B56.5",
            "count": 7,
            "created_time": "2025-04-03T18:34:49.344026Z",
            "yes_price": 15,
            "no_price": 85,
            "taker_side": "no"
        },
        {
            "trade_id": "5d6cf067-822e-4843-b4b3-3806d719d830",
            "ticker": "KXHIGHCHI-25APR03-B56.5",
            "count": 3,
            "created_time": "2025-04-03T18:25:44.144565Z",
            "yes_price": 15,
            "no_price": 85,
            "taker_side": "no"
        },
        {
            "trade_id": "5dfde6ba-010e-45ca-88e5-658b167fa0e5",
            "ticker": "KXHIGHCHI-25APR03-B56.5",
            "count": 49,
            "created_time": "2025-04-03T18:18:52.866247Z",
            "yes_price": 15,
            "no_price": 85,
            "taker_side": "no"
        },
        {
            "trade_id": "5f10415a-b8a1-433c-b621-bdd685b7d003",
            "ticker": "KXHIGHCHI-25APR03-B56.5",
            "count": 8,
            "created_time": "2025-04-03T18:10:04.034112Z",
            "yes_price": 15,
            "no_price": 85,
            "taker_side": "no"
        },
        {
            "trade_id": "ddc0da87-9cc4-4573-9623-5e07dde6e6b4",
            "ticker": "KXHIGHCHI-25APR03-B56.5",
            "count": 50,
            "created_time": "2025-04-03T18:07:25.39246Z",
            "yes_price": 26,
            "no_price": 74,
            "taker_side": "yes"
        },
        {
            "trade_id": "8115848a-e620-473b-8fc3-acbb889c1f2c",
            "ticker": "KXHIGHCHI-25APR03-B56.5",
            "count": 50,
            "created_time": "2025-04-03T18:07:25.39246Z",
            "yes_price": 25,
            "no_price": 75,
            "taker_side": "yes"
        },
        {
            "trade_id": "2f2c8716-5aad-49da-a2e4-7838e7800627",
            "ticker": "KXHIGHCHI-25APR03-B56.5",
            "count": 1,
            "created_time": "2025-04-03T18:02:19.47179Z",
            "yes_price": 16,
            "no_price": 84,
            "taker_side": "no"
        },
        {
            "trade_id": "0e69f9c4-4143-41ee-9a94-82707ce36ed1",
            "ticker": "KXHIGHCHI-25APR03-B56.5",
            "count": 12,
            "created_time": "2025-04-03T18:01:45.452935Z",
            "yes_price": 17,
            "no_price": 83,
            "taker_side": "no"
        },
        {
            "trade_id": "aae11a27-968d-4130-a8a1-78cb60a9e9ca",
            "ticker": "KXHIGHCHI-25APR03-B56.5",
            "count": 50,
            "created_time": "2025-04-03T18:01:42.253099Z",
            "yes_price": 25,
            "no_price": 75,
            "taker_side": "yes"
        },
        {
            "trade_id": "c0a78761-bbc2-4729-94bb-79accfcb54da",
            "ticker": "KXHIGHCHI-25APR03-B56.5",
            "count": 50,
            "created_time": "2025-04-03T17:59:32.51871Z",
            "yes_price": 25,
            "no_price": 75,
            "taker_side": "yes"
        },
        {
            "trade_id": "8f1bd54c-3378-43f5-9fba-a4ec2fff0e0f",
            "ticker": "KXHIGHCHI-25APR03-B56.5",
            "count": 19,
            "created_time": "2025-04-03T17:59:32.51871Z",
            "yes_price": 25,
            "no_price": 75,
            "taker_side": "yes"
        },
        {
            "trade_id": "b3364426-9108-4d76-92e9-10227a18127a",
            "ticker": "KXHIGHCHI-25APR03-B56.5",
            "count": 1,
            "created_time": "2025-04-03T17:58:17.713298Z",
            "yes_price": 25,
            "no_price": 75,
            "taker_side": "yes"
        },
        {
            "trade_id": "44159ace-691b-4c97-a25d-d2caa471e545",
            "ticker": "KXHIGHCHI-25APR03-B56.5",
            "count": 370,
            "created_time": "2025-04-03T17:54:54.076832Z",
            "yes_price": 25,
            "no_price": 75,
            "taker_side": "yes"
        },
        {
            "trade_id": "efa5aac6-6c61-4791-a053-cda5fe4a0af5",
            "ticker": "KXHIGHCHI-25APR03-B56.5",
            "count": 7,
            "created_time": "2025-04-03T17:54:38.142417Z",
            "yes_price": 24,
            "no_price": 76,
            "taker_side": "yes"
        },
        {
            "trade_id": "7ed2681d-4fdb-45b7-9926-459ed9860644",
            "ticker": "KXHIGHCHI-25APR03-B56.5",
            "count": 550,
            "created_time": "2025-04-03T17:54:38.142417Z",
            "yes_price": 24,
            "no_price": 76,
            "taker_side": "yes"
        },
        {
            "trade_id": "37c1960e-cca5-4392-b839-cacb26e08718",
            "ticker": "KXHIGHCHI-25APR03-B56.5",
            "count": 50,
            "created_time": "2025-04-03T17:53:07.313072Z",
            "yes_price": 23,
            "no_price": 77,
            "taker_side": "no"
        },
        {
            "trade_id": "c2017d01-098c-424a-9962-27800faa3343",
            "ticker": "KXHIGHCHI-25APR03-B56.5",
            "count": 50,
            "created_time": "2025-04-03T17:51:29.914394Z",
            "yes_price": 23,
            "no_price": 77,
            "taker_side": "yes"
        },
        {
            "trade_id": "e0ea2041-b7ff-42ee-a592-e0a4d9889b35",
            "ticker": "KXHIGHCHI-25APR03-B56.5",
            "count": 197,
            "created_time": "2025-04-03T17:47:39.32926Z",
            "yes_price": 23,
            "no_price": 77,
            "taker_side": "yes"
        },
        {
            "trade_id": "8c66ecb5-bd23-41ca-8345-c00125bc49ef",
            "ticker": "KXHIGHCHI-25APR03-B56.5",
            "count": 50,
            "created_time": "2025-04-03T17:47:39.32926Z",
            "yes_price": 23,
            "no_price": 77,
            "taker_side": "yes"
        },
        {
            "trade_id": "42751a4a-e932-476d-b411-f62aaa68914e",
            "ticker": "KXHIGHCHI-25APR03-B56.5",
            "count": 16,
            "created_time": "2025-04-03T17:43:57.812088Z",
            "yes_price": 23,
            "no_price": 77,
            "taker_side": "yes"
        },
        {
            "trade_id": "9d95418c-ff2b-4d4a-b7bf-5704e866492d",
            "ticker": "KXHIGHCHI-25APR03-B56.5",
            "count": 50,
            "created_time": "2025-04-03T17:43:31.829174Z",
            "yes_price": 18,
            "no_price": 82,
            "taker_side": "no"
        },
        {
            "trade_id": "3eb29217-ab8c-457a-b5ec-69dc7f913188",
            "ticker": "KXHIGHCHI-25APR03-B56.5",
            "count": 108,
            "created_time": "2025-04-03T17:37:57.019959Z",
            "yes_price": 15,
            "no_price": 85,
            "taker_side": "no"
        },
        {
            "trade_id": "2e10514f-0f55-43f2-81df-a97b845bf88d",
            "ticker": "KXHIGHCHI-25APR03-B56.5",
            "count": 61,
            "created_time": "2025-04-03T17:36:09.789577Z",
            "yes_price": 14,
            "no_price": 86,
            "taker_side": "no"
        },
        {
            "trade_id": "51c45eaa-e17e-4ec6-b7df-8d2ee00da1f4",
            "ticker": "KXHIGHCHI-25APR03-B56.5",
            "count": 12,
            "created_time": "2025-04-03T17:35:52.35049Z",
            "yes_price": 23,
            "no_price": 77,
            "taker_side": "yes"
        },
        {
            "trade_id": "004f5005-11af-4692-9af6-2de311da2ed6",
            "ticker": "KXHIGHCHI-25APR03-B56.5",
            "count": 100,
            "created_time": "2025-04-03T17:33:59.630887Z",
            "yes_price": 14,
            "no_price": 86,
            "taker_side": "no"
        },
        {
            "trade_id": "74b8e305-e3c1-4d14-821e-a254cdf38edb",
            "ticker": "KXHIGHCHI-25APR03-B56.5",
            "count": 11,
            "created_time": "2025-04-03T17:33:42.127347Z",
            "yes_price": 15,
            "no_price": 85,
            "taker_side": "no"
        },
        {
            "trade_id": "d0ae146b-1e62-46ef-97b7-373283083aab",
            "ticker": "KXHIGHCHI-25APR03-B56.5",
            "count": 51,
            "created_time": "2025-04-03T17:23:28.523534Z",
            "yes_price": 24,
            "no_price": 76,
            "taker_side": "yes"
        },
        {
            "trade_id": "ceeaba98-7436-45ab-8640-0c18e9676d7b",
            "ticker": "KXHIGHCHI-25APR03-B56.5",
            "count": 49,
            "created_time": "2025-04-03T17:23:28.523534Z",
            "yes_price": 24,
            "no_price": 76,
            "taker_side": "yes"
        },
        {
            "trade_id": "2aa81697-00f1-41b8-a9a8-34ac699d99cb",
            "ticker": "KXHIGHCHI-25APR03-B56.5",
            "count": 1,
            "created_time": "2025-04-03T17:20:22.509988Z",
            "yes_price": 24,
            "no_price": 76,
            "taker_side": "yes"
        },
        {
            "trade_id": "e322a275-4541-4750-ae4c-ed0e72c3b4a7",
            "ticker": "KXHIGHCHI-25APR03-B56.5",
            "count": 3,
            "created_time": "2025-04-03T17:10:02.194985Z",
            "yes_price": 25,
            "no_price": 75,
            "taker_side": "yes"
        },
        {
            "trade_id": "f74b4913-7a28-4312-b926-195e4de6f5bb",
            "ticker": "KXHIGHCHI-25APR03-B56.5",
            "count": 15,
            "created_time": "2025-04-03T17:09:32.274348Z",
            "yes_price": 24,
            "no_price": 76,
            "taker_side": "yes"
        },
        {
            "trade_id": "a4037857-5a5e-40ac-9bde-1b626022a23c",
            "ticker": "KXHIGHCHI-25APR03-B56.5",
            "count": 11,
            "created_time": "2025-04-03T17:09:32.274348Z",
            "yes_price": 23,
            "no_price": 77,
            "taker_side": "yes"
        },
        {
            "trade_id": "91dcae1c-0e95-4b71-94a1-0fe6f36b9c0c",
            "ticker": "KXHIGHCHI-25APR03-B56.5",
            "count": 20,
            "created_time": "2025-04-03T17:09:32.274348Z",
            "yes_price": 18,
            "no_price": 82,
            "taker_side": "yes"
        },
        {
            "trade_id": "8775356c-cbe2-4491-aef5-bbe7d0571f6f",
            "ticker": "KXHIGHCHI-25APR03-B56.5",
            "count": 50,
            "created_time": "2025-04-03T17:09:32.274348Z",
            "yes_price": 18,
            "no_price": 82,
            "taker_side": "yes"
        },
        {
            "trade_id": "26362c09-afb9-41b6-9110-39088ff06612",
            "ticker": "KXHIGHCHI-25APR03-B56.5",
            "count": 20,
            "created_time": "2025-04-03T17:09:32.274348Z",
            "yes_price": 20,
            "no_price": 80,
            "taker_side": "yes"
        },
        {
            "trade_id": "8c11cfaa-b39f-4f98-8a33-b00585baeb9a",
            "ticker": "KXHIGHCHI-25APR03-B56.5",
            "count": 100,
            "created_time": "2025-04-03T17:00:01.993676Z",
            "yes_price": 15,
            "no_price": 85,
            "taker_side": "yes"
        },
        {
            "trade_id": "ea90e0f8-1779-401e-a488-4a34e6e237db",
            "ticker": "KXHIGHCHI-25APR03-B56.5",
            "count": 14,
            "created_time": "2025-04-03T16:57:11.181688Z",
            "yes_price": 19,
            "no_price": 81,
            "taker_side": "yes"
        },
        {
            "trade_id": "3eb3649a-aef3-4666-ac02-5f63401f21ed",
            "ticker": "KXHIGHCHI-25APR03-B56.5",
            "count": 116,
            "created_time": "2025-04-03T16:55:09.469625Z",
            "yes_price": 15,
            "no_price": 85,
            "taker_side": "no"
        },
        {
            "trade_id": "3398659d-7e2a-4f7c-8bab-21845e1b94c6",
            "ticker": "KXHIGHCHI-25APR03-B56.5",
            "count": 30,
            "created_time": "2025-04-03T16:46:11.565367Z",
            "yes_price": 19,
            "no_price": 81,
            "taker_side": "yes"
        },
        {
            "trade_id": "db62e1bd-2f57-4e3b-b7e7-c76b807b9838",
            "ticker": "KXHIGHCHI-25APR03-B56.5",
            "count": 25,
            "created_time": "2025-04-03T16:10:35.517959Z",
            "yes_price": 25,
            "no_price": 75,
            "taker_side": "yes"
        },
        {
            "trade_id": "fce5d063-e5c6-499e-8d56-1c113c9e7e97",
            "ticker": "KXHIGHCHI-25APR03-B56.5",
            "count": 4,
            "created_time": "2025-04-03T15:46:49.095548Z",
            "yes_price": 13,
            "no_price": 87,
            "taker_side": "no"
        },
        {
            "trade_id": "9a839b19-b175-4ccd-87d9-e387c29bf807",
            "ticker": "KXHIGHCHI-25APR03-B56.5",
            "count": 50,
            "created_time": "2025-04-03T15:46:49.095548Z",
            "yes_price": 14,
            "no_price": 86,
            "taker_side": "no"
        },
        {
            "trade_id": "2cc5bbcf-d276-4011-8597-fa10ce690af3",
            "ticker": "KXHIGHCHI-25APR03-B56.5",
            "count": 46,
            "created_time": "2025-04-03T15:37:58.711496Z",
            "yes_price": 16,
            "no_price": 84,
            "taker_side": "no"
        },
        {
            "trade_id": "e1d01791-1c79-44ec-8943-fb64eef48da6",
            "ticker": "KXHIGHCHI-25APR03-B56.5",
            "count": 50,
            "created_time": "2025-04-03T15:37:41.611512Z",
            "yes_price": 17,
            "no_price": 83,
            "taker_side": "no"
        },
        {
            "trade_id": "5e9089f6-e2cf-4b75-a3f8-6f4c3ff28df3",
            "ticker": "KXHIGHCHI-25APR03-B56.5",
            "count": 30,
            "created_time": "2025-04-03T15:24:03.366548Z",
            "yes_price": 24,
            "no_price": 76,
            "taker_side": "yes"
        },
        {
            "trade_id": "f4ac2ca4-3e19-4c01-9935-69cdfb960c05",
            "ticker": "KXHIGHCHI-25APR03-B56.5",
            "count": 15,
            "created_time": "2025-04-03T15:16:37.752823Z",
            "yes_price": 20,
            "no_price": 80,
            "taker_side": "no"
        },
        {
            "trade_id": "a4a55780-1042-4e80-bef7-e7ec4bfdb7f4",
            "ticker": "KXHIGHCHI-25APR03-B56.5",
            "count": 15,
            "created_time": "2025-04-03T15:08:09.709841Z",
            "yes_price": 32,
            "no_price": 68,
            "taker_side": "yes"
        },
        {
            "trade_id": "9e91b55c-bf9e-41c6-bf31-650e920cc824",
            "ticker": "KXHIGHCHI-25APR03-B56.5",
            "count": 125,
            "created_time": "2025-04-03T15:08:09.709841Z",
            "yes_price": 32,
            "no_price": 68,
            "taker_side": "yes"
        },
        {
            "trade_id": "95c9f063-6ace-4cd6-a00a-c281ebdbac44",
            "ticker": "KXHIGHCHI-25APR03-B56.5",
            "count": 9,
            "created_time": "2025-04-03T15:08:09.709841Z",
            "yes_price": 31,
            "no_price": 69,
            "taker_side": "yes"
        },
        {
            "trade_id": "a839a343-7f50-4e39-bb10-993f607ec082",
            "ticker": "KXHIGHCHI-25APR03-B56.5",
            "count": 10,
            "created_time": "2025-04-03T15:05:46.647956Z",
            "yes_price": 24,
            "no_price": 76,
            "taker_side": "yes"
        },
        {
            "trade_id": "5a419451-0bfe-4a59-9972-996a2ff2d21a",
            "ticker": "KXHIGHCHI-25APR03-B56.5",
            "count": 39,
            "created_time": "2025-04-03T15:05:46.647956Z",
            "yes_price": 25,
            "no_price": 75,
            "taker_side": "yes"
        },
        {
            "trade_id": "c07dc20f-727d-492f-80b2-8733f928ed43",
            "ticker": "KXHIGHCHI-25APR03-B56.5",
            "count": 12,
            "created_time": "2025-04-03T14:58:39.883357Z",
            "yes_price": 30,
            "no_price": 70,
            "taker_side": "yes"
        },
        {
            "trade_id": "e0d3b644-1348-4e61-acf5-bb7a3783064d",
            "ticker": "KXHIGHCHI-25APR03-B56.5",
            "count": 14,
            "created_time": "2025-04-03T14:57:18.045786Z",
            "yes_price": 30,
            "no_price": 70,
            "taker_side": "no"
        },
        {
            "trade_id": "03e7ea5b-52b1-48bf-b7da-61d5859e1674",
            "ticker": "KXHIGHCHI-25APR03-B56.5",
            "count": 28,
            "created_time": "2025-04-03T14:57:17.770198Z",
            "yes_price": 30,
            "no_price": 70,
            "taker_side": "no"
        },
        {
            "trade_id": "6344c3b7-5490-4520-a5ee-fe6a30ac64bd",
            "ticker": "KXHIGHCHI-25APR03-B56.5",
            "count": 28,
            "created_time": "2025-04-03T14:57:17.708271Z",
            "yes_price": 30,
            "no_price": 70,
            "taker_side": "yes"
        },
        {
            "trade_id": "c76b76c8-47d1-4094-a265-388bb96486e0",
            "ticker": "KXHIGHCHI-25APR03-B56.5",
            "count": 9,
            "created_time": "2025-04-03T14:55:36.869037Z",
            "yes_price": 22,
            "no_price": 78,
            "taker_side": "yes"
        },
        {
            "trade_id": "a1c7259d-0609-4749-8851-cb80fd35ad37",
            "ticker": "KXHIGHCHI-25APR03-B56.5",
            "count": 30,
            "created_time": "2025-04-03T14:54:26.646465Z",
            "yes_price": 13,
            "no_price": 87,
            "taker_side": "no"
        },
        {
            "trade_id": "dd3115af-2678-4bd8-8b06-a6423a058abf",
            "ticker": "KXHIGHCHI-25APR03-B56.5",
            "count": 65,
            "created_time": "2025-04-03T14:44:40.659629Z",
            "yes_price": 13,
            "no_price": 87,
            "taker_side": "yes"
        },
        {
            "trade_id": "d8444c31-8751-4736-b76b-19a4f41e5e61",
            "ticker": "KXHIGHCHI-25APR03-B56.5",
            "count": 4,
            "created_time": "2025-04-03T14:44:40.659629Z",
            "yes_price": 13,
            "no_price": 87,
            "taker_side": "yes"
        },
        {
            "trade_id": "7af95991-8581-465a-ba0c-39d430936b0e",
            "ticker": "KXHIGHCHI-25APR03-B56.5",
            "count": 50,
            "created_time": "2025-04-03T14:38:36.263332Z",
            "yes_price": 13,
            "no_price": 87,
            "taker_side": "no"
        },
        {
            "trade_id": "e30b9347-4195-4c70-98e0-989f077b47b6",
            "ticker": "KXHIGHCHI-25APR03-B56.5",
            "count": 10,
            "created_time": "2025-04-03T14:30:13.873086Z",
            "yes_price": 13,
            "no_price": 87,
            "taker_side": "no"
        },
        {
            "trade_id": "cc191e36-a91e-410c-b24a-8788b49ed6a7",
            "ticker": "KXHIGHCHI-25APR03-B56.5",
            "count": 2,
            "created_time": "2025-04-03T14:25:25.087692Z",
            "yes_price": 13,
            "no_price": 87,
            "taker_side": "no"
        },
        {
            "trade_id": "cb01f3c6-33a3-4b54-a7db-461f9054da49",
            "ticker": "KXHIGHCHI-25APR03-B56.5",
            "count": 16,
            "created_time": "2025-04-03T14:25:25.087692Z",
            "yes_price": 12,
            "no_price": 88,
            "taker_side": "no"
        },
        {
            "trade_id": "7fca830a-dd4d-4ba5-b2c5-724a27bc7d28",
            "ticker": "KXHIGHCHI-25APR03-B56.5",
            "count": 50,
            "created_time": "2025-04-03T14:25:25.087692Z",
            "yes_price": 13,
            "no_price": 87,
            "taker_side": "no"
        },
        {
            "trade_id": "aa43cb23-c10c-42d0-8a5d-ca4c4acc3a8f",
            "ticker": "KXHIGHCHI-25APR03-B56.5",
            "count": 9,
            "created_time": "2025-04-03T13:36:26.033337Z",
            "yes_price": 19,
            "no_price": 81,
            "taker_side": "yes"
        },
        {
            "trade_id": "ca8297c7-20eb-4248-8557-d8e82b254c92",
            "ticker": "KXHIGHCHI-25APR03-B56.5",
            "count": 2,
            "created_time": "2025-04-03T13:13:15.956293Z",
            "yes_price": 22,
            "no_price": 78,
            "taker_side": "yes"
        },
        {
            "trade_id": "7d0f64cf-2326-4605-a0f8-10a9f97038ae",
            "ticker": "KXHIGHCHI-25APR03-B56.5",
            "count": 8,
            "created_time": "2025-04-03T13:13:15.956293Z",
            "yes_price": 19,
            "no_price": 81,
            "taker_side": "yes"
        },
        {
            "trade_id": "470dcf71-e555-4033-92c6-b2dabe6069ca",
            "ticker": "KXHIGHCHI-25APR03-B56.5",
            "count": 25,
            "created_time": "2025-04-03T13:13:15.956293Z",
            "yes_price": 21,
            "no_price": 79,
            "taker_side": "yes"
        },
        {
            "trade_id": "fc627694-cf56-4cd6-972a-7b08673125e8",
            "ticker": "KXHIGHCHI-25APR03-B56.5",
            "count": 190,
            "created_time": "2025-04-03T13:09:51.39467Z",
            "yes_price": 18,
            "no_price": 82,
            "taker_side": "no"
        },
        {
            "trade_id": "b6b02e63-b875-41eb-81ef-63b9b3008f82",
            "ticker": "KXHIGHCHI-25APR03-B56.5",
            "count": 150,
            "created_time": "2025-04-03T13:09:51.39467Z",
            "yes_price": 15,
            "no_price": 85,
            "taker_side": "no"
        },
        {
            "trade_id": "a683ecae-db0c-4c93-ac6e-b490be1e77c6",
            "ticker": "KXHIGHCHI-25APR03-B56.5",
            "count": 299,
            "created_time": "2025-04-03T13:09:51.39467Z",
            "yes_price": 14,
            "no_price": 86,
            "taker_side": "no"
        },
        {
            "trade_id": "99b76ac6-da69-4531-a40b-e84a3dffd9d5",
            "ticker": "KXHIGHCHI-25APR03-B56.5",
            "count": 250,
            "created_time": "2025-04-03T13:09:51.39467Z",
            "yes_price": 12,
            "no_price": 88,
            "taker_side": "no"
        },
        {
            "trade_id": "74bbc991-b7f3-440b-aba5-de71ef312e79",
            "ticker": "KXHIGHCHI-25APR03-B56.5",
            "count": 19,
            "created_time": "2025-04-03T13:09:51.39467Z",
            "yes_price": 13,
            "no_price": 87,
            "taker_side": "no"
        },
        {
            "trade_id": "6348169d-6089-4c65-b249-258e84249d19",
            "ticker": "KXHIGHCHI-25APR03-B56.5",
            "count": 50,
            "created_time": "2025-04-03T13:09:51.39467Z",
            "yes_price": 18,
            "no_price": 82,
            "taker_side": "no"
        },
        {
            "trade_id": "1f09974c-7579-47bb-9bc6-0e1c9f45bab5",
            "ticker": "KXHIGHCHI-25APR03-B56.5",
            "count": 19,
            "created_time": "2025-04-03T13:09:51.39467Z",
            "yes_price": 11,
            "no_price": 89,
            "taker_side": "no"
        },
        {
            "trade_id": "070353a6-35a5-4e60-a811-22626ee7704e",
            "ticker": "KXHIGHCHI-25APR03-B56.5",
            "count": 17,
            "created_time": "2025-04-03T13:09:51.39467Z",
            "yes_price": 10,
            "no_price": 90,
            "taker_side": "no"
        },
        {
            "trade_id": "c5a520f0-d147-4e0f-a87d-cf12589439ef",
            "ticker": "KXHIGHCHI-25APR03-B56.5",
            "count": 24,
            "created_time": "2025-04-03T12:35:15.85628Z",
            "yes_price": 18,
            "no_price": 82,
            "taker_side": "no"
        },
        {
            "trade_id": "4bbecfcb-3796-4ff1-ae8b-2ec7d0cd62fc",
            "ticker": "KXHIGHCHI-25APR03-B56.5",
            "count": 20,
            "created_time": "2025-04-03T12:35:05.706507Z",
            "yes_price": 18,
            "no_price": 82,
            "taker_side": "no"
        },
        {
            "trade_id": "8251fd21-5005-4958-be4c-dd6d324102b0",
            "ticker": "KXHIGHCHI-25APR03-B56.5",
            "count": 7,
            "created_time": "2025-04-03T12:26:05.002586Z",
            "yes_price": 18,
            "no_price": 82,
            "taker_side": "yes"
        },
        {
            "trade_id": "71ea7f8e-6b0f-45e7-8b9c-53ae51a765a2",
            "ticker": "KXHIGHCHI-25APR03-B56.5",
            "count": 50,
            "created_time": "2025-04-03T12:23:27.268148Z",
            "yes_price": 15,
            "no_price": 85,
            "taker_side": "no"
        },
        {
            "trade_id": "b920c82b-09ab-49ce-918c-0475c6c5fb03",
            "ticker": "KXHIGHCHI-25APR03-B56.5",
            "count": 15,
            "created_time": "2025-04-03T12:21:10.294929Z",
            "yes_price": 18,
            "no_price": 82,
            "taker_side": "yes"
        },
        {
            "trade_id": "d79d0e9e-cb4e-4e36-b223-38310ed2840a",
            "ticker": "KXHIGHCHI-25APR03-B56.5",
            "count": 18,
            "created_time": "2025-04-03T12:20:01.403295Z",
            "yes_price": 18,
            "no_price": 82,
            "taker_side": "yes"
        },
        {
            "trade_id": "8574f9eb-1423-4dfc-a1ec-07d10d160ec0",
            "ticker": "KXHIGHCHI-25APR03-B56.5",
            "count": 10,
            "created_time": "2025-04-03T12:07:42.665987Z",
            "yes_price": 19,
            "no_price": 81,
            "taker_side": "yes"
        },
        {
            "trade_id": "925bb619-01cb-46ff-979b-f5d3a44ffca7",
            "ticker": "KXHIGHCHI-25APR03-B56.5",
            "count": 8,
            "created_time": "2025-04-03T12:07:14.033428Z",
            "yes_price": 16,
            "no_price": 84,
            "taker_side": "yes"
        },
        {
            "trade_id": "6d16f87e-dd28-43d7-9d24-8958e2b3cdb9",
            "ticker": "KXHIGHCHI-25APR03-B56.5",
            "count": 241,
            "created_time": "2025-04-03T12:03:02.335742Z",
            "yes_price": 15,
            "no_price": 85,
            "taker_side": "yes"
        },
        {
            "trade_id": "13da4a6c-5b5d-48a6-b586-32d1eec2a409",
            "ticker": "KXHIGHCHI-25APR03-B56.5",
            "count": 9,
            "created_time": "2025-04-03T12:03:02.335742Z",
            "yes_price": 14,
            "no_price": 86,
            "taker_side": "yes"
        },
        {
            "trade_id": "f430460c-f5f7-44fa-af48-dff11bcd01f9",
            "ticker": "KXHIGHCHI-25APR03-B56.5",
            "count": 397,
            "created_time": "2025-04-03T12:01:58.946005Z",
            "yes_price": 6,
            "no_price": 94,
            "taker_side": "no"
        },
        {
            "trade_id": "9e3f12e9-9524-4a46-899a-12b8f0bc692d",
            "ticker": "KXHIGHCHI-25APR03-B56.5",
            "count": 50,
            "created_time": "2025-04-03T12:01:58.946005Z",
            "yes_price": 11,
            "no_price": 89,
            "taker_side": "no"
        },
        {
            "trade_id": "2f840571-78c9-4c30-a38b-a9472bdafb58",
            "ticker": "KXHIGHCHI-25APR03-B56.5",
            "count": 9,
            "created_time": "2025-04-03T12:01:58.946005Z",
            "yes_price": 7,
            "no_price": 93,
            "taker_side": "no"
        },
        {
            "trade_id": "1fff22f3-dc8e-4010-b341-1d3b452991f9",
            "ticker": "KXHIGHCHI-25APR03-B56.5",
            "count": 47,
            "created_time": "2025-04-03T12:01:58.946005Z",
            "yes_price": 10,
            "no_price": 90,
            "taker_side": "no"
        },
        {
            "trade_id": "08f3934f-e351-4818-a105-f3576ccbc8a3",
            "ticker": "KXHIGHCHI-25APR03-B56.5",
            "count": 57,
            "created_time": "2025-04-03T12:01:58.946005Z",
            "yes_price": 9,
            "no_price": 91,
            "taker_side": "no"
        },
        {
            "trade_id": "ba779567-6387-4389-a987-6bdea7570976",
            "ticker": "KXHIGHCHI-25APR03-B56.5",
            "count": 8,
            "created_time": "2025-04-03T12:01:01.427034Z",
            "yes_price": 14,
            "no_price": 86,
            "taker_side": "yes"
        },
        {
            "trade_id": "8b0c91fc-416f-478a-8e79-4ff5dd17e560",
            "ticker": "KXHIGHCHI-25APR03-B56.5",
            "count": 1,
            "created_time": "2025-04-03T12:00:12.170339Z",
            "yes_price": 10,
            "no_price": 90,
            "taker_side": "no"
        },
        {
            "trade_id": "17d480b8-45f7-44cf-9ff1-24af94834647",
            "ticker": "KXHIGHCHI-25APR03-B56.5",
            "count": 141,
            "created_time": "2025-04-03T06:58:44.271022Z",
            "yes_price": 9,
            "no_price": 91,
            "taker_side": "no"
        },
        {
            "trade_id": "bb801427-718d-402f-9b4c-42883da2a75e",
            "ticker": "KXHIGHCHI-25APR03-B56.5",
            "count": 102,
            "created_time": "2025-04-03T06:58:44.235024Z",
            "yes_price": 9,
            "no_price": 91,
            "taker_side": "no"
        },
        {
            "trade_id": "5d074603-f55a-472f-a9d7-25a470b360b3",
            "ticker": "KXHIGHCHI-25APR03-B56.5",
            "count": 219,
            "created_time": "2025-04-03T06:56:52.366819Z",
            "yes_price": 9,
            "no_price": 91,
            "taker_side": "no"
        },
        {
            "trade_id": "5b86fb22-3e07-4d00-8dd4-e858fb2f17ed",
            "ticker": "KXHIGHCHI-25APR03-B56.5",
            "count": 31,
            "created_time": "2025-04-03T06:56:52.366344Z",
            "yes_price": 9,
            "no_price": 91,
            "taker_side": "no"
        },
        {
            "trade_id": "ee91c146-9446-4f5e-a1ab-6646d5ee7c58",
            "ticker": "KXHIGHCHI-25APR03-B56.5",
            "count": 250,
            "created_time": "2025-04-03T06:53:46.765697Z",
            "yes_price": 9,
            "no_price": 91,
            "taker_side": "no"
        },
        {
            "trade_id": "2fb4c78f-d905-431c-9b50-8c13959cef6a",
            "ticker": "KXHIGHCHI-25APR03-B56.5",
            "count": 3,
            "created_time": "2025-04-03T06:48:26.67877Z",
            "yes_price": 13,
            "no_price": 87,
            "taker_side": "yes"
        },
        {
            "trade_id": "9902d063-33b9-4382-bcb0-ea91ad5498a1",
            "ticker": "KXHIGHCHI-25APR03-B56.5",
            "count": 20,
            "created_time": "2025-04-03T06:40:00.053506Z",
            "yes_price": 13,
            "no_price": 87,
            "taker_side": "yes"
        },
        {
            "trade_id": "16feb797-88e0-453e-a166-5467049e46e0",
            "ticker": "KXHIGHCHI-25APR03-B56.5",
            "count": 8,
            "created_time": "2025-04-03T06:11:10.702384Z",
            "yes_price": 12,
            "no_price": 88,
            "taker_side": "yes"
        },
        {
            "trade_id": "927de4dd-f7b5-49c6-8387-f5ad3f4bdbfd",
            "ticker": "KXHIGHCHI-25APR03-B56.5",
            "count": 8,
            "created_time": "2025-04-03T06:08:48.332428Z",
            "yes_price": 10,
            "no_price": 90,
            "taker_side": "yes"
        },
        {
            "trade_id": "8a7e527d-2033-4d1e-88ed-102160bda651",
            "ticker": "KXHIGHCHI-25APR03-B56.5",
            "count": 344,
            "created_time": "2025-04-03T06:03:07.774886Z",
            "yes_price": 9,
            "no_price": 91,
            "taker_side": "no"
        },
        {
            "trade_id": "8abacf39-25b7-4c95-bc65-047ef63230a2",
            "ticker": "KXHIGHCHI-25APR03-B56.5",
            "count": 47,
            "created_time": "2025-04-03T06:03:07.705948Z",
            "yes_price": 8,
            "no_price": 92,
            "taker_side": "yes"
        },
        {
            "trade_id": "7f3dcb42-fc63-478a-bb2d-5b9b010fcef7",
            "ticker": "KXHIGHCHI-25APR03-B56.5",
            "count": 36,
            "created_time": "2025-04-03T06:03:06.720239Z",
            "yes_price": 6,
            "no_price": 94,
            "taker_side": "no"
        },
        {
            "trade_id": "60681c9d-6deb-470d-8eed-27ea5f7221af",
            "ticker": "KXHIGHCHI-25APR03-B56.5",
            "count": 14,
            "created_time": "2025-04-03T06:02:03.507258Z",
            "yes_price": 4,
            "no_price": 96,
            "taker_side": "no"
        },
        {
            "trade_id": "fc5413e0-311e-403a-b1d6-ff2fc72b9509",
            "ticker": "KXHIGHCHI-25APR03-B56.5",
            "count": 100,
            "created_time": "2025-04-03T06:01:12.154538Z",
            "yes_price": 2,
            "no_price": 98,
            "taker_side": "no"
        },
        {
            "trade_id": "f501e72d-53db-422f-86e5-7e0667f1cdbc",
            "ticker": "KXHIGHCHI-25APR03-B56.5",
            "count": 50,
            "created_time": "2025-04-03T06:00:13.883809Z",
            "yes_price": 6,
            "no_price": 94,
            "taker_side": "no"
        },
        {
            "trade_id": "3078a4b0-281f-4566-9d8b-e5135c3abac9",
            "ticker": "KXHIGHCHI-25APR03-B56.5",
            "count": 50,
            "created_time": "2025-04-03T05:59:53.742532Z",
            "yes_price": 7,
            "no_price": 93,
            "taker_side": "no"
        },
        {
            "trade_id": "c87bbe44-0f30-4463-a695-f0210474e646",
            "ticker": "KXHIGHCHI-25APR03-B56.5",
            "count": 24,
            "created_time": "2025-04-03T05:56:35.587287Z",
            "yes_price": 2,
            "no_price": 98,
            "taker_side": "no"
        },
        {
            "trade_id": "994e351c-1adf-403c-9790-c69be47bc299",
            "ticker": "KXHIGHCHI-25APR03-B56.5",
            "count": 112,
            "created_time": "2025-04-03T05:56:06.185088Z",
            "yes_price": 3,
            "no_price": 97,
            "taker_side": "no"
        },
        {
            "trade_id": "04deaf6f-2a2e-43b8-a94f-e5a2fb29e170",
            "ticker": "KXHIGHCHI-25APR03-B56.5",
            "count": 42,
            "created_time": "2025-04-03T05:56:06.185088Z",
            "yes_price": 2,
            "no_price": 98,
            "taker_side": "no"
        },
        {
            "trade_id": "354988f5-9175-4264-a0cf-205e60ee6786",
            "ticker": "KXHIGHCHI-25APR03-B56.5",
            "count": 20,
            "created_time": "2025-04-03T05:55:52.037209Z",
            "yes_price": 3,
            "no_price": 97,
            "taker_side": "no"
        },
        {
            "trade_id": "8d9b4c0c-d481-44fa-94f5-dcce6738c073",
            "ticker": "KXHIGHCHI-25APR03-B56.5",
            "count": 20,
            "created_time": "2025-04-03T05:55:51.110948Z",
            "yes_price": 3,
            "no_price": 97,
            "taker_side": "no"
        },
        {
            "trade_id": "f0900a53-260d-4989-8248-040aef6e737a",
            "ticker": "KXHIGHCHI-25APR03-B56.5",
            "count": 500,
            "created_time": "2025-04-03T05:55:39.902125Z",
            "yes_price": 4,
            "no_price": 96,
            "taker_side": "no"
        },
        {
            "trade_id": "c98d58fc-9c98-45dc-a8f1-11e029450ebd",
            "ticker": "KXHIGHCHI-25APR03-B56.5",
            "count": 450,
            "created_time": "2025-04-03T05:55:39.902125Z",
            "yes_price": 3,
            "no_price": 97,
            "taker_side": "no"
        },
        {
            "trade_id": "ab39b555-bdfb-4559-b67a-94cccffd04c6",
            "ticker": "KXHIGHCHI-25APR03-B56.5",
            "count": 50,
            "created_time": "2025-04-03T05:55:39.902125Z",
            "yes_price": 6,
            "no_price": 94,
            "taker_side": "no"
        },
        {
            "trade_id": "e9b7581e-c972-4ceb-8ece-aae841b67219",
            "ticker": "KXHIGHCHI-25APR03-B56.5",
            "count": 100,
            "created_time": "2025-04-03T05:55:18.661564Z",
            "yes_price": 12,
            "no_price": 88,
            "taker_side": "yes"
        },
        {
            "trade_id": "e6698649-f204-48ea-982e-389aca71847a",
            "ticker": "KXHIGHCHI-25APR03-B56.5",
            "count": 100,
            "created_time": "2025-04-03T05:47:42.031599Z",
            "yes_price": 12,
            "no_price": 88,
            "taker_side": "yes"
        },
        {
            "trade_id": "ef0fa061-462f-4c80-9318-40fb61e67b57",
            "ticker": "KXHIGHCHI-25APR03-B56.5",
            "count": 47,
            "created_time": "2025-04-03T05:47:08.096223Z",
            "yes_price": 12,
            "no_price": 88,
            "taker_side": "yes"
        },
        {
            "trade_id": "0961e03b-2d77-449b-ac4a-51203b0e412d",
            "ticker": "KXHIGHCHI-25APR03-B56.5",
            "count": 134,
            "created_time": "2025-04-03T05:46:42.68777Z",
            "yes_price": 14,
            "no_price": 86,
            "taker_side": "yes"
        },
        {
            "trade_id": "809fa179-200c-4783-a1c0-ce284bd24ef2",
            "ticker": "KXHIGHCHI-25APR03-B56.5",
            "count": 77,
            "created_time": "2025-04-03T05:46:16.029068Z",
            "yes_price": 14,
            "no_price": 86,
            "taker_side": "yes"
        },
        {
            "trade_id": "7f3b1528-2f4c-4967-8d47-249a43014fbe",
            "ticker": "KXHIGHCHI-25APR03-B56.5",
            "count": 30,
            "created_time": "2025-04-03T05:46:16.029068Z",
            "yes_price": 14,
            "no_price": 86,
            "taker_side": "yes"
        },
        {
            "trade_id": "d69cd2d1-c2f0-478a-b49e-120c3a697e82",
            "ticker": "KXHIGHCHI-25APR03-B56.5",
            "count": 25,
            "created_time": "2025-04-03T05:44:57.406877Z",
            "yes_price": 11,
            "no_price": 89,
            "taker_side": "no"
        },
        {
            "trade_id": "7282d849-7fe5-4d85-8483-37aff0acdf09",
            "ticker": "KXHIGHCHI-25APR03-B56.5",
            "count": 27,
            "created_time": "2025-04-03T05:44:57.406877Z",
            "yes_price": 8,
            "no_price": 92,
            "taker_side": "no"
        },
        {
            "trade_id": "5dd48269-cf21-4192-a7b1-9eb58d74c983",
            "ticker": "KXHIGHCHI-25APR03-B56.5",
            "count": 50,
            "created_time": "2025-04-03T05:44:57.406877Z",
            "yes_price": 7,
            "no_price": 93,
            "taker_side": "no"
        },
        {
            "trade_id": "3788d671-a2da-4f0e-a239-0a5dbc81dece",
            "ticker": "KXHIGHCHI-25APR03-B56.5",
            "count": 500,
            "created_time": "2025-04-03T05:44:57.406877Z",
            "yes_price": 7,
            "no_price": 93,
            "taker_side": "no"
        },
        {
            "trade_id": "37087352-b152-4c88-89a1-e7f921cb6dea",
            "ticker": "KXHIGHCHI-25APR03-B56.5",
            "count": 50,
            "created_time": "2025-04-03T05:43:41.587578Z",
            "yes_price": 19,
            "no_price": 81,
            "taker_side": "no"
        },
        {
            "trade_id": "92a2ef2c-be24-43a2-8253-e1ec7a021dce",
            "ticker": "KXHIGHCHI-25APR03-B56.5",
            "count": 23,
            "created_time": "2025-04-03T05:43:08.32427Z",
            "yes_price": 23,
            "no_price": 77,
            "taker_side": "yes"
        },
        {
            "trade_id": "2c014958-cedb-421b-9e9c-a3d43aaa80c8",
            "ticker": "KXHIGHCHI-25APR03-B56.5",
            "count": 7,
            "created_time": "2025-04-03T05:43:08.32427Z",
            "yes_price": 22,
            "no_price": 78,
            "taker_side": "yes"
        },
        {
            "trade_id": "94c44456-87c0-4b0c-8962-ecb404b09254",
            "ticker": "KXHIGHCHI-25APR03-B56.5",
            "count": 299,
            "created_time": "2025-04-03T05:38:28.470466Z",
            "yes_price": 23,
            "no_price": 77,
            "taker_side": "yes"
        },
        {
            "trade_id": "f0208bec-25c4-4c53-afe5-da176cd3e975",
            "ticker": "KXHIGHCHI-25APR03-B56.5",
            "count": 299,
            "created_time": "2025-04-03T05:38:28.350962Z",
            "yes_price": 23,
            "no_price": 77,
            "taker_side": "no"
        },
        {
            "trade_id": "8c1380a0-36e9-45be-958c-a3384b01f912",
            "ticker": "KXHIGHCHI-25APR03-B56.5",
            "count": 50,
            "created_time": "2025-04-03T05:38:28.350962Z",
            "yes_price": 23,
            "no_price": 77,
            "taker_side": "no"
        },
        {
            "trade_id": "d69134ee-2ce0-495b-9092-7d6835c24975",
            "ticker": "KXHIGHCHI-25APR03-B56.5",
            "count": 50,
            "created_time": "2025-04-03T05:37:58.612985Z",
            "yes_price": 26,
            "no_price": 74,
            "taker_side": "no"
        },
        {
            "trade_id": "9318fbed-66f6-406d-a4c7-3136fb70120b",
            "ticker": "KXHIGHCHI-25APR03-B56.5",
            "count": 30,
            "created_time": "2025-04-03T05:37:58.612985Z",
            "yes_price": 25,
            "no_price": 75,
            "taker_side": "no"
        },
        {
            "trade_id": "6d3b63aa-7673-46fb-b9db-4e5b52794177",
            "ticker": "KXHIGHCHI-25APR03-B56.5",
            "count": 7,
            "created_time": "2025-04-03T05:37:58.612985Z",
            "yes_price": 23,
            "no_price": 77,
            "taker_side": "no"
        },
        {
            "trade_id": "6951a22e-4d67-438c-b25c-a94ff150f9ac",
            "ticker": "KXHIGHCHI-25APR03-B56.5",
            "count": 157,
            "created_time": "2025-04-03T05:37:58.612985Z",
            "yes_price": 22,
            "no_price": 78,
            "taker_side": "no"
        },
        {
            "trade_id": "b296e460-3587-4f54-aa3f-ecdf1c02e8a1",
            "ticker": "KXHIGHCHI-25APR03-B56.5",
            "count": 1,
            "created_time": "2025-04-03T05:37:35.512078Z",
            "yes_price": 35,
            "no_price": 65,
            "taker_side": "yes"
        },
        {
            "trade_id": "e67e5911-31c1-4f58-9165-a99082111b4b",
            "ticker": "KXHIGHCHI-25APR03-B56.5",
            "count": 217,
            "created_time": "2025-04-03T05:37:25.999529Z",
            "yes_price": 26,
            "no_price": 74,
            "taker_side": "no"
        },
        {
            "trade_id": "86f6c662-c673-45b6-97d9-53aa584bb3c2",
            "ticker": "KXHIGHCHI-25APR03-B56.5",
            "count": 29,
            "created_time": "2025-04-03T05:37:25.999529Z",
            "yes_price": 27,
            "no_price": 73,
            "taker_side": "no"
        },
        {
            "trade_id": "35e4b328-3ee3-4a43-9091-41f997f4b0bf",
            "ticker": "KXHIGHCHI-25APR03-B56.5",
            "count": 50,
            "created_time": "2025-04-03T05:37:25.999529Z",
            "yes_price": 27,
            "no_price": 73,
            "taker_side": "no"
        },
        {
            "trade_id": "3e7a73bc-f184-464f-b3ca-a0d4aa8ec625",
            "ticker": "KXHIGHCHI-25APR03-B56.5",
            "count": 25,
            "created_time": "2025-04-03T05:36:48.734245Z",
            "yes_price": 38,
            "no_price": 62,
            "taker_side": "no"
        },
        {
            "trade_id": "73a5ada7-5628-4853-bd4b-fa256f379225",
            "ticker": "KXHIGHCHI-25APR03-B56.5",
            "count": 25,
            "created_time": "2025-04-03T05:36:35.932369Z",
            "yes_price": 38,
            "no_price": 62,
            "taker_side": "yes"
        },
        {
            "trade_id": "b308382e-8d08-495c-a732-5c9deefabae8",
            "ticker": "KXHIGHCHI-25APR03-B56.5",
            "count": 299,
            "created_time": "2025-04-03T05:35:55.794797Z",
            "yes_price": 35,
            "no_price": 65,
            "taker_side": "no"
        },
        {
            "trade_id": "b088d9f1-f28e-4b30-b4e3-958c083e5c16",
            "ticker": "KXHIGHCHI-25APR03-B56.5",
            "count": 50,
            "created_time": "2025-04-03T05:35:55.794797Z",
            "yes_price": 41,
            "no_price": 59,
            "taker_side": "no"
        },
        {
            "trade_id": "76a81f0b-d809-4030-b722-f26a2e6aa8a9",
            "ticker": "KXHIGHCHI-25APR03-B56.5",
            "count": 10,
            "created_time": "2025-04-03T05:35:55.794797Z",
            "yes_price": 41,
            "no_price": 59,
            "taker_side": "no"
        },
        {
            "trade_id": "28f5f009-a343-4479-991d-f2bee357d9eb",
            "ticker": "KXHIGHCHI-25APR03-B56.5",
            "count": 13,
            "created_time": "2025-04-03T05:35:55.794797Z",
            "yes_price": 36,
            "no_price": 64,
            "taker_side": "no"
        },
        {
            "trade_id": "7ab93aac-9b22-4b12-8523-65dfaf23dc6f",
            "ticker": "KXHIGHCHI-25APR03-B56.5",
            "count": 13,
            "created_time": "2025-04-03T05:34:24.675451Z",
            "yes_price": 39,
            "no_price": 61,
            "taker_side": "no"
        },
        {
            "trade_id": "40fa3c3c-3d96-4e2f-9c9f-ba3da305ee74",
            "ticker": "KXHIGHCHI-25APR03-B56.5",
            "count": 14,
            "created_time": "2025-04-03T05:34:24.675451Z",
            "yes_price": 44,
            "no_price": 56,
            "taker_side": "no"
        },
        {
            "trade_id": "40c185de-3336-415c-ae51-687ac6ec6921",
            "ticker": "KXHIGHCHI-25APR03-B56.5",
            "count": 37,
            "created_time": "2025-04-03T05:34:24.675451Z",
            "yes_price": 38,
            "no_price": 62,
            "taker_side": "no"
        },
        {
            "trade_id": "28c8aa12-ea00-4615-ab4b-e5e01be868b2",
            "ticker": "KXHIGHCHI-25APR03-B56.5",
            "count": 43,
            "created_time": "2025-04-03T05:34:24.675451Z",
            "yes_price": 44,
            "no_price": 56,
            "taker_side": "no"
        },
        {
            "trade_id": "2ebdd905-4b8d-4e2a-8ec2-c3402209fd17",
            "ticker": "KXHIGHCHI-25APR03-B56.5",
            "count": 7,
            "created_time": "2025-04-03T05:33:55.54496Z",
            "yes_price": 44,
            "no_price": 56,
            "taker_side": "no"
        },
        {
            "trade_id": "2a572748-ccde-4d0a-978e-63a63ab5718f",
            "ticker": "KXHIGHCHI-25APR03-B56.5",
            "count": 7,
            "created_time": "2025-04-03T05:30:44.447291Z",
            "yes_price": 43,
            "no_price": 57,
            "taker_side": "no"
        },
        {
            "trade_id": "51ab531b-1f6c-4bb2-b51a-66b005a53158",
            "ticker": "KXHIGHCHI-25APR03-B56.5",
            "count": 40,
            "created_time": "2025-04-03T05:25:46.934891Z",
            "yes_price": 45,
            "no_price": 55,
            "taker_side": "yes"
        },
        {
            "trade_id": "95cd7179-fb11-4510-b3c8-2f383bfba34e",
            "ticker": "KXHIGHCHI-25APR03-B56.5",
            "count": 46,
            "created_time": "2025-04-03T05:24:45.04809Z",
            "yes_price": 50,
            "no_price": 50,
            "taker_side": "no"
        },
        {
            "trade_id": "13d1ff09-6d23-43a3-947a-9802095c7530",
            "ticker": "KXHIGHCHI-25APR03-B56.5",
            "count": 14,
            "created_time": "2025-04-03T05:24:45.04809Z",
            "yes_price": 51,
            "no_price": 49,
            "taker_side": "no"
        },
        {
            "trade_id": "c26edfe2-4091-486f-b319-c00f8eaa643e",
            "ticker": "KXHIGHCHI-25APR03-B56.5",
            "count": 8,
            "created_time": "2025-04-03T05:24:17.11351Z",
            "yes_price": 51,
            "no_price": 49,
            "taker_side": "no"
        },
        {
            "trade_id": "8359203a-ed56-4fe7-8cb0-2fd41de3e201",
            "ticker": "KXHIGHCHI-25APR03-B56.5",
            "count": 21,
            "created_time": "2025-04-03T05:24:17.11351Z",
            "yes_price": 52,
            "no_price": 48,
            "taker_side": "no"
        },
        {
            "trade_id": "95fbef03-a4b2-4d47-b5f2-947be7da549e",
            "ticker": "KXHIGHCHI-25APR03-B56.5",
            "count": 63,
            "created_time": "2025-04-03T05:22:06.143217Z",
            "yes_price": 55,
            "no_price": 45,
            "taker_side": "yes"
        },
        {
            "trade_id": "74823338-e498-4bfb-9f74-b247b2cf79a2",
            "ticker": "KXHIGHCHI-25APR03-B56.5",
            "count": 3,
            "created_time": "2025-04-03T05:21:33.449003Z",
            "yes_price": 52,
            "no_price": 48,
            "taker_side": "yes"
        },
        {
            "trade_id": "5cd23d7b-0cc1-4ba7-a878-460304ff8f4c",
            "ticker": "KXHIGHCHI-25APR03-B56.5",
            "count": 17,
            "created_time": "2025-04-03T05:19:22.330615Z",
            "yes_price": 52,
            "no_price": 48,
            "taker_side": "no"
        },
        {
            "trade_id": "45ea2edf-54a6-4e77-83bb-415286182af7",
            "ticker": "KXHIGHCHI-25APR03-B56.5",
            "count": 20,
            "created_time": "2025-04-03T05:11:00.193082Z",
            "yes_price": 50,
            "no_price": 50,
            "taker_side": "no"
        },
        {
            "trade_id": "c06cb468-1432-4dbd-80bb-80b79cf88275",
            "ticker": "KXHIGHCHI-25APR03-B56.5",
            "count": 22,
            "created_time": "2025-04-03T05:10:45.982307Z",
            "yes_price": 52,
            "no_price": 48,
            "taker_side": "yes"
        },
        {
            "trade_id": "a2c7de7f-09df-4e0d-8243-4e2517712f62",
            "ticker": "KXHIGHCHI-25APR03-B56.5",
            "count": 5,
            "created_time": "2025-04-03T05:10:36.063973Z",
            "yes_price": 49,
            "no_price": 51,
            "taker_side": "no"
        },
        {
            "trade_id": "32867ca7-32e7-4d09-9ddc-4892327bd67a",
            "ticker": "KXHIGHCHI-25APR03-B56.5",
            "count": 11,
            "created_time": "2025-04-03T05:10:36.063973Z",
            "yes_price": 50,
            "no_price": 50,
            "taker_side": "no"
        },
        {
            "trade_id": "f84ab767-dc5d-45db-91fa-791d14873549",
            "ticker": "KXHIGHCHI-25APR03-B56.5",
            "count": 25,
            "created_time": "2025-04-03T05:10:21.1258Z",
            "yes_price": 48,
            "no_price": 52,
            "taker_side": "no"
        },
        {
            "trade_id": "18c1cc9f-7ed0-46a2-b17c-ea31024aefda",
            "ticker": "KXHIGHCHI-25APR03-B56.5",
            "count": 17,
            "created_time": "2025-04-03T05:09:55.012072Z",
            "yes_price": 46,
            "no_price": 54,
            "taker_side": "no"
        },
        {
            "trade_id": "58735151-cd8b-4f03-ba01-33693c8d55f3",
            "ticker": "KXHIGHCHI-25APR03-B56.5",
            "count": 13,
            "created_time": "2025-04-03T05:06:53.751978Z",
            "yes_price": 46,
            "no_price": 54,
            "taker_side": "no"
        },
        {
            "trade_id": "9e8363ce-db23-48b6-ac17-dba3c71fca9a",
            "ticker": "KXHIGHCHI-25APR03-B56.5",
            "count": 4,
            "created_time": "2025-04-03T05:06:36.405939Z",
            "yes_price": 46,
            "no_price": 54,
            "taker_side": "no"
        },
        {
            "trade_id": "eabf2433-3e46-4864-af51-04febd4c2c43",
            "ticker": "KXHIGHCHI-25APR03-B56.5",
            "count": 4,
            "created_time": "2025-04-03T05:05:20.044412Z",
            "yes_price": 52,
            "no_price": 48,
            "taker_side": "yes"
        },
        {
            "trade_id": "ab5dc7f6-aefe-4036-b9ca-3d4f3de38768",
            "ticker": "KXHIGHCHI-25APR03-B56.5",
            "count": 3,
            "created_time": "2025-04-03T05:03:40.382583Z",
            "yes_price": 46,
            "no_price": 54,
            "taker_side": "no"
        },
        {
            "trade_id": "32ed01ed-2ddf-4fc4-a52d-3a4baab96090",
            "ticker": "KXHIGHCHI-25APR03-B56.5",
            "count": 16,
            "created_time": "2025-04-03T05:02:22.676505Z",
            "yes_price": 46,
            "no_price": 54,
            "taker_side": "no"
        },
        {
            "trade_id": "8c553962-0767-45c5-974a-fecfd51346a7",
            "ticker": "KXHIGHCHI-25APR03-B56.5",
            "count": 16,
            "created_time": "2025-04-03T05:02:16.495804Z",
            "yes_price": 47,
            "no_price": 53,
            "taker_side": "yes"
        },
        {
            "trade_id": "a35a429b-d128-4d53-9a48-d1b9b7f166f0",
            "ticker": "KXHIGHCHI-25APR03-B56.5",
            "count": 2,
            "created_time": "2025-04-03T05:00:47.530628Z",
            "yes_price": 46,
            "no_price": 54,
            "taker_side": "no"
        },
        {
            "trade_id": "4912642c-348a-4a18-b766-3689ef08c55a",
            "ticker": "KXHIGHCHI-25APR03-B56.5",
            "count": 16,
            "created_time": "2025-04-03T04:59:50.556206Z",
            "yes_price": 44,
            "no_price": 56,
            "taker_side": "yes"
        },
        {
            "trade_id": "6a37a68e-185d-45cc-8f7e-0d0442dcd220",
            "ticker": "KXHIGHCHI-25APR03-B56.5",
            "count": 22,
            "created_time": "2025-04-03T04:56:54.583877Z",
            "yes_price": 43,
            "no_price": 57,
            "taker_side": "no"
        },
        {
            "trade_id": "b32708fe-8051-484d-bd94-0e7b96a2d9d0",
            "ticker": "KXHIGHCHI-25APR03-B56.5",
            "count": 1,
            "created_time": "2025-04-03T04:54:48.732397Z",
            "yes_price": 43,
            "no_price": 57,
            "taker_side": "no"
        },
        {
            "trade_id": "55aafa1a-9f0d-4ef4-8d94-169d90370af1",
            "ticker": "KXHIGHCHI-25APR03-B56.5",
            "count": 15,
            "created_time": "2025-04-03T04:54:40.253227Z",
            "yes_price": 43,
            "no_price": 57,
            "taker_side": "no"
        },
        {
            "trade_id": "b6b1bdeb-9790-4845-aeaa-5f308f238e1e",
            "ticker": "KXHIGHCHI-25APR03-B56.5",
            "count": 2,
            "created_time": "2025-04-03T04:54:26.389333Z",
            "yes_price": 43,
            "no_price": 57,
            "taker_side": "no"
        },
        {
            "trade_id": "c88ed88e-e6bf-4024-85a1-f65a70ada2b2",
            "ticker": "KXHIGHCHI-25APR03-B56.5",
            "count": 20,
            "created_time": "2025-04-03T04:54:19.908206Z",
            "yes_price": 43,
            "no_price": 57,
            "taker_side": "no"
        },
        {
            "trade_id": "41b98cf1-b23e-4f65-a6a9-c64c31f853bf",
            "ticker": "KXHIGHCHI-25APR03-B56.5",
            "count": 22,
            "created_time": "2025-04-03T04:53:58.776506Z",
            "yes_price": 43,
            "no_price": 57,
            "taker_side": "no"
        },
        {
            "trade_id": "79340340-a03d-43aa-ad09-e84771bcfc40",
            "ticker": "KXHIGHCHI-25APR03-B56.5",
            "count": 22,
            "created_time": "2025-04-03T04:53:51.645591Z",
            "yes_price": 43,
            "no_price": 57,
            "taker_side": "no"
        },
        {
            "trade_id": "fa7e839a-34a6-4e7b-b3c2-03e0a1b70fab",
            "ticker": "KXHIGHCHI-25APR03-B56.5",
            "count": 22,
            "created_time": "2025-04-03T04:53:38.851432Z",
            "yes_price": 43,
            "no_price": 57,
            "taker_side": "no"
        },
        {
            "trade_id": "53f73998-3fec-462f-8c1f-2da364c45695",
            "ticker": "KXHIGHCHI-25APR03-B56.5",
            "count": 23,
            "created_time": "2025-04-03T04:53:14.586119Z",
            "yes_price": 43,
            "no_price": 57,
            "taker_side": "no"
        },
        {
            "trade_id": "99c1732b-24e2-4b88-9833-fc0ed976198d",
            "ticker": "KXHIGHCHI-25APR03-B56.5",
            "count": 24,
            "created_time": "2025-04-03T04:53:01.710503Z",
            "yes_price": 43,
            "no_price": 57,
            "taker_side": "no"
        },
        {
            "trade_id": "317981fa-6e7f-4f1c-8bab-e6ae653e58d9",
            "ticker": "KXHIGHCHI-25APR03-B56.5",
            "count": 5,
            "created_time": "2025-04-03T04:53:01.710503Z",
            "yes_price": 44,
            "no_price": 56,
            "taker_side": "no"
        },
        {
            "trade_id": "f99fccb8-f7bd-4ae4-8d60-36b4d90e25ad",
            "ticker": "KXHIGHCHI-25APR03-B56.5",
            "count": 10,
            "created_time": "2025-04-03T04:52:51.949313Z",
            "yes_price": 44,
            "no_price": 56,
            "taker_side": "no"
        },
        {
            "trade_id": "f006da76-29a6-4316-808e-f439c0b742fd",
            "ticker": "KXHIGHCHI-25APR03-B56.5",
            "count": 19,
            "created_time": "2025-04-03T04:52:48.931329Z",
            "yes_price": 43,
            "no_price": 57,
            "taker_side": "no"
        },
        {
            "trade_id": "fd5b214f-88f6-45e2-aff4-62e7412067c9",
            "ticker": "KXHIGHCHI-25APR03-B56.5",
            "count": 62,
            "created_time": "2025-04-03T04:50:24.124156Z",
            "yes_price": 44,
            "no_price": 56,
            "taker_side": "yes"
        },
        {
            "trade_id": "e847219e-f757-4978-be65-ee67acb9b1b9",
            "ticker": "KXHIGHCHI-25APR03-B56.5",
            "count": 50,
            "created_time": "2025-04-03T04:50:24.124156Z",
            "yes_price": 44,
            "no_price": 56,
            "taker_side": "yes"
        },
        {
            "trade_id": "91e14219-ed19-4386-b967-f0aace657b6a",
            "ticker": "KXHIGHCHI-25APR03-B56.5",
            "count": 15,
            "created_time": "2025-04-03T04:50:24.124156Z",
            "yes_price": 43,
            "no_price": 57,
            "taker_side": "yes"
        },
        {
            "trade_id": "50b43f9c-ae78-4adf-88a3-158b5712536e",
            "ticker": "KXHIGHCHI-25APR03-B56.5",
            "count": 14,
            "created_time": "2025-04-03T04:50:24.124156Z",
            "yes_price": 37,
            "no_price": 63,
            "taker_side": "yes"
        },
        {
            "trade_id": "2c36ea12-c6d2-4123-a858-07361cb6358d",
            "ticker": "KXHIGHCHI-25APR03-B56.5",
            "count": 14,
            "created_time": "2025-04-03T04:50:24.124156Z",
            "yes_price": 43,
            "no_price": 57,
            "taker_side": "yes"
        },
        {
            "trade_id": "7e2e3664-439b-42b5-8ba4-1e63a698dbc4",
            "ticker": "KXHIGHCHI-25APR03-B56.5",
            "count": 24,
            "created_time": "2025-04-03T04:49:56.681404Z",
            "yes_price": 35,
            "no_price": 65,
            "taker_side": "yes"
        },
        {
            "trade_id": "56460ee9-f63e-412c-a344-edfcc4639f19",
            "ticker": "KXHIGHCHI-25APR03-B56.5",
            "count": 3,
            "created_time": "2025-04-03T04:49:56.681404Z",
            "yes_price": 33,
            "no_price": 67,
            "taker_side": "yes"
        },
        {
            "trade_id": "fca35048-f050-4137-bf78-58eefc1e95da",
            "ticker": "KXHIGHCHI-25APR03-B56.5",
            "count": 47,
            "created_time": "2025-04-03T04:47:48.956968Z",
            "yes_price": 33,
            "no_price": 67,
            "taker_side": "yes"
        },
        {
            "trade_id": "be99b0a1-949b-4a96-8320-49c88056aad3",
            "ticker": "KXHIGHCHI-25APR03-B56.5",
            "count": 10,
            "created_time": "2025-04-03T04:47:48.956968Z",
            "yes_price": 32,
            "no_price": 68,
            "taker_side": "yes"
        },
        {
            "trade_id": "717d46e0-13c6-4f2b-8af9-5294e88a8265",
            "ticker": "KXHIGHCHI-25APR03-B56.5",
            "count": 8,
            "created_time": "2025-04-03T04:47:48.956968Z",
            "yes_price": 32,
            "no_price": 68,
            "taker_side": "yes"
        },
        {
            "trade_id": "4b96ccca-946b-43dc-936b-7188f9af63c2",
            "ticker": "KXHIGHCHI-25APR03-B56.5",
            "count": 12,
            "created_time": "2025-04-03T04:47:48.956968Z",
            "yes_price": 26,
            "no_price": 74,
            "taker_side": "yes"
        },
        {
            "trade_id": "2db6c032-acbb-4262-a661-fa0659f50978",
            "ticker": "KXHIGHCHI-25APR03-B56.5",
            "count": 12,
            "created_time": "2025-04-03T04:47:48.956968Z",
            "yes_price": 31,
            "no_price": 69,
            "taker_side": "yes"
        },
        {
            "trade_id": "926783f1-1099-4bdf-89af-8806ee4411e7",
            "ticker": "KXHIGHCHI-25APR03-B56.5",
            "count": 24,
            "created_time": "2025-04-03T04:44:00.143367Z",
            "yes_price": 25,
            "no_price": 75,
            "taker_side": "yes"
        },
        {
            "trade_id": "8754213a-1645-44c4-80dd-99bccc343446",
            "ticker": "KXHIGHCHI-25APR03-B56.5",
            "count": 4,
            "created_time": "2025-04-03T04:43:37.182991Z",
            "yes_price": 13,
            "no_price": 87,
            "taker_side": "no"
        },
        {
            "trade_id": "9304a996-8b6c-4f17-ad0a-9d0af10ee802",
            "ticker": "KXHIGHCHI-25APR03-B56.5",
            "count": 299,
            "created_time": "2025-04-03T04:42:48.912746Z",
            "yes_price": 22,
            "no_price": 78,
            "taker_side": "yes"
        },
        {
            "trade_id": "40d9d576-eb59-43e8-9283-7a39f08c4435",
            "ticker": "KXHIGHCHI-25APR03-B56.5",
            "count": 36,
            "created_time": "2025-04-03T04:42:48.912746Z",
            "yes_price": 18,
            "no_price": 82,
            "taker_side": "yes"
        },
        {
            "trade_id": "3e19bf8c-2374-46c2-8ae5-19ed0f53c193",
            "ticker": "KXHIGHCHI-25APR03-B56.5",
            "count": 10,
            "created_time": "2025-04-03T04:42:48.912746Z",
            "yes_price": 15,
            "no_price": 85,
            "taker_side": "yes"
        },
        {
            "trade_id": "3d1cabbc-8c73-4cf1-be95-dafa4cf558f8",
            "ticker": "KXHIGHCHI-25APR03-B56.5",
            "count": 50,
            "created_time": "2025-04-03T04:42:48.912746Z",
            "yes_price": 22,
            "no_price": 78,
            "taker_side": "yes"
        },
        {
            "trade_id": "1e53d4d1-4dd7-47c3-a0ae-bcdb995793c9",
            "ticker": "KXHIGHCHI-25APR03-B56.5",
            "count": 8,
            "created_time": "2025-04-03T04:42:48.912746Z",
            "yes_price": 21,
            "no_price": 79,
