{
    "KXHIGHCHI-25MAR16-T42": [
        {
            "trade_id": "b557bdf4-f060-4221-b742-bd12260ab9e2",
            "ticker": "KXHIGHCHI-25MAR16-T42",
            "count": 120,
            "created_time": "2025-03-17T04:27:30.173589Z",
            "yes_price": 1,
            "no_price": 99,
            "taker_side": "yes"
        },
        {
            "trade_id": "7339d72d-39f0-47cc-a6bc-2bd01616c9e6",
            "ticker": "KXHIGHCHI-25MAR16-T42",
            "count": 108,
            "created_time": "2025-03-17T02:06:56.223391Z",
            "yes_price": 1,
            "no_price": 99,
            "taker_side": "yes"
        },
        {
            "trade_id": "87dfa3c3-db43-4823-a9b7-05bf86da8ca1",
            "ticker": "KXHIGHCHI-25MAR16-T42",
            "count": 216,
            "created_time": "2025-03-16T21:51:43.827941Z",
            "yes_price": 1,
            "no_price": 99,
            "taker_side": "yes"
        },
        {
            "trade_id": "3768deca-6cb1-49db-b6a0-f02216b8cf1c",
            "ticker": "KXHIGHCHI-25MAR16-T42",
            "count": 36,
            "created_time": "2025-03-16T21:11:33.121809Z",
            "yes_price": 1,
            "no_price": 99,
            "taker_side": "yes"
        },
        {
            "trade_id": "9c340507-c908-4277-8761-8713dbde7698",
            "ticker": "KXHIGHCHI-25MAR16-T42",
            "count": 860,
            "created_time": "2025-03-16T21:09:46.626556Z",
            "yes_price": 1,
            "no_price": 99,
            "taker_side": "yes"
        },
        {
            "trade_id": "265416e5-d60e-40e7-99a3-6a9f9035d5a4",
            "ticker": "KXHIGHCHI-25MAR16-T42",
            "count": 130,
            "created_time": "2025-03-16T21:07:07.91751Z",
            "yes_price": 1,
            "no_price": 99,
            "taker_side": "yes"
        },
        {
            "trade_id": "064e8f52-feda-4bb1-a3e1-ff6170206fff",
            "ticker": "KXHIGHCHI-25MAR16-T42",
            "count": 90,
            "created_time": "2025-03-16T20:17:04.592869Z",
            "yes_price": 1,
            "no_price": 99,
            "taker_side": "yes"
        },
        {
            "trade_id": "0fc5864d-e714-46c7-b824-bf49c5570bcb",
            "ticker": "KXHIGHCHI-25MAR16-T42",
            "count": 90,
            "created_time": "2025-03-16T17:56:51.826929Z",
            "yes_price": 1,
            "no_price": 99,
            "taker_side": "yes"
        },
        {
            "trade_id": "13371bab-4391-48a2-adbe-a09886f80041",
            "ticker": "KXHIGHCHI-25MAR16-T42",
            "count": 253,
            "created_time": "2025-03-16T17:50:40.724912Z",
            "yes_price": 1,
            "no_price": 99,
            "taker_side": "yes"
        },
        {
            "trade_id": "585b7f32-d8c4-4380-9a3c-ca3f2824c7fe",
            "ticker": "KXHIGHCHI-25MAR16-T42",
            "count": 271,
            "created_time": "2025-03-16T17:41:44.266496Z",
            "yes_price": 1,
            "no_price": 99,
            "taker_side": "yes"
        },
        {
            "trade_id": "be2e9cf6-5420-4efa-8b6f-77fd40400945",
            "ticker": "KXHIGHCHI-25MAR16-T42",
            "count": 181,
            "created_time": "2025-03-16T17:25:50.965433Z",
            "yes_price": 1,
            "no_price": 99,
            "taker_side": "yes"
        },
        {
            "trade_id": "e700ea06-2715-4612-b634-66db4a7abca8",
            "ticker": "KXHIGHCHI-25MAR16-T42",
            "count": 2,
            "created_time": "2025-03-16T15:31:54.521863Z",
            "yes_price": 1,
            "no_price": 99,
            "taker_side": "yes"
        },
        {
            "trade_id": "9e5e666c-d259-406c-8b2c-bcdfcf2ec53d",
            "ticker": "KXHIGHCHI-25MAR16-T42",
            "count": 9058,
            "created_time": "2025-03-16T15:16:14.380703Z",
            "yes_price": 1,
            "no_price": 99,
            "taker_side": "yes"
        },
        {
            "trade_id": "d847f862-2911-4976-b623-5d376bd442b6",
            "ticker": "KXHIGHCHI-25MAR16-T42",
            "count": 11,
            "created_time": "2025-03-16T13:50:05.301667Z",
            "yes_price": 1,
            "no_price": 99,
            "taker_side": "yes"
        },
        {
            "trade_id": "ebe1d10c-1a16-4fcf-88bd-6197592b3825",
            "ticker": "KXHIGHCHI-25MAR16-T42",
            "count": 7809,
            "created_time": "2025-03-16T13:42:34.797284Z",
            "yes_price": 1,
            "no_price": 99,
            "taker_side": "yes"
        },
        {
            "trade_id": "79e04b2a-b34c-44d5-84c1-1b50d3963455",
            "ticker": "KXHIGHCHI-25MAR16-T42",
            "count": 1025,
            "created_time": "2025-03-16T13:42:34.797284Z",
            "yes_price": 1,
            "no_price": 99,
            "taker_side": "yes"
        },
        {
            "trade_id": "f78e0a1d-9e7f-4ed3-a57a-495e970428c7",
            "ticker": "KXHIGHCHI-25MAR16-T42",
            "count": 372,
            "created_time": "2025-03-16T05:43:39.649436Z",
            "yes_price": 1,
            "no_price": 99,
            "taker_side": "no"
        },
        {
            "trade_id": "84f770ec-52ab-4fc3-bc65-e6c39d5a37f2",
            "ticker": "KXHIGHCHI-25MAR16-T42",
            "count": 8,
            "created_time": "2025-03-16T05:43:39.649436Z",
            "yes_price": 1,
            "no_price": 99,
            "taker_side": "no"
        },
        {
            "trade_id": "d4cd8c8e-d33c-4065-9859-a55261fb61aa",
            "ticker": "KXHIGHCHI-25MAR16-T42",
            "count": 103,
            "created_time": "2025-03-16T05:42:44.851973Z",
            "yes_price": 1,
            "no_price": 99,
            "taker_side": "no"
        },
        {
            "trade_id": "72f131c6-9557-4fbc-8008-9a54dcb3a15c",
            "ticker": "KXHIGHCHI-25MAR16-T42",
            "count": 50,
            "created_time": "2025-03-16T05:42:44.851973Z",
            "yes_price": 3,
            "no_price": 97,
            "taker_side": "no"
        },
        {
            "trade_id": "6ba6e4e4-df14-436b-9ce7-f4a57ed57a85",
            "ticker": "KXHIGHCHI-25MAR16-T42",
            "count": 150,
            "created_time": "2025-03-16T05:42:44.851973Z",
            "yes_price": 1,
            "no_price": 99,
            "taker_side": "no"
        },
        {
            "trade_id": "a71bd972-e79d-41cf-a6c0-7edd4462e33e",
            "ticker": "KXHIGHCHI-25MAR16-T42",
            "count": 183,
            "created_time": "2025-03-16T05:34:23.316775Z",
            "yes_price": 12,
            "no_price": 88,
            "taker_side": "yes"
        },
        {
            "trade_id": "3593ac1e-fe65-4edd-b896-39625f1f435b",
            "ticker": "KXHIGHCHI-25MAR16-T42",
            "count": 183,
            "created_time": "2025-03-16T05:23:01.603946Z",
            "yes_price": 15,
            "no_price": 85,
            "taker_side": "yes"
        },
        {
            "trade_id": "d084ff2a-8d92-4f4c-a032-de3780a9d9e3",
            "ticker": "KXHIGHCHI-25MAR16-T42",
            "count": 120,
            "created_time": "2025-03-16T05:22:28.255898Z",
            "yes_price": 16,
            "no_price": 84,
            "taker_side": "yes"
        },
        {
            "trade_id": "cba8f6fa-1a02-47f1-9757-74f837cda0dc",
            "ticker": "KXHIGHCHI-25MAR16-T42",
            "count": 10,
            "created_time": "2025-03-16T05:21:49.281514Z",
            "yes_price": 9,
            "no_price": 91,
            "taker_side": "no"
        },
        {
            "trade_id": "994eec63-b41a-4214-bdce-b46e8579445e",
            "ticker": "KXHIGHCHI-25MAR16-T42",
            "count": 50,
            "created_time": "2025-03-16T05:21:49.281514Z",
            "yes_price": 5,
            "no_price": 95,
            "taker_side": "no"
        },
        {
            "trade_id": "5d4497c2-b624-4024-9a68-277124675ff4",
            "ticker": "KXHIGHCHI-25MAR16-T42",
            "count": 100,
            "created_time": "2025-03-16T05:21:49.281514Z",
            "yes_price": 5,
            "no_price": 95,
            "taker_side": "no"
        },
        {
            "trade_id": "fc172611-f820-473c-8a8e-76b567b17055",
            "ticker": "KXHIGHCHI-25MAR16-T42",
            "count": 25,
            "created_time": "2025-03-16T05:21:31.284827Z",
            "yes_price": 9,
            "no_price": 91,
            "taker_side": "yes"
        },
        {
            "trade_id": "a3f0db2e-81dc-42a2-8511-72c219638d4f",
            "ticker": "KXHIGHCHI-25MAR16-T42",
            "count": 2,
            "created_time": "2025-03-16T05:21:31.284827Z",
            "yes_price": 9,
            "no_price": 91,
            "taker_side": "yes"
        },
        {
            "trade_id": "a8693e68-3dec-410c-aeaf-f52998cc9eab",
            "ticker": "KXHIGHCHI-25MAR16-T42",
            "count": 143,
            "created_time": "2025-03-16T05:21:30.998607Z",
            "yes_price": 6,
            "no_price": 94,
            "taker_side": "no"
        },
        {
            "trade_id": "003722fa-fa4c-48d8-ae6f-fda4b1706a1a",
            "ticker": "KXHIGHCHI-25MAR16-T42",
            "count": 20,
            "created_time": "2025-03-16T05:19:39.294941Z",
            "yes_price": 6,
            "no_price": 94,
            "taker_side": "no"
        },
        {
            "trade_id": "760930f4-924b-4f49-a7d2-129dc4502f41",
            "ticker": "KXHIGHCHI-25MAR16-T42",
            "count": 25,
            "created_time": "2025-03-16T05:18:20.793672Z",
            "yes_price": 6,
            "no_price": 94,
            "taker_side": "no"
        },
        {
            "trade_id": "4fca1db0-3ab8-491d-bee8-24bea2d3f7ac",
            "ticker": "KXHIGHCHI-25MAR16-T42",
            "count": 5,
            "created_time": "2025-03-16T05:18:10.204269Z",
            "yes_price": 6,
            "no_price": 94,
            "taker_side": "no"
        },
        {
            "trade_id": "717d908a-034b-433f-b016-cc8c626907fe",
            "ticker": "KXHIGHCHI-25MAR16-T42",
            "count": 4,
            "created_time": "2025-03-16T05:17:58.763319Z",
            "yes_price": 6,
            "no_price": 94,
            "taker_side": "no"
        },
        {
            "trade_id": "88df824b-dfcb-4c20-a803-4434d3393354",
            "ticker": "KXHIGHCHI-25MAR16-T42",
            "count": 20,
            "created_time": "2025-03-16T05:17:57.440994Z",
            "yes_price": 6,
            "no_price": 94,
            "taker_side": "no"
        },
        {
            "trade_id": "d385544b-7131-486e-a5b6-606ad9b5e9cc",
            "ticker": "KXHIGHCHI-25MAR16-T42",
            "count": 4,
            "created_time": "2025-03-16T05:17:49.747511Z",
            "yes_price": 6,
            "no_price": 94,
            "taker_side": "no"
        },
        {
            "trade_id": "b692321c-facc-4cdc-a271-280a45724ef5",
            "ticker": "KXHIGHCHI-25MAR16-T42",
            "count": 50,
            "created_time": "2025-03-16T05:17:45.069774Z",
            "yes_price": 6,
            "no_price": 94,
            "taker_side": "no"
        },
        {
            "trade_id": "2145f614-4564-4b5f-8c67-4b67e0e392a8",
            "ticker": "KXHIGHCHI-25MAR16-T42",
            "count": 25,
            "created_time": "2025-03-16T05:17:34.862785Z",
            "yes_price": 6,
            "no_price": 94,
            "taker_side": "no"
        },
        {
            "trade_id": "4c2bfd8b-79a7-4703-b171-8464a5e5e6f9",
            "ticker": "KXHIGHCHI-25MAR16-T42",
            "count": 4,
            "created_time": "2025-03-16T05:17:32.090521Z",
            "yes_price": 6,
            "no_price": 94,
            "taker_side": "no"
        },
        {
            "trade_id": "29b36a77-9abc-49ea-84ed-492da388fab3",
            "ticker": "KXHIGHCHI-25MAR16-T42",
            "count": 2,
            "created_time": "2025-03-16T05:17:15.392109Z",
            "yes_price": 9,
            "no_price": 91,
            "taker_side": "no"
        },
        {
            "trade_id": "254c1318-d430-4a9b-9626-472618b817c2",
            "ticker": "KXHIGHCHI-25MAR16-T42",
            "count": 4,
            "created_time": "2025-03-16T05:17:06.849846Z",
            "yes_price": 9,
            "no_price": 91,
            "taker_side": "no"
        },
        {
            "trade_id": "f4d9bfd1-8ca7-4a83-a2bf-056a717b10ff",
            "ticker": "KXHIGHCHI-25MAR16-T42",
            "count": 3,
            "created_time": "2025-03-16T05:16:54.696858Z",
            "yes_price": 9,
            "no_price": 91,
            "taker_side": "no"
        },
        {
            "trade_id": "d3160c90-2938-4ec7-a122-a9adb5afa8e0",
            "ticker": "KXHIGHCHI-25MAR16-T42",
            "count": 3,
            "created_time": "2025-03-16T05:16:47.197689Z",
            "yes_price": 9,
            "no_price": 91,
            "taker_side": "no"
        },
        {
            "trade_id": "25c26e5b-5e45-4376-90b0-98d7030cad2d",
            "ticker": "KXHIGHCHI-25MAR16-T42",
            "count": 3,
            "created_time": "2025-03-16T05:16:36.135277Z",
            "yes_price": 9,
            "no_price": 91,
            "taker_side": "no"
        },
        {
            "trade_id": "e01bb0df-f2d6-4934-96dd-89903d1092b6",
            "ticker": "KXHIGHCHI-25MAR16-T42",
            "count": 10,
            "created_time": "2025-03-16T05:16:17.790087Z",
            "yes_price": 17,
            "no_price": 83,
            "taker_side": "no"
        },
        {
            "trade_id": "ca9b21ba-3dfb-46cf-8257-5cebb502946f",
            "ticker": "KXHIGHCHI-25MAR16-T42",
            "count": 1511,
            "created_time": "2025-03-16T05:16:17.790087Z",
            "yes_price": 12,
            "no_price": 88,
            "taker_side": "no"
        },
        {
            "trade_id": "b99b403c-2a7d-4666-8d22-3ec30aa0d09b",
            "ticker": "KXHIGHCHI-25MAR16-T42",
            "count": 10,
            "created_time": "2025-03-16T05:16:17.790087Z",
            "yes_price": 16,
            "no_price": 84,
            "taker_side": "no"
        },
        {
            "trade_id": "7f768396-f1a5-4cae-9eba-544f6663c8f5",
            "ticker": "KXHIGHCHI-25MAR16-T42",
            "count": 10,
            "created_time": "2025-03-16T05:16:17.790087Z",
            "yes_price": 15,
            "no_price": 85,
            "taker_side": "no"
        },
        {
            "trade_id": "548e1cd9-a721-4cfa-9749-43ea93a391fd",
            "ticker": "KXHIGHCHI-25MAR16-T42",
            "count": 15,
            "created_time": "2025-03-16T05:16:17.790087Z",
            "yes_price": 12,
            "no_price": 88,
            "taker_side": "no"
        },
        {
            "trade_id": "483193d5-824e-4089-9afc-872908a48ec3",
            "ticker": "KXHIGHCHI-25MAR16-T42",
            "count": 10,
            "created_time": "2025-03-16T05:16:17.790087Z",
            "yes_price": 14,
            "no_price": 86,
            "taker_side": "no"
        },
        {
            "trade_id": "15603dee-824c-4559-9f1d-fa37a50f4166",
            "ticker": "KXHIGHCHI-25MAR16-T42",
            "count": 6,
            "created_time": "2025-03-16T05:16:17.790087Z",
            "yes_price": 18,
            "no_price": 82,
            "taker_side": "no"
        },
        {
            "trade_id": "5521af0b-9ec4-43ee-a389-d5691ee191f7",
            "ticker": "KXHIGHCHI-25MAR16-T42",
            "count": 4,
            "created_time": "2025-03-16T05:13:49.214971Z",
            "yes_price": 18,
            "no_price": 82,
            "taker_side": "no"
        },
        {
            "trade_id": "1c68e2b5-9da9-42c9-9887-a7584e93373a",
            "ticker": "KXHIGHCHI-25MAR16-T42",
            "count": 4,
            "created_time": "2025-03-16T05:13:38.662668Z",
            "yes_price": 21,
            "no_price": 79,
            "taker_side": "no"
        },
        {
            "trade_id": "f2b06834-0a43-4b6c-b045-dec3d69311eb",
            "ticker": "KXHIGHCHI-25MAR16-T42",
            "count": 400,
            "created_time": "2025-03-16T05:13:34.68019Z",
            "yes_price": 21,
            "no_price": 79,
            "taker_side": "no"
        },
        {
            "trade_id": "19b813ae-a10e-4b34-98d4-d47f3b45a824",
            "ticker": "KXHIGHCHI-25MAR16-T42",
            "count": 3,
            "created_time": "2025-03-16T05:13:27.16106Z",
            "yes_price": 21,
            "no_price": 79,
            "taker_side": "no"
        },
        {
            "trade_id": "19c3c64a-b43e-49d6-adcd-ccd8ad3639c8",
            "ticker": "KXHIGHCHI-25MAR16-T42",
            "count": 2,
            "created_time": "2025-03-16T05:13:18.875959Z",
            "yes_price": 21,
            "no_price": 79,
            "taker_side": "no"
        },
        {
            "trade_id": "270db605-90f1-41b1-9a09-32e76a84a7b5",
            "ticker": "KXHIGHCHI-25MAR16-T42",
            "count": 2,
            "created_time": "2025-03-16T05:13:04.008075Z",
            "yes_price": 21,
            "no_price": 79,
            "taker_side": "no"
        },
        {
            "trade_id": "263aafed-f9ec-419c-86aa-6dbbffe9520a",
            "ticker": "KXHIGHCHI-25MAR16-T42",
            "count": 2,
            "created_time": "2025-03-16T05:12:55.340811Z",
            "yes_price": 21,
            "no_price": 79,
            "taker_side": "no"
        },
        {
            "trade_id": "df13b34f-4fa8-474e-9d93-b9964ba6e25c",
            "ticker": "KXHIGHCHI-25MAR16-T42",
            "count": 1,
            "created_time": "2025-03-16T05:12:46.5561Z",
            "yes_price": 21,
            "no_price": 79,
            "taker_side": "no"
        },
        {
            "trade_id": "6550b546-7c98-42b0-8f50-781243193c7a",
            "ticker": "KXHIGHCHI-25MAR16-T42",
            "count": 1,
            "created_time": "2025-03-16T05:12:37.065282Z",
            "yes_price": 21,
            "no_price": 79,
            "taker_side": "no"
        },
        {
            "trade_id": "249385a4-747c-4160-97cf-cbefcdbca7e9",
            "ticker": "KXHIGHCHI-25MAR16-T42",
            "count": 1,
            "created_time": "2025-03-16T05:12:26.397008Z",
            "yes_price": 21,
            "no_price": 79,
            "taker_side": "no"
        },
        {
            "trade_id": "a90d9f2e-0578-4eb0-83e1-6ee432189c62",
            "ticker": "KXHIGHCHI-25MAR16-T42",
            "count": 12,
            "created_time": "2025-03-16T05:11:36.450588Z",
            "yes_price": 21,
            "no_price": 79,
            "taker_side": "no"
        },
        {
            "trade_id": "316b5488-d1a9-4e70-9324-cff20bb97870",
            "ticker": "KXHIGHCHI-25MAR16-T42",
            "count": 9,
            "created_time": "2025-03-16T05:11:12.973672Z",
            "yes_price": 21,
            "no_price": 79,
            "taker_side": "no"
        },
        {
            "trade_id": "ee993ca6-91f6-4e73-980c-4978f50a5ab1",
            "ticker": "KXHIGHCHI-25MAR16-T42",
            "count": 8,
            "created_time": "2025-03-16T05:10:54.499519Z",
            "yes_price": 21,
            "no_price": 79,
            "taker_side": "no"
        },
        {
            "trade_id": "e88d0e9f-7f14-4549-b94c-555f811fbfa2",
            "ticker": "KXHIGHCHI-25MAR16-T42",
            "count": 6,
            "created_time": "2025-03-16T05:10:42.456941Z",
            "yes_price": 21,
            "no_price": 79,
            "taker_side": "no"
        },
        {
            "trade_id": "6cd574fe-8f7d-4764-b546-6d1f66f2702e",
            "ticker": "KXHIGHCHI-25MAR16-T42",
            "count": 5,
            "created_time": "2025-03-16T05:10:31.194705Z",
            "yes_price": 21,
            "no_price": 79,
            "taker_side": "no"
        },
        {
            "trade_id": "2e71737f-4a05-4884-ae6f-7b1305de38e8",
            "ticker": "KXHIGHCHI-25MAR16-T42",
            "count": 4,
            "created_time": "2025-03-16T05:10:21.50095Z",
            "yes_price": 21,
            "no_price": 79,
            "taker_side": "no"
        },
        {
            "trade_id": "6b93d20a-385f-4e44-8cf7-ee3a958edcdc",
            "ticker": "KXHIGHCHI-25MAR16-T42",
            "count": 3,
            "created_time": "2025-03-16T05:10:12.497899Z",
            "yes_price": 21,
            "no_price": 79,
            "taker_side": "no"
        },
        {
            "trade_id": "8eb370d9-c037-4af0-b775-7cdd664d54e8",
            "ticker": "KXHIGHCHI-25MAR16-T42",
            "count": 3,
            "created_time": "2025-03-16T05:10:01.660058Z",
            "yes_price": 21,
            "no_price": 79,
            "taker_side": "no"
        },
        {
            "trade_id": "03f8f744-763e-45e1-a103-f43b585978d2",
            "ticker": "KXHIGHCHI-25MAR16-T42",
            "count": 14,
            "created_time": "2025-03-16T05:09:55.550359Z",
            "yes_price": 21,
            "no_price": 79,
            "taker_side": "no"
        },
        {
            "trade_id": "e54e0add-df28-4a0b-a3a9-4c14f4c15a88",
            "ticker": "KXHIGHCHI-25MAR16-T42",
            "count": 20,
            "created_time": "2025-03-16T05:09:11.087804Z",
            "yes_price": 21,
            "no_price": 79,
            "taker_side": "no"
        },
        {
            "trade_id": "f1686b06-bc5c-4c8f-a456-63ac498b6805",
            "ticker": "KXHIGHCHI-25MAR16-T42",
            "count": 475,
            "created_time": "2025-03-16T05:07:52.935637Z",
            "yes_price": 21,
            "no_price": 79,
            "taker_side": "no"
        },
        {
            "trade_id": "022c8ec6-9c33-4c2b-b2c9-b6a7df90f7c5",
            "ticker": "KXHIGHCHI-25MAR16-T42",
            "count": 25,
            "created_time": "2025-03-16T05:03:47.976229Z",
            "yes_price": 25,
            "no_price": 75,
            "taker_side": "yes"
        },
        {
            "trade_id": "8e38ea2a-b289-4ee8-9d10-0d79159aa0a9",
            "ticker": "KXHIGHCHI-25MAR16-T42",
            "count": 5,
            "created_time": "2025-03-16T05:02:15.987132Z",
            "yes_price": 21,
            "no_price": 79,
            "taker_side": "yes"
        },
        {
            "trade_id": "eebfde4d-fb3a-45ae-95e1-56096d2b56ea",
            "ticker": "KXHIGHCHI-25MAR16-T42",
            "count": 10,
            "created_time": "2025-03-16T05:01:49.046579Z",
            "yes_price": 20,
            "no_price": 80,
            "taker_side": "yes"
        },
        {
            "trade_id": "29bf96c7-eda0-428c-9cfe-ae88ec5c1104",
            "ticker": "KXHIGHCHI-25MAR16-T42",
            "count": 20,
            "created_time": "2025-03-16T05:01:49.046579Z",
            "yes_price": 20,
            "no_price": 80,
            "taker_side": "yes"
        },
        {
            "trade_id": "4c7fe3e3-8bfc-446d-9f7e-d9766a368ca6",
            "ticker": "KXHIGHCHI-25MAR16-T42",
            "count": 20,
            "created_time": "2025-03-16T05:00:09.79344Z",
            "yes_price": 17,
            "no_price": 83,
            "taker_side": "no"
        },
        {
            "trade_id": "eabaca7f-8982-416a-85fa-30b42954b278",
            "ticker": "KXHIGHCHI-25MAR16-T42",
            "count": 20,
            "created_time": "2025-03-16T04:59:19.140844Z",
            "yes_price": 16,
            "no_price": 84,
            "taker_side": "no"
        },
        {
            "trade_id": "f68a622b-25b8-491d-8e30-5baac2364302",
            "ticker": "KXHIGHCHI-25MAR16-T42",
            "count": 186,
            "created_time": "2025-03-16T04:59:10.275353Z",
            "yes_price": 16,
            "no_price": 84,
            "taker_side": "no"
        },
        {
            "trade_id": "46c76a1f-e861-4a61-b7b2-3cca7efe00bf",
            "ticker": "KXHIGHCHI-25MAR16-T42",
            "count": 4,
            "created_time": "2025-03-16T04:58:19.586442Z",
            "yes_price": 17,
            "no_price": 83,
            "taker_side": "yes"
        },
        {
            "trade_id": "e484e822-cc88-482b-9ab3-1d0897a2867f",
            "ticker": "KXHIGHCHI-25MAR16-T42",
            "count": 10,
            "created_time": "2025-03-16T04:58:12.175124Z",
            "yes_price": 17,
            "no_price": 83,
            "taker_side": "no"
        },
        {
            "trade_id": "6fd49457-7c16-4574-b556-d36ef80a85cd",
            "ticker": "KXHIGHCHI-25MAR16-T42",
            "count": 1,
            "created_time": "2025-03-16T04:52:46.674Z",
            "yes_price": 13,
            "no_price": 87,
            "taker_side": "no"
        },
        {
            "trade_id": "bdcaa845-abd6-4873-b1ba-4a2c2141b09f",
            "ticker": "KXHIGHCHI-25MAR16-T42",
            "count": 20,
            "created_time": "2025-03-16T04:52:43.090964Z",
            "yes_price": 14,
            "no_price": 86,
            "taker_side": "yes"
        },
        {
            "trade_id": "cc30e02a-deda-4d3c-9cfa-9df983633706",
            "ticker": "KXHIGHCHI-25MAR16-T42",
            "count": 86,
            "created_time": "2025-03-16T04:52:33.212394Z",
            "yes_price": 14,
            "no_price": 86,
            "taker_side": "no"
        },
        {
            "trade_id": "bc4806b9-8440-4eda-97b0-27f0dc3e9df1",
            "ticker": "KXHIGHCHI-25MAR16-T42",
            "count": 20,
            "created_time": "2025-03-16T04:51:43.179852Z",
            "yes_price": 11,
            "no_price": 89,
            "taker_side": "no"
        },
        {
            "trade_id": "8c27a6ab-e5bb-4470-96fc-a23ce7824116",
            "ticker": "KXHIGHCHI-25MAR16-T42",
            "count": 200,
            "created_time": "2025-03-16T04:50:41.773336Z",
            "yes_price": 20,
            "no_price": 80,
            "taker_side": "no"
        },
        {
            "trade_id": "7c72aed4-ad0a-40c7-977b-ceed91d4aedb",
            "ticker": "KXHIGHCHI-25MAR16-T42",
            "count": 58,
            "created_time": "2025-03-16T04:50:41.773336Z",
            "yes_price": 8,
            "no_price": 92,
            "taker_side": "no"
        },
        {
            "trade_id": "6fa55489-45dd-4625-ba5c-88d7fa964200",
            "ticker": "KXHIGHCHI-25MAR16-T42",
            "count": 150,
            "created_time": "2025-03-16T04:50:41.773336Z",
            "yes_price": 19,
            "no_price": 81,
            "taker_side": "no"
        },
        {
            "trade_id": "654ade28-5f73-438c-b650-f042a98bbf3a",
            "ticker": "KXHIGHCHI-25MAR16-T42",
            "count": 15,
            "created_time": "2025-03-16T04:50:41.773336Z",
            "yes_price": 15,
            "no_price": 85,
            "taker_side": "no"
        },
        {
            "trade_id": "5152b9cc-48db-4a0b-b7a8-a65f04adf91b",
            "ticker": "KXHIGHCHI-25MAR16-T42",
            "count": 100,
            "created_time": "2025-03-16T04:50:41.773336Z",
            "yes_price": 18,
            "no_price": 82,
            "taker_side": "no"
        },
        {
            "trade_id": "36afa892-e820-4dae-b291-b267aea263a9",
            "ticker": "KXHIGHCHI-25MAR16-T42",
            "count": 318,
            "created_time": "2025-03-16T04:50:41.773336Z",
            "yes_price": 21,
            "no_price": 79,
            "taker_side": "no"
        },
        {
            "trade_id": "20e7e8fb-951c-43a9-9105-62e03775b56e",
            "ticker": "KXHIGHCHI-25MAR16-T42",
            "count": 139,
            "created_time": "2025-03-16T04:50:41.773336Z",
            "yes_price": 14,
            "no_price": 86,
            "taker_side": "no"
        },
        {
            "trade_id": "20399f81-08c8-43ce-9411-51577973f3ef",
            "ticker": "KXHIGHCHI-25MAR16-T42",
            "count": 20,
            "created_time": "2025-03-16T04:50:41.773336Z",
            "yes_price": 18,
            "no_price": 82,
            "taker_side": "no"
        },
        {
            "trade_id": "1cf8e8a4-f00f-4780-a1ff-a9c80ee218aa",
            "ticker": "KXHIGHCHI-25MAR16-T42",
            "count": 10,
            "created_time": "2025-03-16T04:49:24.986786Z",
            "yes_price": 21,
            "no_price": 79,
            "taker_side": "no"
        },
        {
            "trade_id": "9253234c-3da3-4579-8438-1e1cabb916d7",
            "ticker": "KXHIGHCHI-25MAR16-T42",
            "count": 100,
            "created_time": "2025-03-16T04:47:04.501458Z",
            "yes_price": 21,
            "no_price": 79,
            "taker_side": "no"
        },
        {
            "trade_id": "a9a9d6cd-8447-43e6-8ab2-f22dc86e6816",
            "ticker": "KXHIGHCHI-25MAR16-T42",
            "count": 25,
            "created_time": "2025-03-16T04:45:06.786294Z",
            "yes_price": 22,
            "no_price": 78,
            "taker_side": "no"
        },
        {
            "trade_id": "df743fc4-1256-48d0-a2f9-da3f3d9cb3ae",
            "ticker": "KXHIGHCHI-25MAR16-T42",
            "count": 25,
            "created_time": "2025-03-16T04:41:29.473908Z",
            "yes_price": 22,
            "no_price": 78,
            "taker_side": "no"
        },
        {
            "trade_id": "ca03a324-e399-4f72-8d09-7ec3c9fd99b9",
            "ticker": "KXHIGHCHI-25MAR16-T42",
            "count": 150,
            "created_time": "2025-03-16T04:40:06.012173Z",
            "yes_price": 22,
            "no_price": 78,
            "taker_side": "no"
        },
        {
            "trade_id": "adcece53-59d6-4dea-8123-c2d1a15b8770",
            "ticker": "KXHIGHCHI-25MAR16-T42",
            "count": 72,
            "created_time": "2025-03-16T04:40:06.012173Z",
            "yes_price": 21,
            "no_price": 79,
            "taker_side": "no"
        },
        {
            "trade_id": "c2ac96d8-3ff6-4717-bb7f-4803babda400",
            "ticker": "KXHIGHCHI-25MAR16-T42",
            "count": 2,
            "created_time": "2025-03-16T04:38:42.822403Z",
            "yes_price": 23,
            "no_price": 77,
            "taker_side": "no"
        },
        {
            "trade_id": "8852cf11-c42f-4e26-ac30-56e1439c203e",
            "ticker": "KXHIGHCHI-25MAR16-T42",
            "count": 102,
            "created_time": "2025-03-16T04:30:41.836677Z",
            "yes_price": 30,
            "no_price": 70,
            "taker_side": "no"
        },
        {
            "trade_id": "497ed492-1c8d-401c-8626-235f8c6d23ee",
            "ticker": "KXHIGHCHI-25MAR16-T42",
            "count": 49,
            "created_time": "2025-03-16T04:30:41.836677Z",
            "yes_price": 30,
            "no_price": 70,
            "taker_side": "no"
        },
        {
            "trade_id": "1ae7daeb-2fc6-4705-9e54-97d5c9a3ed6e",
            "ticker": "KXHIGHCHI-25MAR16-T42",
            "count": 12,
            "created_time": "2025-03-16T04:25:30.140913Z",
            "yes_price": 30,
            "no_price": 70,
            "taker_side": "no"
        },
        {
            "trade_id": "a0c11a42-87f2-42d4-bea6-7aa477d1937a",
            "ticker": "KXHIGHCHI-25MAR16-T42",
            "count": 15,
            "created_time": "2025-03-16T04:25:05.936176Z",
            "yes_price": 30,
            "no_price": 70,
            "taker_side": "no"
        },
        {
            "trade_id": "f18fc357-aee1-4672-9c41-712b1031a5e6",
            "ticker": "KXHIGHCHI-25MAR16-T42",
            "count": 25,
            "created_time": "2025-03-16T04:21:36.540989Z",
            "yes_price": 30,
            "no_price": 70,
            "taker_side": "no"
        },
        {
            "trade_id": "c02ee21f-7d1c-4d55-aa7e-301f8c8cc53a",
            "ticker": "KXHIGHCHI-25MAR16-T42",
            "count": 19,
            "created_time": "2025-03-16T04:18:33.139133Z",
            "yes_price": 31,
            "no_price": 69,
            "taker_side": "no"
        },
        {
            "trade_id": "ece63a2e-b1a6-4dfe-ae13-1929d1398716",
            "ticker": "KXHIGHCHI-25MAR16-T42",
            "count": 150,
            "created_time": "2025-03-16T04:18:20.754993Z",
            "yes_price": 31,
            "no_price": 69,
            "taker_side": "no"
        },
        {
            "trade_id": "090cf274-3325-47f2-a4e5-090c5a6905e7",
            "ticker": "KXHIGHCHI-25MAR16-T42",
            "count": 246,
            "created_time": "2025-03-16T04:18:20.754993Z",
            "yes_price": 30,
            "no_price": 70,
            "taker_side": "no"
        },
        {
            "trade_id": "05476a3e-c149-4ca8-8ce1-7176bbd8a20f",
            "ticker": "KXHIGHCHI-25MAR16-T42",
            "count": 25,
            "created_time": "2025-03-16T04:16:46.577476Z",
            "yes_price": 32,
            "no_price": 68,
            "taker_side": "no"
        },
        {
            "trade_id": "7715a78c-dc8c-43af-8ef6-a24016a7ce0e",
            "ticker": "KXHIGHCHI-25MAR16-T42",
            "count": 42,
            "created_time": "2025-03-16T04:16:34.964496Z",
            "yes_price": 34,
            "no_price": 66,
            "taker_side": "no"
        },
        {
            "trade_id": "847e51bb-9278-46c1-a43c-3e2391b5464a",
            "ticker": "KXHIGHCHI-25MAR16-T42",
            "count": 1,
            "created_time": "2025-03-16T04:14:39.35526Z",
            "yes_price": 33,
            "no_price": 67,
            "taker_side": "no"
        },
        {
            "trade_id": "03a3a92a-8b22-4a18-bd4c-0307a0af69d6",
            "ticker": "KXHIGHCHI-25MAR16-T42",
            "count": 1,
            "created_time": "2025-03-16T04:14:39.35526Z",
            "yes_price": 35,
            "no_price": 65,
            "taker_side": "no"
        },
        {
            "trade_id": "5c22ec6c-68bd-4d14-9ee9-55da157dfd98",
            "ticker": "KXHIGHCHI-25MAR16-T42",
            "count": 4,
            "created_time": "2025-03-16T04:13:41.508933Z",
            "yes_price": 35,
            "no_price": 65,
            "taker_side": "no"
        },
        {
            "trade_id": "23bd0f26-564b-4ae5-a2f6-d84f4d20ed1b",
            "ticker": "KXHIGHCHI-25MAR16-T42",
            "count": 15,
            "created_time": "2025-03-16T04:13:41.508933Z",
            "yes_price": 35,
            "no_price": 65,
            "taker_side": "no"
        },
        {
            "trade_id": "67edc7af-0ae3-4174-9109-7b8be7372b5b",
            "ticker": "KXHIGHCHI-25MAR16-T42",
            "count": 20,
            "created_time": "2025-03-16T04:12:30.449915Z",
            "yes_price": 35,
            "no_price": 65,
            "taker_side": "no"
        },
        {
            "trade_id": "ae9ad23d-311a-44e2-8e03-a2572cebde04",
            "ticker": "KXHIGHCHI-25MAR16-T42",
            "count": 92,
            "created_time": "2025-03-16T04:05:42.966544Z",
            "yes_price": 48,
            "no_price": 52,
            "taker_side": "yes"
        },
        {
            "trade_id": "4883a151-a668-4890-94e1-17551f5af6b3",
            "ticker": "KXHIGHCHI-25MAR16-T42",
            "count": 32,
            "created_time": "2025-03-16T04:05:42.966544Z",
            "yes_price": 47,
            "no_price": 53,
            "taker_side": "yes"
        },
        {
            "trade_id": "25dfd07f-3da3-41f0-a2ec-fbb1c2871b06",
            "ticker": "KXHIGHCHI-25MAR16-T42",
            "count": 1,
            "created_time": "2025-03-16T04:05:42.966544Z",
            "yes_price": 47,
            "no_price": 53,
            "taker_side": "yes"
        },
        {
            "trade_id": "b3afbff9-9c98-48b4-bda1-12bab6095a9d",
            "ticker": "KXHIGHCHI-25MAR16-T42",
            "count": 8,
            "created_time": "2025-03-16T03:49:13.403771Z",
            "yes_price": 39,
            "no_price": 61,
            "taker_side": "yes"
        },
        {
            "trade_id": "c2958155-6c5c-4e7b-9bca-8ddb3d3b1c94",
            "ticker": "KXHIGHCHI-25MAR16-T42",
            "count": 11,
            "created_time": "2025-03-16T03:44:11.755067Z",
            "yes_price": 39,
            "no_price": 61,
            "taker_side": "yes"
        },
        {
            "trade_id": "79766bfc-8aa3-4550-a10f-622eb1860568",
            "ticker": "KXHIGHCHI-25MAR16-T42",
            "count": 1,
            "created_time": "2025-03-16T03:42:48.7956Z",
            "yes_price": 40,
            "no_price": 60,
            "taker_side": "yes"
        },
        {
            "trade_id": "63935fb4-8094-44b0-a52c-ff46dec42dc7",
            "ticker": "KXHIGHCHI-25MAR16-T42",
            "count": 149,
            "created_time": "2025-03-16T03:42:48.7956Z",
            "yes_price": 40,
            "no_price": 60,
            "taker_side": "yes"
        },
        {
            "trade_id": "200ed2d3-aa01-45b2-8c28-875b57511d9f",
            "ticker": "KXHIGHCHI-25MAR16-T42",
            "count": 150,
            "created_time": "2025-03-16T03:42:46.281146Z",
            "yes_price": 39,
            "no_price": 61,
            "taker_side": "yes"
        },
        {
            "trade_id": "ce033ef0-affa-4d9e-832f-826ebbe32aa4",
            "ticker": "KXHIGHCHI-25MAR16-T42",
            "count": 4,
            "created_time": "2025-03-16T03:10:24.391967Z",
            "yes_price": 40,
            "no_price": 60,
            "taker_side": "yes"
        },
        {
            "trade_id": "f648dd0f-464b-4b5d-97f4-0d169cebd954",
            "ticker": "KXHIGHCHI-25MAR16-T42",
            "count": 20,
            "created_time": "2025-03-16T03:05:59.542175Z",
            "yes_price": 36,
            "no_price": 64,
            "taker_side": "yes"
        },
        {
            "trade_id": "f43b9d17-ee25-4a0d-8647-4efb6c54a644",
            "ticker": "KXHIGHCHI-25MAR16-T42",
            "count": 31,
            "created_time": "2025-03-16T03:05:59.542175Z",
            "yes_price": 45,
            "no_price": 55,
            "taker_side": "yes"
        },
        {
            "trade_id": "c1379333-78b3-48bc-92d5-3077e08baccd",
            "ticker": "KXHIGHCHI-25MAR16-T42",
            "count": 26,
            "created_time": "2025-03-16T03:05:59.542175Z",
            "yes_price": 35,
            "no_price": 65,
            "taker_side": "yes"
        },
        {
            "trade_id": "a0190482-94b8-4c6b-b499-980c2780e23a",
            "ticker": "KXHIGHCHI-25MAR16-T42",
            "count": 15,
            "created_time": "2025-03-16T03:05:59.542175Z",
            "yes_price": 38,
            "no_price": 62,
            "taker_side": "yes"
        },
        {
            "trade_id": "1f60d045-3ccf-4906-8df3-d44a1411b07e",
            "ticker": "KXHIGHCHI-25MAR16-T42",
            "count": 10,
            "created_time": "2025-03-16T03:05:59.542175Z",
            "yes_price": 29,
            "no_price": 71,
            "taker_side": "yes"
        },
        {
            "trade_id": "0ab1efd9-1edd-4c6c-a14f-8b67d96a3c79",
            "ticker": "KXHIGHCHI-25MAR16-T42",
            "count": 4,
            "created_time": "2025-03-16T03:05:59.542175Z",
            "yes_price": 36,
            "no_price": 64,
            "taker_side": "yes"
        },
        {
            "trade_id": "507f0808-dd83-4a74-a742-599035de8b75",
            "ticker": "KXHIGHCHI-25MAR16-T42",
            "count": 15,
            "created_time": "2025-03-16T03:02:39.725229Z",
            "yes_price": 21,
            "no_price": 79,
            "taker_side": "no"
        },
        {
            "trade_id": "1aae0877-7104-4533-a696-eb41d3cc4102",
            "ticker": "KXHIGHCHI-25MAR16-T42",
            "count": 216,
            "created_time": "2025-03-16T02:35:39.637956Z",
            "yes_price": 23,
            "no_price": 77,
            "taker_side": "no"
        },
        {
            "trade_id": "d61c7682-98db-4f62-aa99-82f7a57afac4",
            "ticker": "KXHIGHCHI-25MAR16-T42",
            "count": 9,
            "created_time": "2025-03-16T02:32:07.697798Z",
            "yes_price": 23,
            "no_price": 77,
            "taker_side": "no"
        },
        {
            "trade_id": "bb619eec-88d0-4c17-b40a-33a8ea6d25c5",
            "ticker": "KXHIGHCHI-25MAR16-T42",
            "count": 62,
            "created_time": "2025-03-16T02:31:58.649515Z",
            "yes_price": 23,
            "no_price": 77,
            "taker_side": "no"
        },
        {
            "trade_id": "833fa7c2-f0c9-424c-afef-131ca6707289",
            "ticker": "KXHIGHCHI-25MAR16-T42",
            "count": 1,
            "created_time": "2025-03-16T02:27:57.964485Z",
            "yes_price": 23,
            "no_price": 77,
            "taker_side": "no"
        },
        {
            "trade_id": "11dbcdd6-248d-455f-b6dd-3dbf8b1642fe",
            "ticker": "KXHIGHCHI-25MAR16-T42",
            "count": 5,
            "created_time": "2025-03-16T02:27:57.964485Z",
            "yes_price": 24,
            "no_price": 76,
            "taker_side": "no"
        },
        {
            "trade_id": "f8861147-e599-4076-8338-eeb9a8dd4cd1",
            "ticker": "KXHIGHCHI-25MAR16-T42",
            "count": 6,
            "created_time": "2025-03-16T02:26:22.546532Z",
            "yes_price": 26,
            "no_price": 74,
            "taker_side": "yes"
        },
        {
            "trade_id": "5a579938-02c5-4b0e-a346-e63f20d8fe95",
            "ticker": "KXHIGHCHI-25MAR16-T42",
            "count": 66,
            "created_time": "2025-03-16T02:21:30.767425Z",
            "yes_price": 25,
            "no_price": 75,
            "taker_side": "yes"
        },
        {
            "trade_id": "75559996-a08f-46b5-b2ab-1e5be5f80020",
            "ticker": "KXHIGHCHI-25MAR16-T42",
            "count": 15,
            "created_time": "2025-03-16T02:18:50.002168Z",
            "yes_price": 26,
            "no_price": 74,
            "taker_side": "yes"
        },
        {
            "trade_id": "4474d6fc-245d-4518-a5b2-5da7fc5b07bf",
            "ticker": "KXHIGHCHI-25MAR16-T42",
            "count": 119,
            "created_time": "2025-03-16T02:18:37.996157Z",
            "yes_price": 25,
            "no_price": 75,
            "taker_side": "yes"
        },
        {
            "trade_id": "3c32dd80-fa51-44fe-87b2-664998d4b24f",
            "ticker": "KXHIGHCHI-25MAR16-T42",
            "count": 15,
            "created_time": "2025-03-16T02:18:36.37822Z",
            "yes_price": 28,
            "no_price": 72,
            "taker_side": "no"
        },
        {
            "trade_id": "891cf2ec-3456-4a08-a2ac-94f138dbd779",
            "ticker": "KXHIGHCHI-25MAR16-T42",
            "count": 1,
            "created_time": "2025-03-16T02:14:19.292051Z",
            "yes_price": 25,
            "no_price": 75,
            "taker_side": "yes"
        },
        {
            "trade_id": "4724aa70-5505-45fc-89bd-8421d5b1b607",
            "ticker": "KXHIGHCHI-25MAR16-T42",
            "count": 15,
            "created_time": "2025-03-16T02:12:41.914616Z",
            "yes_price": 26,
            "no_price": 74,
            "taker_side": "yes"
        },
        {
            "trade_id": "291d3ad5-791d-4ef6-ad7e-b4ddcb32b1b0",
            "ticker": "KXHIGHCHI-25MAR16-T42",
            "count": 15,
            "created_time": "2025-03-16T02:12:41.006221Z",
            "yes_price": 31,
            "no_price": 69,
            "taker_side": "no"
        },
        {
            "trade_id": "f798ffdf-2230-4342-9002-cc9dceea67a7",
            "ticker": "KXHIGHCHI-25MAR16-T42",
            "count": 219,
            "created_time": "2025-03-16T02:12:36.738094Z",
            "yes_price": 30,
            "no_price": 70,
            "taker_side": "no"
        },
        {
            "trade_id": "3ac11b94-9954-4615-8fed-b93fd8223e1c",
            "ticker": "KXHIGHCHI-25MAR16-T42",
            "count": 21,
            "created_time": "2025-03-16T02:12:36.738094Z",
            "yes_price": 26,
            "no_price": 74,
            "taker_side": "no"
        },
        {
            "trade_id": "9b4f2dfc-c829-4d50-a4c8-e83816c32faf",
            "ticker": "KXHIGHCHI-25MAR16-T42",
            "count": 150,
            "created_time": "2025-03-16T02:12:36.688965Z",
            "yes_price": 31,
            "no_price": 69,
            "taker_side": "no"
        },
        {
            "trade_id": "5adb0d74-3719-4469-88a2-f458b30ed378",
            "ticker": "KXHIGHCHI-25MAR16-T42",
            "count": 81,
            "created_time": "2025-03-16T02:12:36.688965Z",
            "yes_price": 30,
            "no_price": 70,
            "taker_side": "no"
        },
        {
            "trade_id": "302d20f1-0514-4147-9f8e-6699995223e6",
            "ticker": "KXHIGHCHI-25MAR16-T42",
            "count": 9,
            "created_time": "2025-03-16T02:12:36.688965Z",
            "yes_price": 33,
            "no_price": 67,
            "taker_side": "no"
        },
        {
            "trade_id": "e2858ffd-9d92-45b5-b1f3-86f30747282b",
            "ticker": "KXHIGHCHI-25MAR16-T42",
            "count": 15,
            "created_time": "2025-03-16T02:12:36.637407Z",
            "yes_price": 34,
            "no_price": 66,
            "taker_side": "no"
        },
        {
            "trade_id": "56ebf9cf-72c7-4c91-9eba-d8b9710a6ced",
            "ticker": "KXHIGHCHI-25MAR16-T42",
            "count": 32,
            "created_time": "2025-03-16T02:12:36.637407Z",
            "yes_price": 41,
            "no_price": 59,
            "taker_side": "no"
        },
        {
            "trade_id": "52cef8ff-f64a-4ba3-b49f-97dfc3189400",
            "ticker": "KXHIGHCHI-25MAR16-T42",
            "count": 1,
            "created_time": "2025-03-16T02:12:36.637407Z",
            "yes_price": 40,
            "no_price": 60,
            "taker_side": "no"
        },
        {
            "trade_id": "26471c92-155e-4450-9dc7-6ae36f019eb6",
            "ticker": "KXHIGHCHI-25MAR16-T42",
            "count": 11,
            "created_time": "2025-03-16T02:12:36.637407Z",
            "yes_price": 33,
            "no_price": 67,
            "taker_side": "no"
        },
        {
            "trade_id": "1ed580e3-4153-4076-a555-6f88d68ba8f9",
            "ticker": "KXHIGHCHI-25MAR16-T42",
            "count": 6,
            "created_time": "2025-03-16T02:12:36.637407Z",
            "yes_price": 41,
            "no_price": 59,
            "taker_side": "no"
        },
        {
            "trade_id": "8a787f8b-4d5f-4e22-a840-6dbd36427975",
            "ticker": "KXHIGHCHI-25MAR16-T42",
            "count": 4,
            "created_time": "2025-03-16T02:10:00.245032Z",
            "yes_price": 52,
            "no_price": 48,
            "taker_side": "yes"
        },
        {
            "trade_id": "635557ee-c9af-4a1f-a305-916fc46fb0a3",
            "ticker": "KXHIGHCHI-25MAR16-T42",
            "count": 11,
            "created_time": "2025-03-16T02:08:41.036318Z",
            "yes_price": 53,
            "no_price": 47,
            "taker_side": "yes"
        },
        {
            "trade_id": "f5218090-dabb-49dd-b262-0dc1ffb52f35",
            "ticker": "KXHIGHCHI-25MAR16-T42",
            "count": 13,
            "created_time": "2025-03-16T02:08:05.045124Z",
            "yes_price": 53,
            "no_price": 47,
            "taker_side": "yes"
        },
        {
            "trade_id": "dd39cceb-c7e6-4963-9974-be329cf31bc6",
            "ticker": "KXHIGHCHI-25MAR16-T42",
            "count": 16,
            "created_time": "2025-03-16T02:08:05.045124Z",
            "yes_price": 44,
            "no_price": 56,
            "taker_side": "yes"
        },
        {
            "trade_id": "8fdcd75b-71b7-4755-8142-cbc1767216fc",
            "ticker": "KXHIGHCHI-25MAR16-T42",
            "count": 15,
            "created_time": "2025-03-16T02:08:05.045124Z",
            "yes_price": 51,
            "no_price": 49,
            "taker_side": "yes"
        },
        {
            "trade_id": "a61cd0f4-6a9f-4ce7-b894-dcfb3eb0499b",
            "ticker": "KXHIGHCHI-25MAR16-T42",
            "count": 2,
            "created_time": "2025-03-16T02:03:40.290258Z",
            "yes_price": 49,
            "no_price": 51,
            "taker_side": "yes"
        },
        {
            "trade_id": "7ec71c27-ace2-4be7-b738-27472a8bc363",
            "ticker": "KXHIGHCHI-25MAR16-T42",
            "count": 15,
            "created_time": "2025-03-16T02:00:52.999222Z",
            "yes_price": 40,
            "no_price": 60,
            "taker_side": "yes"
        },
        {
            "trade_id": "dcfd48ac-5d82-4748-a2ff-e7da70c4a732",
            "ticker": "KXHIGHCHI-25MAR16-T42",
            "count": 14,
            "created_time": "2025-03-16T01:50:28.223282Z",
            "yes_price": 38,
            "no_price": 62,
            "taker_side": "no"
        },
        {
            "trade_id": "deda7791-c391-4d81-a9bf-b5c48e2b74d8",
            "ticker": "KXHIGHCHI-25MAR16-T42",
            "count": 15,
            "created_time": "2025-03-16T01:47:18.824849Z",
            "yes_price": 40,
            "no_price": 60,
            "taker_side": "yes"
        },
        {
            "trade_id": "844d4f07-f5d0-4e47-9e89-53ba683f2694",
            "ticker": "KXHIGHCHI-25MAR16-T42",
            "count": 24,
            "created_time": "2025-03-16T01:47:18.824849Z",
            "yes_price": 36,
            "no_price": 64,
            "taker_side": "yes"
        },
        {
            "trade_id": "42a9a124-8f39-44d8-8c9d-a852207a660f",
            "ticker": "KXHIGHCHI-25MAR16-T42",
            "count": 38,
            "created_time": "2025-03-16T01:47:18.824849Z",
            "yes_price": 51,
            "no_price": 49,
            "taker_side": "yes"
        },
        {
            "trade_id": "41b0a9dc-362f-4bf9-9f10-2ccac72ffec8",
            "ticker": "KXHIGHCHI-25MAR16-T42",
            "count": 26,
            "created_time": "2025-03-16T01:47:01.810422Z",
            "yes_price": 33,
            "no_price": 67,
            "taker_side": "no"
        },
        {
            "trade_id": "9cbafaec-daff-449a-b512-8eaa913a7f4c",
            "ticker": "KXHIGHCHI-25MAR16-T42",
            "count": 12,
            "created_time": "2025-03-16T01:47:01.734398Z",
            "yes_price": 33,
            "no_price": 67,
            "taker_side": "yes"
        },
        {
            "trade_id": "6d574353-7a67-421b-bd45-57e0ed276ff3",
            "ticker": "KXHIGHCHI-25MAR16-T42",
            "count": 12,
            "created_time": "2025-03-16T01:46:47.454009Z",
            "yes_price": 28,
            "no_price": 72,
            "taker_side": "yes"
        },
        {
            "trade_id": "3dc0e270-1757-46eb-8e67-8a8cc3460186",
            "ticker": "KXHIGHCHI-25MAR16-T42",
            "count": 3,
            "created_time": "2025-03-16T01:46:47.454009Z",
            "yes_price": 33,
            "no_price": 67,
            "taker_side": "yes"
        },
        {
            "trade_id": "7ffe6b46-f033-4b42-8e27-7ad303d68b65",
            "ticker": "KXHIGHCHI-25MAR16-T42",
            "count": 12,
            "created_time": "2025-03-16T01:45:39.224658Z",
            "yes_price": 27,
            "no_price": 73,
            "taker_side": "yes"
        },
        {
            "trade_id": "939fb43f-155b-45f7-b12c-0a3611fd76ca",
            "ticker": "KXHIGHCHI-25MAR16-T42",
            "count": 9,
            "created_time": "2025-03-16T01:25:36.214473Z",
            "yes_price": 25,
            "no_price": 75,
            "taker_side": "no"
        },
        {
            "trade_id": "95a2f417-14db-4f7e-bebd-a9a07c385526",
            "ticker": "KXHIGHCHI-25MAR16-T42",
            "count": 11,
            "created_time": "2025-03-16T01:02:39.869174Z",
            "yes_price": 24,
            "no_price": 76,
            "taker_side": "yes"
        },
        {
            "trade_id": "339f1702-d891-4474-adb1-9d56fa42769f",
            "ticker": "KXHIGHCHI-25MAR16-T42",
            "count": 50,
            "created_time": "2025-03-16T00:42:41.352214Z",
            "yes_price": 18,
            "no_price": 82,
            "taker_side": "yes"
        },
        {
            "trade_id": "e981a10f-b613-4cc1-b527-a90187ab9c71",
            "ticker": "KXHIGHCHI-25MAR16-T42",
            "count": 10,
            "created_time": "2025-03-16T00:28:55.653731Z",
            "yes_price": 16,
            "no_price": 84,
            "taker_side": "no"
        },
        {
            "trade_id": "7ba83f07-e24d-43cd-95bc-1c0c1d5ed02c",
            "ticker": "KXHIGHCHI-25MAR16-T42",
            "count": 7,
            "created_time": "2025-03-16T00:16:21.761225Z",
            "yes_price": 16,
            "no_price": 84,
            "taker_side": "no"
        },
        {
            "trade_id": "0fe30b55-ed15-4973-960b-39fcbc562fb1",
            "ticker": "KXHIGHCHI-25MAR16-T42",
            "count": 17,
            "created_time": "2025-03-15T23:54:11.47651Z",
            "yes_price": 27,
            "no_price": 73,
            "taker_side": "yes"
        },
        {
            "trade_id": "6fda105c-d276-4caf-903b-96a16841c0a5",
            "ticker": "KXHIGHCHI-25MAR16-T42",
            "count": 5,
            "created_time": "2025-03-15T23:45:02.807282Z",
            "yes_price": 27,
            "no_price": 73,
            "taker_side": "yes"
        },
        {
            "trade_id": "c27bd86b-ea7e-4ebb-9271-252fed8aebfc",
            "ticker": "KXHIGHCHI-25MAR16-T42",
            "count": 61,
            "created_time": "2025-03-15T23:37:06.32115Z",
            "yes_price": 14,
            "no_price": 86,
            "taker_side": "no"
        },
        {
            "trade_id": "b8b343a2-bf2d-4af5-a745-fd42fe0dcca5",
            "ticker": "KXHIGHCHI-25MAR16-T42",
            "count": 54,
            "created_time": "2025-03-15T23:37:06.32115Z",
            "yes_price": 15,
            "no_price": 85,
            "taker_side": "no"
        },
        {
            "trade_id": "ecd12c24-cc10-4e56-9588-98f720cd702b",
            "ticker": "KXHIGHCHI-25MAR16-T42",
            "count": 37,
            "created_time": "2025-03-15T23:12:16.230338Z",
            "yes_price": 19,
            "no_price": 81,
            "taker_side": "yes"
        },
        {
            "trade_id": "c4a333c9-44cb-46ef-9aad-a3b6af2ed7bc",
            "ticker": "KXHIGHCHI-25MAR16-T42",
            "count": 91,
            "created_time": "2025-03-15T23:12:16.230338Z",
            "yes_price": 21,
            "no_price": 79,
            "taker_side": "yes"
        },
        {
            "trade_id": "9935cc0b-cc42-47e8-b2b4-17b05a16bc3f",
            "ticker": "KXHIGHCHI-25MAR16-T42",
            "count": 7,
            "created_time": "2025-03-15T23:12:16.230338Z",
            "yes_price": 19,
            "no_price": 81,
            "taker_side": "yes"
        },
        {
            "trade_id": "f90d1d18-2ec9-4d05-b84e-07ed5ebaeb0f",
            "ticker": "KXHIGHCHI-25MAR16-T42",
            "count": 240,
            "created_time": "2025-03-15T22:59:28.286726Z",
            "yes_price": 17,
            "no_price": 83,
            "taker_side": "yes"
        },
        {
            "trade_id": "623c28e9-c1be-4087-b533-0fccec27b1a6",
            "ticker": "KXHIGHCHI-25MAR16-T42",
            "count": 8,
            "created_time": "2025-03-15T22:59:28.286726Z",
            "yes_price": 15,
            "no_price": 85,
            "taker_side": "yes"
        },
        {
            "trade_id": "3e0dc82a-a07c-4b86-b39b-4aa3b6f9ad61",
            "ticker": "KXHIGHCHI-25MAR16-T42",
            "count": 150,
            "created_time": "2025-03-15T22:59:28.286726Z",
            "yes_price": 19,
            "no_price": 81,
            "taker_side": "yes"
        },
        {
            "trade_id": "229a4bb0-1f87-493d-97c0-b97ed905ffc5",
            "ticker": "KXHIGHCHI-25MAR16-T42",
            "count": 240,
            "created_time": "2025-03-15T22:59:28.286726Z",
            "yes_price": 19,
            "no_price": 81,
            "taker_side": "yes"
        },
        {
            "trade_id": "1fe73f56-dc97-4e1e-bfc4-f4a1c2cc59f9",
            "ticker": "KXHIGHCHI-25MAR16-T42",
            "count": 12,
            "created_time": "2025-03-15T22:59:28.286726Z",
            "yes_price": 15,
            "no_price": 85,
            "taker_side": "yes"
        },
        {
            "trade_id": "52b918d6-263c-400e-a84a-b9d297dd9bce",
            "ticker": "KXHIGHCHI-25MAR16-T42",
            "count": 1,
            "created_time": "2025-03-15T22:40:57.97513Z",
            "yes_price": 13,
            "no_price": 87,
            "taker_side": "no"
        },
        {
            "trade_id": "4bc1222c-5cd1-4bf9-90db-c39db09d0193",
            "ticker": "KXHIGHCHI-25MAR16-T42",
            "count": 15,
            "created_time": "2025-03-15T22:26:43.476878Z",
            "yes_price": 16,
            "no_price": 84,
            "taker_side": "yes"
        },
        {
            "trade_id": "50398393-461f-4962-9bfa-12853535487d",
            "ticker": "KXHIGHCHI-25MAR16-T42",
            "count": 15,
            "created_time": "2025-03-15T22:26:39.66583Z",
            "yes_price": 16,
            "no_price": 84,
            "taker_side": "yes"
        },
        {
            "trade_id": "f9ee3e13-3f38-4d48-8571-7c24a0e79570",
            "ticker": "KXHIGHCHI-25MAR16-T42",
            "count": 4,
            "created_time": "2025-03-15T22:26:27.992217Z",
            "yes_price": 11,
            "no_price": 89,
            "taker_side": "yes"
        },
        {
            "trade_id": "dbd8c749-cb48-4458-a78f-98baaacbb584",
            "ticker": "KXHIGHCHI-25MAR16-T42",
            "count": 50,
            "created_time": "2025-03-15T22:26:27.992217Z",
            "yes_price": 29,
            "no_price": 71,
            "taker_side": "yes"
        },
        {
            "trade_id": "d5be0872-da42-43c8-a70a-ebf71edf8b7b",
            "ticker": "KXHIGHCHI-25MAR16-T42",
            "count": 15,
            "created_time": "2025-03-15T22:26:27.992217Z",
            "yes_price": 17,
            "no_price": 83,
            "taker_side": "yes"
        },
        {
            "trade_id": "c0d0d590-61db-4f54-abd5-e28fea3bb3ac",
            "ticker": "KXHIGHCHI-25MAR16-T42",
            "count": 240,
            "created_time": "2025-03-15T22:26:27.992217Z",
            "yes_price": 15,
            "no_price": 85,
            "taker_side": "yes"
        },
        {
            "trade_id": "ace4c9fc-ac24-44f1-b321-f4f449fcb7f6",
            "ticker": "KXHIGHCHI-25MAR16-T42",
            "count": 25,
            "created_time": "2025-03-15T22:26:27.992217Z",
            "yes_price": 37,
            "no_price": 63,
            "taker_side": "yes"
        },
        {
            "trade_id": "a61c9c28-6d34-4a4e-b3fb-2b7b021d0b9a",
            "ticker": "KXHIGHCHI-25MAR16-T42",
            "count": 10,
            "created_time": "2025-03-15T22:26:27.992217Z",
            "yes_price": 14,
            "no_price": 86,
            "taker_side": "yes"
        },
        {
            "trade_id": "a49589dc-dcfc-4976-9d03-e155d8535efc",
            "ticker": "KXHIGHCHI-25MAR16-T42",
            "count": 25,
            "created_time": "2025-03-15T22:26:27.992217Z",
            "yes_price": 24,
            "no_price": 76,
            "taker_side": "yes"
        },
        {
            "trade_id": "962948b5-8cb5-4a22-a464-f68b95d4fb67",
            "ticker": "KXHIGHCHI-25MAR16-T42",
            "count": 100,
            "created_time": "2025-03-15T22:26:27.992217Z",
            "yes_price": 32,
            "no_price": 68,
            "taker_side": "yes"
        },
        {
            "trade_id": "8932e1e2-8513-4152-96df-683356eb672a",
            "ticker": "KXHIGHCHI-25MAR16-T42",
            "count": 9,
            "created_time": "2025-03-15T22:26:27.992217Z",
            "yes_price": 10,
            "no_price": 90,
            "taker_side": "yes"
        },
        {
            "trade_id": "81f5df47-8681-42ee-9d56-6ac4c9bcd983",
            "ticker": "KXHIGHCHI-25MAR16-T42",
            "count": 10,
            "created_time": "2025-03-15T22:26:27.992217Z",
            "yes_price": 42,
            "no_price": 58,
            "taker_side": "yes"
        },
        {
            "trade_id": "67e5d263-46df-4821-94a1-d1c23be0020c",
            "ticker": "KXHIGHCHI-25MAR16-T42",
            "count": 32,
            "created_time": "2025-03-15T22:26:27.992217Z",
            "yes_price": 43,
            "no_price": 57,
            "taker_side": "yes"
        },
        {
            "trade_id": "5c1612b7-7916-4c2f-992a-c46464714378",
            "ticker": "KXHIGHCHI-25MAR16-T42",
            "count": 65,
            "created_time": "2025-03-15T22:26:27.992217Z",
            "yes_price": 11,
            "no_price": 89,
            "taker_side": "yes"
        },
        {
            "trade_id": "546d5390-1de0-4bf9-941c-75375302e1cb",
            "ticker": "KXHIGHCHI-25MAR16-T42",
            "count": 150,
            "created_time": "2025-03-15T22:26:27.992217Z",
            "yes_price": 14,
            "no_price": 86,
            "taker_side": "yes"
        },
        {
            "trade_id": "2691ccd4-fda2-46e2-919d-fce03b317ca4",
            "ticker": "KXHIGHCHI-25MAR16-T42",
            "count": 25,
            "created_time": "2025-03-15T22:26:27.992217Z",
            "yes_price": 11,
            "no_price": 89,
            "taker_side": "yes"
        },
        {
            "trade_id": "16ab0145-5f24-4376-a76e-bd1886499577",
            "ticker": "KXHIGHCHI-25MAR16-T42",
            "count": 240,
            "created_time": "2025-03-15T22:26:27.992217Z",
            "yes_price": 13,
            "no_price": 87,
            "taker_side": "yes"
        },
        {
            "trade_id": "324e470f-ebe5-4037-8dfb-a1bc9f561db3",
            "ticker": "KXHIGHCHI-25MAR16-T42",
            "count": 1,
            "created_time": "2025-03-15T22:21:05.986802Z",
            "yes_price": 10,
            "no_price": 90,
            "taker_side": "yes"
        },
        {
            "trade_id": "c8c37ac2-00c4-4f0f-a276-d4e1f457f287",
            "ticker": "KXHIGHCHI-25MAR16-T42",
            "count": 5,
            "created_time": "2025-03-15T21:55:09.081996Z",
            "yes_price": 8,
            "no_price": 92,
            "taker_side": "no"
        },
        {
            "trade_id": "81b6dff8-a502-4b29-a74f-5fe55a979b18",
            "ticker": "KXHIGHCHI-25MAR16-T42",
            "count": 10,
            "created_time": "2025-03-15T21:55:09.081996Z",
            "yes_price": 8,
            "no_price": 92,
            "taker_side": "no"
        },
        {
            "trade_id": "ea4bf421-5f1a-43c6-8f46-1a6a860c3b49",
            "ticker": "KXHIGHCHI-25MAR16-T42",
            "count": 240,
            "created_time": "2025-03-15T21:45:38.137845Z",
            "yes_price": 10,
            "no_price": 90,
            "taker_side": "yes"
        },
        {
            "trade_id": "ba517de9-f579-4f59-937e-fffcac5bc797",
            "ticker": "KXHIGHCHI-25MAR16-T42",
            "count": 240,
            "created_time": "2025-03-15T21:45:38.137845Z",
            "yes_price": 12,
            "no_price": 88,
            "taker_side": "yes"
        },
        {
            "trade_id": "b8983bf5-b75a-4698-bd7e-e4c303d2eb35",
            "ticker": "KXHIGHCHI-25MAR16-T42",
            "count": 10,
            "created_time": "2025-03-15T21:45:38.137845Z",
            "yes_price": 12,
            "no_price": 88,
            "taker_side": "yes"
        },
        {
            "trade_id": "a8665f8c-0258-460b-a7ba-9b3c08401d44",
            "ticker": "KXHIGHCHI-25MAR16-T42",
            "count": 10,
            "created_time": "2025-03-15T21:45:38.137845Z",
            "yes_price": 10,
            "no_price": 90,
            "taker_side": "yes"
        },
        {
            "trade_id": "62b298ae-1ac4-401c-abf0-c898f057b7b8",
            "ticker": "KXHIGHCHI-25MAR16-T42",
            "count": 21,
            "created_time": "2025-03-15T21:45:38.137845Z",
            "yes_price": 8,
            "no_price": 92,
            "taker_side": "yes"
        },
        {
            "trade_id": "44b68c15-8fe3-4edc-a081-2cd8f24e5873",
            "ticker": "KXHIGHCHI-25MAR16-T42",
            "count": 8,
            "created_time": "2025-03-15T21:45:38.137845Z",
            "yes_price": 8,
            "no_price": 92,
            "taker_side": "yes"
        },
        {
            "trade_id": "eae64118-f397-4513-95f5-36f13809dd76",
            "ticker": "KXHIGHCHI-25MAR16-T42",
            "count": 25,
            "created_time": "2025-03-15T21:37:59.517883Z",
            "yes_price": 5,
            "no_price": 95,
            "taker_side": "yes"
        },
        {
            "trade_id": "935e014c-ab65-4bac-9ba6-ca77b6e8d05a",
            "ticker": "KXHIGHCHI-25MAR16-T42",
            "count": 240,
            "created_time": "2025-03-15T21:37:59.517883Z",
            "yes_price": 9,
            "no_price": 91,
            "taker_side": "yes"
        },
        {
            "trade_id": "517a2caf-c1f2-4096-9421-62f6ad61f927",
            "ticker": "KXHIGHCHI-25MAR16-T42",
            "count": 4,
            "created_time": "2025-03-15T21:37:59.517883Z",
            "yes_price": 5,
            "no_price": 95,
            "taker_side": "yes"
        },
        {
            "trade_id": "3f64b8f0-e706-4176-bdd1-fb8423965d11",
            "ticker": "KXHIGHCHI-25MAR16-T42",
            "count": 240,
            "created_time": "2025-03-15T21:37:59.517883Z",
            "yes_price": 7,
            "no_price": 93,
            "taker_side": "yes"
        },
        {
            "trade_id": "27e2b480-c019-462d-99ec-335573d219f9",
            "ticker": "KXHIGHCHI-25MAR16-T42",
            "count": 45,
            "created_time": "2025-03-15T21:37:59.517883Z",
            "yes_price": 9,
            "no_price": 91,
            "taker_side": "yes"
        },
        {
            "trade_id": "5422394b-ed13-4dbd-bdce-51f32affd1ab",
            "ticker": "KXHIGHCHI-25MAR16-T42",
            "count": 15,
            "created_time": "2025-03-15T21:05:20.761623Z",
            "yes_price": 6,
            "no_price": 94,
            "taker_side": "yes"
        },
        {
            "trade_id": "c7ac16a1-31b8-476d-a2f6-3da2b85053bf",
            "ticker": "KXHIGHCHI-25MAR16-T42",
            "count": 240,
            "created_time": "2025-03-15T15:26:55.48957Z",
            "yes_price": 7,
            "no_price": 93,
            "taker_side": "yes"
        },
        {
            "trade_id": "92db74e3-df61-4cd9-b438-6d4f88842ae8",
            "ticker": "KXHIGHCHI-25MAR16-T42",
            "count": 78,
            "created_time": "2025-03-15T15:26:55.48957Z",
            "yes_price": 5,
            "no_price": 95,
            "taker_side": "yes"
        },
        {
            "trade_id": "c19664f7-c148-48f5-b43b-0f30b49981b4",
            "ticker": "KXHIGHCHI-25MAR16-T42",
            "count": 12,
            "created_time": "2025-03-15T15:24:20.482328Z",
            "yes_price": 4,
            "no_price": 96,
            "taker_side": "yes"
        }
    ],
    "KXHIGHCHI-25MAR16-B42.5": [
        {
            "trade_id": "a4f42937-ef45-4ebe-8e00-bfbade8c7c1a",
            "ticker": "KXHIGHCHI-25MAR16-B42.5",
            "count": 1000,
            "created_time": "2025-03-17T04:56:41.493084Z",
            "yes_price": 2,
            "no_price": 98,
            "taker_side": "yes"
        },
        {
            "trade_id": "15597566-72e8-4466-be38-a982bf939e81",
            "ticker": "KXHIGHCHI-25MAR16-B42.5",
            "count": 45,
            "created_time": "2025-03-17T04:33:45.271633Z",
            "yes_price": 1,
            "no_price": 99,
            "taker_side": "no"
        },
        {
            "trade_id": "3b3ccfbb-0e02-4b77-84df-3cac6b3dab00",
            "ticker": "KXHIGHCHI-25MAR16-B42.5",
            "count": 1500,
            "created_time": "2025-03-17T04:16:30.605601Z",
            "yes_price": 2,
            "no_price": 98,
            "taker_side": "no"
        },
        {
            "trade_id": "13622f78-dc0c-4f30-b0ed-fa439af4812c",
            "ticker": "KXHIGHCHI-25MAR16-B42.5",
            "count": 924,
            "created_time": "2025-03-17T04:16:30.605601Z",
            "yes_price": 2,
            "no_price": 98,
            "taker_side": "no"
        },
        {
            "trade_id": "ed024a87-a1b7-495f-a46a-1052c06ad496",
            "ticker": "KXHIGHCHI-25MAR16-B42.5",
            "count": 30,
            "created_time": "2025-03-17T03:56:53.348387Z",
            "yes_price": 3,
            "no_price": 97,
            "taker_side": "yes"
        },
        {
            "trade_id": "a870463d-7ddf-4e24-9ebe-72cb425e0450",
            "ticker": "KXHIGHCHI-25MAR16-B42.5",
            "count": 244,
            "created_time": "2025-03-17T03:50:59.409306Z",
            "yes_price": 3,
            "no_price": 97,
            "taker_side": "yes"
        },
        {
            "trade_id": "065be2bd-8ba2-4f03-bf2e-54ebc7d4661b",
            "ticker": "KXHIGHCHI-25MAR16-B42.5",
            "count": 106,
            "created_time": "2025-03-17T03:50:59.409306Z",
            "yes_price": 3,
            "no_price": 97,
            "taker_side": "yes"
        },
        {
            "trade_id": "ca129816-3ef2-4654-8862-fe72c9474bb9",
            "ticker": "KXHIGHCHI-25MAR16-B42.5",
            "count": 556,
            "created_time": "2025-03-17T03:12:04.09599Z",
            "yes_price": 3,
            "no_price": 97,
            "taker_side": "yes"
        },
        {
            "trade_id": "c92c03eb-a622-446b-a2b8-dc1f4918caaf",
            "ticker": "KXHIGHCHI-25MAR16-B42.5",
            "count": 2444,
            "created_time": "2025-03-17T03:12:04.09599Z",
            "yes_price": 3,
            "no_price": 97,
            "taker_side": "yes"
        },
        {
            "trade_id": "61a4421d-822d-4cba-a4fc-8ac7fabfc4ba",
            "ticker": "KXHIGHCHI-25MAR16-B42.5",
            "count": 102,
            "created_time": "2025-03-17T03:04:09.49159Z",
            "yes_price": 3,
            "no_price": 97,
            "taker_side": "yes"
        },
        {
            "trade_id": "f1fd0237-694c-4dae-8b89-802cb0e1a50e",
            "ticker": "KXHIGHCHI-25MAR16-B42.5",
            "count": 506,
            "created_time": "2025-03-17T03:03:38.555508Z",
            "yes_price": 3,
            "no_price": 97,
            "taker_side": "yes"
        },
        {
            "trade_id": "f9dfaf42-f4eb-40d8-83f2-e464c9ca5c45",
            "ticker": "KXHIGHCHI-25MAR16-B42.5",
            "count": 188,
            "created_time": "2025-03-17T02:45:44.861777Z",
            "yes_price": 3,
            "no_price": 97,
            "taker_side": "yes"
        },
        {
            "trade_id": "17911ce2-359e-4087-a0f6-d043138bb4b8",
            "ticker": "KXHIGHCHI-25MAR16-B42.5",
            "count": 750,
            "created_time": "2025-03-17T02:05:55.30872Z",
            "yes_price": 3,
            "no_price": 97,
            "taker_side": "yes"
        },
        {
            "trade_id": "9ed2c22e-82f6-4e83-8c3b-b13f22f28a5f",
            "ticker": "KXHIGHCHI-25MAR16-B42.5",
            "count": 210,
            "created_time": "2025-03-17T01:57:23.541349Z",
            "yes_price": 3,
            "no_price": 97,
            "taker_side": "yes"
        },
        {
            "trade_id": "bf8741b8-3a5c-4e0c-af9d-dbef909a059f",
            "ticker": "KXHIGHCHI-25MAR16-B42.5",
            "count": 386,
            "created_time": "2025-03-17T01:30:02.935853Z",
            "yes_price": 3,
            "no_price": 97,
            "taker_side": "yes"
        },
        {
            "trade_id": "c183d5df-03ad-4f73-a394-282c677081e1",
            "ticker": "KXHIGHCHI-25MAR16-B42.5",
            "count": 76,
            "created_time": "2025-03-17T00:29:05.300191Z",
            "yes_price": 2,
            "no_price": 98,
            "taker_side": "no"
        },
        {
            "trade_id": "53a8070e-18f7-492d-80ba-daa3c397590d",
            "ticker": "KXHIGHCHI-25MAR16-B42.5",
            "count": 24,
            "created_time": "2025-03-17T00:29:05.300191Z",
            "yes_price": 2,
            "no_price": 98,
            "taker_side": "no"
        },
        {
            "trade_id": "dc053d96-e147-4f08-abce-e6dc41c5c356",
            "ticker": "KXHIGHCHI-25MAR16-B42.5",
            "count": 3141,
            "created_time": "2025-03-16T23:31:51.07017Z",
            "yes_price": 1,
            "no_price": 99,
            "taker_side": "no"
        },
        {
            "trade_id": "c26e4746-ebac-462d-9bfd-d7f6ff49f720",
            "ticker": "KXHIGHCHI-25MAR16-B42.5",
            "count": 2914,
            "created_time": "2025-03-16T23:27:57.951463Z",
            "yes_price": 3,
            "no_price": 97,
            "taker_side": "yes"
        },
        {
            "trade_id": "35361cab-0538-40f7-a28e-c35c4a9dd7fe",
            "ticker": "KXHIGHCHI-25MAR16-B42.5",
            "count": 86,
            "created_time": "2025-03-16T23:27:57.951463Z",
            "yes_price": 3,
            "no_price": 97,
            "taker_side": "yes"
        },
        {
            "trade_id": "e77985c5-960d-4e25-aa2f-b52dd50d22f3",
            "ticker": "KXHIGHCHI-25MAR16-B42.5",
            "count": 250,
            "created_time": "2025-03-16T23:01:22.709449Z",
            "yes_price": 2,
            "no_price": 98,
            "taker_side": "no"
        },
        {
            "trade_id": "89b60d6e-2ccb-46b1-bfa9-5c7d32d7fb79",
            "ticker": "KXHIGHCHI-25MAR16-B42.5",
            "count": 90,
            "created_time": "2025-03-16T22:58:38.411848Z",
            "yes_price": 1,
            "no_price": 99,
            "taker_side": "no"
        },
        {
            "trade_id": "77aa1597-8baf-4955-a095-544636ad72ac",
            "ticker": "KXHIGHCHI-25MAR16-B42.5",
            "count": 62,
            "created_time": "2025-03-16T22:54:47.924985Z",
            "yes_price": 1,
            "no_price": 99,
            "taker_side": "no"
        },
        {
            "trade_id": "eb9ac007-3ca1-4a95-843e-c64a2ae3fe7b",
            "ticker": "KXHIGHCHI-25MAR16-B42.5",
            "count": 66,
            "created_time": "2025-03-16T22:42:46.149911Z",
            "yes_price": 2,
            "no_price": 98,
            "taker_side": "yes"
        },
        {
            "trade_id": "40ad7e57-a149-4006-a8c1-7be9eee4837c",
            "ticker": "KXHIGHCHI-25MAR16-B42.5",
            "count": 1136,
            "created_time": "2025-03-16T22:40:21.873828Z",
            "yes_price": 1,
            "no_price": 99,
            "taker_side": "no"
        },
        {
            "trade_id": "50db0834-7e59-4691-a114-4b49d3af07f6",
            "ticker": "KXHIGHCHI-25MAR16-B42.5",
            "count": 237,
            "created_time": "2025-03-16T22:39:56.783943Z",
            "yes_price": 1,
            "no_price": 99,
            "taker_side": "no"
        },
        {
            "trade_id": "7b409348-8a8d-46d4-a14e-608d86118fa2",
            "ticker": "KXHIGHCHI-25MAR16-B42.5",
            "count": 500,
            "created_time": "2025-03-16T22:39:11.763629Z",
            "yes_price": 2,
            "no_price": 98,
            "taker_side": "yes"
        },
        {
            "trade_id": "939bbc5c-c07b-492b-8152-dccc159e7084",
            "ticker": "KXHIGHCHI-25MAR16-B42.5",
            "count": 4251,
            "created_time": "2025-03-16T22:29:10.942186Z",
            "yes_price": 1,
            "no_price": 99,
            "taker_side": "no"
        },
        {
            "trade_id": "002d13e6-1e02-415b-8dde-af0f151642c7",
            "ticker": "KXHIGHCHI-25MAR16-B42.5",
            "count": 1000,
            "created_time": "2025-03-16T22:17:53.40913Z",
            "yes_price": 2,
            "no_price": 98,
            "taker_side": "yes"
        },
        {
            "trade_id": "a31d4adb-b8e3-4063-aa95-b467febf88be",
            "ticker": "KXHIGHCHI-25MAR16-B42.5",
            "count": 1157,
            "created_time": "2025-03-16T22:11:53.591131Z",
            "yes_price": 1,
            "no_price": 99,
            "taker_side": "no"
        },
        {
            "trade_id": "030c0756-f35a-4f49-b940-f85f72b24c7c",
            "ticker": "KXHIGHCHI-25MAR16-B42.5",
            "count": 650,
            "created_time": "2025-03-16T22:10:11.973746Z",
            "yes_price": 1,
            "no_price": 99,
            "taker_side": "no"
        },
        {
            "trade_id": "5fd34ed7-9fa6-49a9-8953-a0674c3fcd35",
            "ticker": "KXHIGHCHI-25MAR16-B42.5",
            "count": 5,
            "created_time": "2025-03-16T22:08:12.633283Z",
            "yes_price": 1,
            "no_price": 99,
            "taker_side": "no"
        },
        {
            "trade_id": "f2d580d4-2ac5-4523-afaf-910b7e52d9a7",
            "ticker": "KXHIGHCHI-25MAR16-B42.5",
            "count": 105,
            "created_time": "2025-03-16T22:01:27.876469Z",
            "yes_price": 2,
            "no_price": 98,
            "taker_side": "yes"
        },
        {
            "trade_id": "21a60405-a31b-44ab-9c58-93a0e9f90002",
            "ticker": "KXHIGHCHI-25MAR16-B42.5",
            "count": 10,
            "created_time": "2025-03-16T22:01:13.421634Z",
            "yes_price": 1,
            "no_price": 99,
            "taker_side": "no"
        },
        {
            "trade_id": "a2746110-bfc2-484b-a5c0-da7b9d79e7bb",
            "ticker": "KXHIGHCHI-25MAR16-B42.5",
            "count": 2000,
            "created_time": "2025-03-16T22:00:18.109704Z",
            "yes_price": 1,
            "no_price": 99,
            "taker_side": "no"
        },
        {
            "trade_id": "aa064412-f6db-4463-bd7d-59ff0126c6b3",
            "ticker": "KXHIGHCHI-25MAR16-B42.5",
            "count": 600,
            "created_time": "2025-03-16T21:59:20.131119Z",
            "yes_price": 1,
            "no_price": 99,
            "taker_side": "no"
        },
        {
            "trade_id": "77d7bc00-d18f-442f-bba6-8656e892dbc1",
            "ticker": "KXHIGHCHI-25MAR16-B42.5",
            "count": 336,
            "created_time": "2025-03-16T21:57:30.161037Z",
            "yes_price": 1,
            "no_price": 99,
            "taker_side": "no"
        },
        {
            "trade_id": "2289c16b-2ab5-4acb-9572-9925d0f9ff40",
            "ticker": "KXHIGHCHI-25MAR16-B42.5",
            "count": 13,
            "created_time": "2025-03-16T21:57:16.208107Z",
            "yes_price": 1,
            "no_price": 99,
            "taker_side": "no"
        },
        {
            "trade_id": "3f8260a5-3853-45fe-9a32-8a21ec1500d8",
            "ticker": "KXHIGHCHI-25MAR16-B42.5",
            "count": 14,
            "created_time": "2025-03-16T21:44:03.940964Z",
            "yes_price": 3,
            "no_price": 97,
            "taker_side": "yes"
        },
        {
            "trade_id": "62473085-2f8a-466b-9bc2-ed74fbc3976b",
            "ticker": "KXHIGHCHI-25MAR16-B42.5",
            "count": 300,
            "created_time": "2025-03-16T21:39:56.99216Z",
            "yes_price": 2,
            "no_price": 98,
            "taker_side": "no"
        },
        {
            "trade_id": "2d59adb9-3904-452e-8554-9124d2a1b868",
            "ticker": "KXHIGHCHI-25MAR16-B42.5",
            "count": 250,
            "created_time": "2025-03-16T21:20:02.193403Z",
            "yes_price": 2,
            "no_price": 98,
            "taker_side": "no"
        },
        {
            "trade_id": "b6490175-0d35-4502-9178-aaf5bbff7b5d",
            "ticker": "KXHIGHCHI-25MAR16-B42.5",
            "count": 100,
            "created_time": "2025-03-16T21:19:38.411508Z",
            "yes_price": 2,
            "no_price": 98,
            "taker_side": "no"
        },
        {
            "trade_id": "26271275-d18e-4818-98c8-041060f99995",
            "ticker": "KXHIGHCHI-25MAR16-B42.5",
            "count": 500,
            "created_time": "2025-03-16T21:19:12.732544Z",
            "yes_price": 2,
            "no_price": 98,
            "taker_side": "no"
        },
        {
            "trade_id": "77be69da-5359-4833-ba94-fc8071e1b114",
            "ticker": "KXHIGHCHI-25MAR16-B42.5",
            "count": 2905,
            "created_time": "2025-03-16T21:17:39.848832Z",
            "yes_price": 1,
            "no_price": 99,
            "taker_side": "no"
        },
        {
            "trade_id": "4db83f02-c07c-4d78-b957-3fa7557c7874",
            "ticker": "KXHIGHCHI-25MAR16-B42.5",
            "count": 1000,
            "created_time": "2025-03-16T21:17:11.593629Z",
            "yes_price": 1,
            "no_price": 99,
            "taker_side": "no"
        },
        {
            "trade_id": "c99c07d7-212f-4518-953e-fd99077f3f49",
            "ticker": "KXHIGHCHI-25MAR16-B42.5",
            "count": 4,
            "created_time": "2025-03-16T21:17:10.769508Z",
            "yes_price": 3,
            "no_price": 97,
            "taker_side": "no"
        },
        {
            "trade_id": "80772bfc-774d-48c2-90f8-938fe8a3298f",
            "ticker": "KXHIGHCHI-25MAR16-B42.5",
            "count": 1,
            "created_time": "2025-03-16T21:17:10.769508Z",
            "yes_price": 5,
            "no_price": 95,
            "taker_side": "no"
        },
        {
            "trade_id": "75b87f16-766b-4f5f-b750-493cabcc10c8",
            "ticker": "KXHIGHCHI-25MAR16-B42.5",
            "count": 16,
            "created_time": "2025-03-16T21:17:10.769508Z",
            "yes_price": 5,
            "no_price": 95,
            "taker_side": "no"
        },
        {
            "trade_id": "3b950a66-940a-4226-978d-e356e03a04a7",
            "ticker": "KXHIGHCHI-25MAR16-B42.5",
            "count": 6379,
            "created_time": "2025-03-16T21:17:10.769508Z",
            "yes_price": 1,
            "no_price": 99,
            "taker_side": "no"
        },
        {
            "trade_id": "32e9b409-93ef-4ce7-be67-8eea006380a6",
            "ticker": "KXHIGHCHI-25MAR16-B42.5",
            "count": 3000,
            "created_time": "2025-03-16T21:17:10.769508Z",
            "yes_price": 2,
            "no_price": 98,
            "taker_side": "no"
        },
        {
            "trade_id": "0bd81fd9-e5ca-42ac-97be-a2e09e39a371",
            "ticker": "KXHIGHCHI-25MAR16-B42.5",
            "count": 100,
            "created_time": "2025-03-16T21:17:10.769508Z",
            "yes_price": 5,
            "no_price": 95,
            "taker_side": "no"
        },
        {
            "trade_id": "c8f8d510-888d-4cde-9036-8ee50ad0bd68",
            "ticker": "KXHIGHCHI-25MAR16-B42.5",
            "count": 8,
            "created_time": "2025-03-16T21:07:19.160456Z",
            "yes_price": 8,
            "no_price": 92,
            "taker_side": "yes"
        },
        {
            "trade_id": "9ff69444-31f6-4ad0-b1f5-bfa687b5b7fa",
            "ticker": "KXHIGHCHI-25MAR16-B42.5",
            "count": 125,
            "created_time": "2025-03-16T21:07:17.577681Z",
            "yes_price": 8,
            "no_price": 92,
            "taker_side": "yes"
        },
        {
            "trade_id": "ee00ef1e-8ea8-4b6c-b443-3b595443cb88",
            "ticker": "KXHIGHCHI-25MAR16-B42.5",
            "count": 100,
            "created_time": "2025-03-16T20:43:43.173878Z",
            "yes_price": 7,
            "no_price": 93,
            "taker_side": "yes"
        },
        {
            "trade_id": "d8ea52c0-bef1-41ae-842b-82f136d5493a",
            "ticker": "KXHIGHCHI-25MAR16-B42.5",
            "count": 350,
            "created_time": "2025-03-16T20:43:43.173878Z",
            "yes_price": 7,
            "no_price": 93,
            "taker_side": "yes"
        },
        {
            "trade_id": "cd5ffa61-084d-4909-b124-982eed8c90a5",
            "ticker": "KXHIGHCHI-25MAR16-B42.5",
            "count": 5,
            "created_time": "2025-03-16T20:36:35.573298Z",
            "yes_price": 4,
            "no_price": 96,
            "taker_side": "no"
        },
        {
            "trade_id": "9761a8a3-1442-462e-adea-67aa3b3e23b8",
            "ticker": "KXHIGHCHI-25MAR16-B42.5",
            "count": 8,
            "created_time": "2025-03-16T20:22:35.078177Z",
            "yes_price": 6,
            "no_price": 94,
            "taker_side": "no"
        },
        {
            "trade_id": "5cb26e56-f555-432f-b00d-97f8ab8fe08e",
            "ticker": "KXHIGHCHI-25MAR16-B42.5",
            "count": 11,
            "created_time": "2025-03-16T20:16:42.389215Z",
            "yes_price": 8,
            "no_price": 92,
            "taker_side": "yes"
        },
        {
            "trade_id": "ee43771a-c5a5-4ddb-b789-2b3bbd2fb651",
            "ticker": "KXHIGHCHI-25MAR16-B42.5",
            "count": 388,
            "created_time": "2025-03-16T20:15:31.109015Z",
            "yes_price": 8,
            "no_price": 92,
            "taker_side": "yes"
        },
        {
            "trade_id": "dad8d6ad-63ec-4aa3-ab2e-e017673b93ac",
            "ticker": "KXHIGHCHI-25MAR16-B42.5",
            "count": 103,
            "created_time": "2025-03-16T20:08:09.619026Z",
            "yes_price": 6,
            "no_price": 94,
            "taker_side": "no"
        },
        {
            "trade_id": "ed6c5a7d-f954-4664-a9ce-8b2bceeee97c",
            "ticker": "KXHIGHCHI-25MAR16-B42.5",
            "count": 330,
            "created_time": "2025-03-16T20:06:28.063606Z",
            "yes_price": 6,
            "no_price": 94,
            "taker_side": "no"
        },
        {
            "trade_id": "845bd39c-d619-43b6-a1b7-b234d3fae698",
            "ticker": "KXHIGHCHI-25MAR16-B42.5",
            "count": 843,
            "created_time": "2025-03-16T20:01:55.225791Z",
            "yes_price": 8,
            "no_price": 92,
            "taker_side": "yes"
        },
        {
            "trade_id": "21da5a9a-95f2-40c3-80fe-ad8c0f4de96d",
            "ticker": "KXHIGHCHI-25MAR16-B42.5",
            "count": 1000,
            "created_time": "2025-03-16T20:01:02.98431Z",
            "yes_price": 7,
            "no_price": 93,
            "taker_side": "no"
        },
        {
            "trade_id": "404bac9a-a480-4f76-a082-e773db010434",
            "ticker": "KXHIGHCHI-25MAR16-B42.5",
            "count": 38,
            "created_time": "2025-03-16T19:54:46.411677Z",
            "yes_price": 8,
            "no_price": 92,
            "taker_side": "yes"
        },
        {
            "trade_id": "d3e88003-111a-43c8-8915-7bd3555aef19",
            "ticker": "KXHIGHCHI-25MAR16-B42.5",
            "count": 900,
            "created_time": "2025-03-16T19:53:26.413125Z",
            "yes_price": 8,
            "no_price": 92,
            "taker_side": "yes"
        },
        {
            "trade_id": "c092727c-a455-4c96-8a7c-6a2038ea4a65",
            "ticker": "KXHIGHCHI-25MAR16-B42.5",
            "count": 149,
            "created_time": "2025-03-16T19:53:26.413125Z",
            "yes_price": 8,
            "no_price": 92,
            "taker_side": "yes"
        },
        {
            "trade_id": "8ea7888b-8df9-4142-9529-0985fb733ff7",
            "ticker": "KXHIGHCHI-25MAR16-B42.5",
            "count": 90,
            "created_time": "2025-03-16T19:53:26.413125Z",
            "yes_price": 8,
            "no_price": 92,
            "taker_side": "yes"
        },
        {
            "trade_id": "e9e85acd-2b38-4c69-a46a-61c44355b669",
            "ticker": "KXHIGHCHI-25MAR16-B42.5",
            "count": 2351,
            "created_time": "2025-03-16T19:39:28.481972Z",
            "yes_price": 8,
            "no_price": 92,
            "taker_side": "no"
        },
        {
            "trade_id": "d5243748-5182-4170-b80e-3db8c23d7b63",
            "ticker": "KXHIGHCHI-25MAR16-B42.5",
            "count": 40,
            "created_time": "2025-03-16T19:35:01.570377Z",
            "yes_price": 8,
            "no_price": 92,
            "taker_side": "yes"
        },
        {
            "trade_id": "adec450f-0fff-4087-929a-fed42db14bce",
            "ticker": "KXHIGHCHI-25MAR16-B42.5",
            "count": 18,
            "created_time": "2025-03-16T19:35:00.036251Z",
            "yes_price": 8,
            "no_price": 92,
            "taker_side": "yes"
        },
        {
            "trade_id": "e0cfb7a1-6b74-4ff9-8ef3-3a04b4a3e016",
            "ticker": "KXHIGHCHI-25MAR16-B42.5",
            "count": 74,
            "created_time": "2025-03-16T19:28:04.480648Z",
            "yes_price": 8,
            "no_price": 92,
            "taker_side": "yes"
        },
        {
            "trade_id": "dc91ef85-e292-4406-9557-cc52d947915d",
            "ticker": "KXHIGHCHI-25MAR16-B42.5",
            "count": 200,
            "created_time": "2025-03-16T19:28:04.480648Z",
            "yes_price": 8,
            "no_price": 92,
            "taker_side": "yes"
        },
        {
            "trade_id": "83a85c2c-5d3c-4397-95e8-64fee6d5c426",
            "ticker": "KXHIGHCHI-25MAR16-B42.5",
            "count": 2000,
            "created_time": "2025-03-16T19:28:04.480648Z",
            "yes_price": 8,
            "no_price": 92,
            "taker_side": "yes"
        },
        {
            "trade_id": "51ee19ce-1fc3-4182-9a7d-a8c7e4a60029",
            "ticker": "KXHIGHCHI-25MAR16-B42.5",
            "count": 1000,
            "created_time": "2025-03-16T19:22:02.449373Z",
            "yes_price": 8,
            "no_price": 92,
            "taker_side": "yes"
        },
        {
            "trade_id": "a395dc71-711a-4d25-83d8-b6c06f0765b0",
            "ticker": "KXHIGHCHI-25MAR16-B42.5",
            "count": 574,
            "created_time": "2025-03-16T19:21:49.771632Z",
            "yes_price": 8,
            "no_price": 92,
            "taker_side": "yes"
        },
        {
            "trade_id": "8e8098df-a596-4133-837a-76465120d01d",
            "ticker": "KXHIGHCHI-25MAR16-B42.5",
            "count": 1500,
            "created_time": "2025-03-16T19:21:49.771632Z",
            "yes_price": 8,
            "no_price": 92,
            "taker_side": "yes"
        },
        {
            "trade_id": "5a057440-1c31-4cff-898b-6e4dd93f7291",
            "ticker": "KXHIGHCHI-25MAR16-B42.5",
            "count": 426,
            "created_time": "2025-03-16T19:21:49.771632Z",
            "yes_price": 8,
            "no_price": 92,
            "taker_side": "yes"
        },
        {
            "trade_id": "619a1096-ef06-4579-9948-ae9e80e60c30",
            "ticker": "KXHIGHCHI-25MAR16-B42.5",
            "count": 2000,
            "created_time": "2025-03-16T19:14:32.388522Z",
            "yes_price": 7,
            "no_price": 93,
            "taker_side": "yes"
        },
        {
            "trade_id": "bf660f21-792d-4cf9-9876-017cb180883d",
            "ticker": "KXHIGHCHI-25MAR16-B42.5",
            "count": 1000,
            "created_time": "2025-03-16T19:12:57.277155Z",
            "yes_price": 7,
            "no_price": 93,
            "taker_side": "yes"
        },
        {
            "trade_id": "f8df5448-dc30-488f-a68d-4a7342c751a3",
            "ticker": "KXHIGHCHI-25MAR16-B42.5",
            "count": 356,
            "created_time": "2025-03-16T19:05:35.574994Z",
            "yes_price": 7,
            "no_price": 93,
            "taker_side": "yes"
        },
        {
            "trade_id": "42b207a1-cd76-4d66-9a22-fea077b85951",
            "ticker": "KXHIGHCHI-25MAR16-B42.5",
            "count": 6,
            "created_time": "2025-03-16T19:05:35.574994Z",
            "yes_price": 7,
            "no_price": 93,
            "taker_side": "yes"
        },
        {
            "trade_id": "0ab476b2-8aac-4302-a66b-97da5a39d65e",
            "ticker": "KXHIGHCHI-25MAR16-B42.5",
            "count": 100,
            "created_time": "2025-03-16T19:05:35.574994Z",
            "yes_price": 7,
            "no_price": 93,
            "taker_side": "yes"
        },
        {
            "trade_id": "03213dcd-2767-4198-855f-17fe01279a0b",
            "ticker": "KXHIGHCHI-25MAR16-B42.5",
            "count": 1500,
            "created_time": "2025-03-16T19:05:35.574994Z",
            "yes_price": 7,
            "no_price": 93,
            "taker_side": "yes"
        },
        {
            "trade_id": "4a5503b7-193b-462e-9467-316ed1db821f",
            "ticker": "KXHIGHCHI-25MAR16-B42.5",
            "count": 644,
            "created_time": "2025-03-16T18:42:51.678657Z",
            "yes_price": 7,
            "no_price": 93,
            "taker_side": "yes"
        },
        {
            "trade_id": "1dcf254d-fc13-4f5d-a299-4431c103d315",
            "ticker": "KXHIGHCHI-25MAR16-B42.5",
            "count": 6,
            "created_time": "2025-03-16T18:42:51.678657Z",
            "yes_price": 7,
            "no_price": 93,
            "taker_side": "yes"
        },
        {
            "trade_id": "e447a5ad-cfb9-41d9-966d-c0d1b1e9c8ec",
            "ticker": "KXHIGHCHI-25MAR16-B42.5",
            "count": 6,
            "created_time": "2025-03-16T18:33:59.213384Z",
            "yes_price": 7,
            "no_price": 93,
            "taker_side": "yes"
        },
        {
            "trade_id": "a14126f4-e0b0-4835-abb4-d23a32075758",
            "ticker": "KXHIGHCHI-25MAR16-B42.5",
            "count": 215,
            "created_time": "2025-03-16T18:33:59.213384Z",
            "yes_price": 7,
            "no_price": 93,
            "taker_side": "yes"
        },
        {
            "trade_id": "9433121c-90bd-415f-998a-aa6c45fbbf52",
            "ticker": "KXHIGHCHI-25MAR16-B42.5",
            "count": 1000,
            "created_time": "2025-03-16T18:33:59.213384Z",
            "yes_price": 7,
            "no_price": 93,
            "taker_side": "yes"
        },
        {
            "trade_id": "66484a55-94b8-4a43-8b67-3f0c49ee4abd",
            "ticker": "KXHIGHCHI-25MAR16-B42.5",
            "count": 30,
            "created_time": "2025-03-16T18:14:39.694184Z",
            "yes_price": 7,
            "no_price": 93,
            "taker_side": "yes"
        },
        {
            "trade_id": "14491739-8165-4ec9-8a20-971b8cc8222e",
            "ticker": "KXHIGHCHI-25MAR16-B42.5",
            "count": 5,
            "created_time": "2025-03-16T17:58:05.581047Z",
            "yes_price": 7,
            "no_price": 93,
            "taker_side": "yes"
        },
        {
            "trade_id": "c78c9799-9d52-4d3a-8bfb-6ab6b5429363",
            "ticker": "KXHIGHCHI-25MAR16-B42.5",
            "count": 100,
            "created_time": "2025-03-16T17:52:20.857605Z",
            "yes_price": 6,
            "no_price": 94,
            "taker_side": "no"
        },
        {
            "trade_id": "26e67450-0357-450f-bc2a-ad0a6389d45b",
            "ticker": "KXHIGHCHI-25MAR16-B42.5",
            "count": 105,
            "created_time": "2025-03-16T17:51:24.021671Z",
            "yes_price": 6,
            "no_price": 94,
            "taker_side": "no"
        },
        {
            "trade_id": "4f713333-76f1-4b02-a692-45eafde3d8d0",
            "ticker": "KXHIGHCHI-25MAR16-B42.5",
            "count": 764,
            "created_time": "2025-03-16T17:47:48.26582Z",
            "yes_price": 7,
            "no_price": 93,
            "taker_side": "yes"
        },
        {
            "trade_id": "307ea3a7-826e-4883-a90a-472d7cd75d4e",
            "ticker": "KXHIGHCHI-25MAR16-B42.5",
            "count": 6,
            "created_time": "2025-03-16T17:47:48.26582Z",
            "yes_price": 7,
            "no_price": 93,
            "taker_side": "yes"
        },
        {
            "trade_id": "14a7e7e6-8773-44ab-88f4-a27c8daef45b",
            "ticker": "KXHIGHCHI-25MAR16-B42.5",
            "count": 13,
            "created_time": "2025-03-16T17:41:18.164748Z",
            "yes_price": 7,
            "no_price": 93,
            "taker_side": "yes"
        },
        {
            "trade_id": "ce0887c8-d0cd-4957-9914-9676e0d98a55",
            "ticker": "KXHIGHCHI-25MAR16-B42.5",
            "count": 449,
            "created_time": "2025-03-16T17:33:28.373951Z",
            "yes_price": 7,
            "no_price": 93,
            "taker_side": "yes"
        },
        {
            "trade_id": "9479c423-d662-4526-9023-043494ed0882",
            "ticker": "KXHIGHCHI-25MAR16-B42.5",
            "count": 468,
            "created_time": "2025-03-16T17:33:28.373951Z",
            "yes_price": 7,
            "no_price": 93,
            "taker_side": "yes"
        },
        {
            "trade_id": "4773ec6d-503b-4ca4-9659-5b2209fe324b",
            "ticker": "KXHIGHCHI-25MAR16-B42.5",
            "count": 6,
            "created_time": "2025-03-16T17:33:28.373951Z",
            "yes_price": 7,
            "no_price": 93,
            "taker_side": "yes"
        },
        {
            "trade_id": "9dc9e7fe-ae86-4f3f-8246-1a52588fbd5e",
            "ticker": "KXHIGHCHI-25MAR16-B42.5",
            "count": 251,
            "created_time": "2025-03-16T17:19:07.407148Z",
            "yes_price": 5,
            "no_price": 95,
            "taker_side": "no"
        },
        {
            "trade_id": "657ef605-ef04-4a33-81d7-2d653ceea1f7",
            "ticker": "KXHIGHCHI-25MAR16-B42.5",
            "count": 150,
            "created_time": "2025-03-16T17:19:07.407148Z",
            "yes_price": 5,
            "no_price": 95,
            "taker_side": "no"
        },
        {
            "trade_id": "bb316d3f-e25a-437c-ac25-5610617f3a60",
            "ticker": "KXHIGHCHI-25MAR16-B42.5",
            "count": 787,
            "created_time": "2025-03-16T17:14:22.685099Z",
            "yes_price": 6,
            "no_price": 94,
            "taker_side": "no"
        },
        {
            "trade_id": "101b4c99-4eee-4f3e-a1a0-61e6fb8d97dd",
            "ticker": "KXHIGHCHI-25MAR16-B42.5",
            "count": 468,
            "created_time": "2025-03-16T17:14:22.685099Z",
            "yes_price": 6,
            "no_price": 94,
            "taker_side": "no"
        },
        {
            "trade_id": "060960ce-fb30-45c5-ae40-e673cf6a8878",
            "ticker": "KXHIGHCHI-25MAR16-B42.5",
            "count": 50,
            "created_time": "2025-03-16T17:06:52.694635Z",
            "yes_price": 7,
            "no_price": 93,
            "taker_side": "yes"
        },
        {
            "trade_id": "42090094-7318-437c-8c8a-7eea88d183f3",
            "ticker": "KXHIGHCHI-25MAR16-B42.5",
            "count": 500,
            "created_time": "2025-03-16T17:02:08.716101Z",
            "yes_price": 7,
            "no_price": 93,
            "taker_side": "yes"
        },
        {
            "trade_id": "43e5a238-df15-4885-8c5b-2a99b93f0575",
            "ticker": "KXHIGHCHI-25MAR16-B42.5",
            "count": 1,
            "created_time": "2025-03-16T16:50:45.926637Z",
            "yes_price": 7,
            "no_price": 93,
