{
    "KXHIGHCHI-25FEB06-T39": [
        {
            "trade_id": "cb6fa98e-0b55-4054-8dbd-0d6f77d967c0",
            "ticker": "KXHIGHCHI-25FEB06-T39",
            "count": 200,
            "created_time": "2025-02-06T22:25:01.204547Z",
            "yes_price": 1,
            "no_price": 99,
            "taker_side": "yes"
        },
        {
            "trade_id": "30559296-476a-4ed0-88c3-23dd77304edf",
            "ticker": "KXHIGHCHI-25FEB06-T39",
            "count": 200,
            "created_time": "2025-02-06T22:14:06.344601Z",
            "yes_price": 1,
            "no_price": 99,
            "taker_side": "yes"
        },
        {
            "trade_id": "85f0b5ad-2131-471e-8795-d395c1926ec9",
            "ticker": "KXHIGHCHI-25FEB06-T39",
            "count": 2000,
            "created_time": "2025-02-06T22:12:25.262263Z",
            "yes_price": 1,
            "no_price": 99,
            "taker_side": "yes"
        },
        {
            "trade_id": "3a58a8d3-31c8-432c-8254-48439b52d65b",
            "ticker": "KXHIGHCHI-25FEB06-T39",
            "count": 1824,
            "created_time": "2025-02-06T22:12:25.262263Z",
            "yes_price": 1,
            "no_price": 99,
            "taker_side": "yes"
        },
        {
            "trade_id": "282357c1-b1f5-4575-b26d-8f41fe7a78c1",
            "ticker": "KXHIGHCHI-25FEB06-T39",
            "count": 851,
            "created_time": "2025-02-06T22:12:25.262263Z",
            "yes_price": 1,
            "no_price": 99,
            "taker_side": "yes"
        },
        {
            "trade_id": "cf1fb78b-ff16-4965-8d1e-cfd31d085db4",
            "ticker": "KXHIGHCHI-25FEB06-T39",
            "count": 1,
            "created_time": "2025-02-06T22:05:53.824408Z",
            "yes_price": 1,
            "no_price": 99,
            "taker_side": "yes"
        },
        {
            "trade_id": "2bba0f69-32c8-435e-97ba-f79094d7afee",
            "ticker": "KXHIGHCHI-25FEB06-T39",
            "count": 1,
            "created_time": "2025-02-06T21:56:53.653584Z",
            "yes_price": 1,
            "no_price": 99,
            "taker_side": "yes"
        },
        {
            "trade_id": "e26afeb3-c227-4252-84f4-049f7623c746",
            "ticker": "KXHIGHCHI-25FEB06-T39",
            "count": 1,
            "created_time": "2025-02-06T21:55:35.202218Z",
            "yes_price": 1,
            "no_price": 99,
            "taker_side": "yes"
        },
        {
            "trade_id": "e5834f88-937a-44a7-8f02-3614b5fc7b08",
            "ticker": "KXHIGHCHI-25FEB06-T39",
            "count": 173,
            "created_time": "2025-02-06T21:16:32.066222Z",
            "yes_price": 1,
            "no_price": 99,
            "taker_side": "yes"
        },
        {
            "trade_id": "bb28e6a9-a675-4a85-8d59-2baf05133f93",
            "ticker": "KXHIGHCHI-25FEB06-T39",
            "count": 742,
            "created_time": "2025-02-06T21:16:32.066222Z",
            "yes_price": 1,
            "no_price": 99,
            "taker_side": "yes"
        },
        {
            "trade_id": "3d87cb2b-267e-44d0-9fce-dda538a6e9f3",
            "ticker": "KXHIGHCHI-25FEB06-T39",
            "count": 101,
            "created_time": "2025-02-06T21:15:33.799491Z",
            "yes_price": 1,
            "no_price": 99,
            "taker_side": "yes"
        },
        {
            "trade_id": "e9fd7538-0afc-425f-abd3-64fc021f8341",
            "ticker": "KXHIGHCHI-25FEB06-T39",
            "count": 187,
            "created_time": "2025-02-06T20:51:12.698013Z",
            "yes_price": 1,
            "no_price": 99,
            "taker_side": "yes"
        },
        {
            "trade_id": "32ea455c-5dd9-4356-abf4-38bf2a189655",
            "ticker": "KXHIGHCHI-25FEB06-T39",
            "count": 93,
            "created_time": "2025-02-06T20:46:41.930586Z",
            "yes_price": 1,
            "no_price": 99,
            "taker_side": "yes"
        },
        {
            "trade_id": "65ed430f-9ccd-4aec-a21f-6672ef060ca5",
            "ticker": "KXHIGHCHI-25FEB06-T39",
            "count": 935,
            "created_time": "2025-02-06T20:44:37.235152Z",
            "yes_price": 1,
            "no_price": 99,
            "taker_side": "yes"
        },
        {
            "trade_id": "2989c067-db8c-4ae3-89db-f4a24e132d6d",
            "ticker": "KXHIGHCHI-25FEB06-T39",
            "count": 200,
            "created_time": "2025-02-06T20:35:57.191508Z",
            "yes_price": 1,
            "no_price": 99,
            "taker_side": "yes"
        },
        {
            "trade_id": "bef81fcd-3c42-40e7-b655-a17ee26aa482",
            "ticker": "KXHIGHCHI-25FEB06-T39",
            "count": 100,
            "created_time": "2025-02-06T20:34:56.758173Z",
            "yes_price": 1,
            "no_price": 99,
            "taker_side": "yes"
        },
        {
            "trade_id": "e33cc02a-e215-47cf-8260-398f497400e9",
            "ticker": "KXHIGHCHI-25FEB06-T39",
            "count": 10,
            "created_time": "2025-02-06T20:32:52.695952Z",
            "yes_price": 1,
            "no_price": 99,
            "taker_side": "yes"
        },
        {
            "trade_id": "5e3c9f16-3b70-42ae-8f3c-d7bdfe9e8e46",
            "ticker": "KXHIGHCHI-25FEB06-T39",
            "count": 642,
            "created_time": "2025-02-06T20:32:52.695952Z",
            "yes_price": 1,
            "no_price": 99,
            "taker_side": "yes"
        },
        {
            "trade_id": "49f0106f-1dd0-4dc8-9771-69023742965e",
            "ticker": "KXHIGHCHI-25FEB06-T39",
            "count": 80,
            "created_time": "2025-02-06T20:32:52.695952Z",
            "yes_price": 1,
            "no_price": 99,
            "taker_side": "yes"
        },
        {
            "trade_id": "7121946c-b762-4569-b205-10113edff63b",
            "ticker": "KXHIGHCHI-25FEB06-T39",
            "count": 467,
            "created_time": "2025-02-06T20:26:30.925777Z",
            "yes_price": 1,
            "no_price": 99,
            "taker_side": "yes"
        },
        {
            "trade_id": "5ef5b96b-45ba-41e5-9f89-daaf2d6dab15",
            "ticker": "KXHIGHCHI-25FEB06-T39",
            "count": 93,
            "created_time": "2025-02-06T20:26:01.420867Z",
            "yes_price": 1,
            "no_price": 99,
            "taker_side": "yes"
        },
        {
            "trade_id": "ba0729a7-704a-4e78-942f-a6ff73c9c718",
            "ticker": "KXHIGHCHI-25FEB06-T39",
            "count": 50,
            "created_time": "2025-02-06T20:25:43.468992Z",
            "yes_price": 1,
            "no_price": 99,
            "taker_side": "yes"
        },
        {
            "trade_id": "f717304a-5993-41f1-800b-ec68a8e55fd3",
            "ticker": "KXHIGHCHI-25FEB06-T39",
            "count": 150,
            "created_time": "2025-02-06T20:25:22.552817Z",
            "yes_price": 1,
            "no_price": 99,
            "taker_side": "no"
        },
        {
            "trade_id": "c4a74bf2-85fc-4029-a0ca-d87c590ba609",
            "ticker": "KXHIGHCHI-25FEB06-T39",
            "count": 80,
            "created_time": "2025-02-06T20:25:22.552817Z",
            "yes_price": 1,
            "no_price": 99,
            "taker_side": "no"
        },
        {
            "trade_id": "b233b6b8-7f7c-4be3-beef-3250e0c8215f",
            "ticker": "KXHIGHCHI-25FEB06-T39",
            "count": 884,
            "created_time": "2025-02-06T20:25:22.552817Z",
            "yes_price": 1,
            "no_price": 99,
            "taker_side": "no"
        },
        {
            "trade_id": "94b9449d-68b2-4188-863d-b6c14f3405a2",
            "ticker": "KXHIGHCHI-25FEB06-T39",
            "count": 1,
            "created_time": "2025-02-06T20:25:22.552817Z",
            "yes_price": 2,
            "no_price": 98,
            "taker_side": "no"
        },
        {
            "trade_id": "8e89d718-1e32-4a50-9604-47e3a8d770e9",
            "ticker": "KXHIGHCHI-25FEB06-T39",
            "count": 50,
            "created_time": "2025-02-06T20:25:22.552817Z",
            "yes_price": 3,
            "no_price": 97,
            "taker_side": "no"
        },
        {
            "trade_id": "5385ebaa-3065-4a84-aa88-996eed1a47be",
            "ticker": "KXHIGHCHI-25FEB06-T39",
            "count": 85,
            "created_time": "2025-02-06T20:25:22.552817Z",
            "yes_price": 1,
            "no_price": 99,
            "taker_side": "no"
        },
        {
            "trade_id": "5004f602-d881-43f3-bdf6-63706d0472c8",
            "ticker": "KXHIGHCHI-25FEB06-T39",
            "count": 60,
            "created_time": "2025-02-06T20:25:22.552817Z",
            "yes_price": 3,
            "no_price": 97,
            "taker_side": "no"
        },
        {
            "trade_id": "a9ca07e3-c5e8-47e9-9e9e-b9867807a7aa",
            "ticker": "KXHIGHCHI-25FEB06-T39",
            "count": 50,
            "created_time": "2025-02-06T20:25:07.520377Z",
            "yes_price": 5,
            "no_price": 95,
            "taker_side": "no"
        },
        {
            "trade_id": "8186ad90-fd47-418b-b57c-7a2bcf9ff48c",
            "ticker": "KXHIGHCHI-25FEB06-T39",
            "count": 1,
            "created_time": "2025-02-06T20:25:07.520377Z",
            "yes_price": 6,
            "no_price": 94,
            "taker_side": "no"
        },
        {
            "trade_id": "75dce001-a021-43c0-9400-72353cc6294d",
            "ticker": "KXHIGHCHI-25FEB06-T39",
            "count": 199,
            "created_time": "2025-02-06T20:25:07.520377Z",
            "yes_price": 5,
            "no_price": 95,
            "taker_side": "no"
        },
        {
            "trade_id": "1e7307ae-4100-4803-a4bf-6f721de8d40b",
            "ticker": "KXHIGHCHI-25FEB06-T39",
            "count": 2,
            "created_time": "2025-02-06T20:25:00.899172Z",
            "yes_price": 6,
            "no_price": 94,
            "taker_side": "no"
        },
        {
            "trade_id": "6395849d-b985-4a21-bd48-6f0586c65456",
            "ticker": "KXHIGHCHI-25FEB06-T39",
            "count": 2,
            "created_time": "2025-02-06T20:24:43.750691Z",
            "yes_price": 10,
            "no_price": 90,
            "taker_side": "no"
        },
        {
            "trade_id": "60ea1e04-6b14-4ed5-b1ca-d0cf529543cb",
            "ticker": "KXHIGHCHI-25FEB06-T39",
            "count": 43,
            "created_time": "2025-02-06T20:24:43.750691Z",
            "yes_price": 9,
            "no_price": 91,
            "taker_side": "no"
        },
        {
            "trade_id": "9ed7e319-f642-405e-b9c9-636b6a18a894",
            "ticker": "KXHIGHCHI-25FEB06-T39",
            "count": 10,
            "created_time": "2025-02-06T20:24:32.364822Z",
            "yes_price": 12,
            "no_price": 88,
            "taker_side": "no"
        },
        {
            "trade_id": "ef0259b3-3bd5-4ae8-b43d-0160c7a9ed0c",
            "ticker": "KXHIGHCHI-25FEB06-T39",
            "count": 40,
            "created_time": "2025-02-06T20:24:21.191291Z",
            "yes_price": 12,
            "no_price": 88,
            "taker_side": "no"
        },
        {
            "trade_id": "5c27d116-0d21-40a0-9505-82086065d7e4",
            "ticker": "KXHIGHCHI-25FEB06-T39",
            "count": 13,
            "created_time": "2025-02-06T20:24:21.191291Z",
            "yes_price": 15,
            "no_price": 85,
            "taker_side": "no"
        },
        {
            "trade_id": "151dfb38-b2e1-4085-8d32-88d659303d5a",
            "ticker": "KXHIGHCHI-25FEB06-T39",
            "count": 10,
            "created_time": "2025-02-06T20:24:21.191291Z",
            "yes_price": 16,
            "no_price": 84,
            "taker_side": "no"
        },
        {
            "trade_id": "db91f3a3-a942-4672-ba18-cfb3c23a1eb4",
            "ticker": "KXHIGHCHI-25FEB06-T39",
            "count": 13,
            "created_time": "2025-02-06T20:24:17.012406Z",
            "yes_price": 16,
            "no_price": 84,
            "taker_side": "no"
        },
        {
            "trade_id": "7c4d8b55-c8be-447a-93b7-80205d39879b",
            "ticker": "KXHIGHCHI-25FEB06-T39",
            "count": 37,
            "created_time": "2025-02-06T20:24:17.012406Z",
            "yes_price": 15,
            "no_price": 85,
            "taker_side": "no"
        },
        {
            "trade_id": "621469ad-f434-4287-a142-9eb627f8eb2d",
            "ticker": "KXHIGHCHI-25FEB06-T39",
            "count": 1,
            "created_time": "2025-02-06T20:24:15.89343Z",
            "yes_price": 16,
            "no_price": 84,
            "taker_side": "yes"
        },
        {
            "trade_id": "a8b8540e-221e-4507-95c9-572bed744e6c",
            "ticker": "KXHIGHCHI-25FEB06-T39",
            "count": 18,
            "created_time": "2025-02-06T20:24:12.481298Z",
            "yes_price": 16,
            "no_price": 84,
            "taker_side": "no"
        },
        {
            "trade_id": "850b4426-5b3e-4b04-9ebf-07115a53ef01",
            "ticker": "KXHIGHCHI-25FEB06-T39",
            "count": 1,
            "created_time": "2025-02-06T20:24:12.481298Z",
            "yes_price": 17,
            "no_price": 83,
            "taker_side": "no"
        },
        {
            "trade_id": "54576b60-9044-4dfd-ac1d-233f8d98a595",
            "ticker": "KXHIGHCHI-25FEB06-T39",
            "count": 8,
            "created_time": "2025-02-06T20:24:12.481298Z",
            "yes_price": 16,
            "no_price": 84,
            "taker_side": "no"
        },
        {
            "trade_id": "4db4589d-f465-442c-ba0f-d3e45d748e41",
            "ticker": "KXHIGHCHI-25FEB06-T39",
            "count": 10,
            "created_time": "2025-02-06T20:24:12.481298Z",
            "yes_price": 16,
            "no_price": 84,
            "taker_side": "no"
        },
        {
            "trade_id": "56b421b2-f350-450b-9c71-6e99d20c315e",
            "ticker": "KXHIGHCHI-25FEB06-T39",
            "count": 2,
            "created_time": "2025-02-06T20:22:13.516947Z",
            "yes_price": 16,
            "no_price": 84,
            "taker_side": "no"
        },
        {
            "trade_id": "e36920c5-f5ba-4f7a-91f8-3a04a0a19e7a",
            "ticker": "KXHIGHCHI-25FEB06-T39",
            "count": 8,
            "created_time": "2025-02-06T20:21:46.505042Z",
            "yes_price": 17,
            "no_price": 83,
            "taker_side": "no"
        },
        {
            "trade_id": "e795b58a-8d25-40e3-8a7c-d227ec8a1244",
            "ticker": "KXHIGHCHI-25FEB06-T39",
            "count": 5,
            "created_time": "2025-02-06T20:20:58.766087Z",
            "yes_price": 28,
            "no_price": 72,
            "taker_side": "yes"
        },
        {
            "trade_id": "cf8a9523-7804-4129-a6c1-2d56926f79e0",
            "ticker": "KXHIGHCHI-25FEB06-T39",
            "count": 3,
            "created_time": "2025-02-06T20:20:58.766087Z",
            "yes_price": 28,
            "no_price": 72,
            "taker_side": "yes"
        },
        {
            "trade_id": "77646c8d-7526-4036-a73c-5c4a27e79a16",
            "ticker": "KXHIGHCHI-25FEB06-T39",
            "count": 35,
            "created_time": "2025-02-06T20:20:58.766087Z",
            "yes_price": 29,
            "no_price": 71,
            "taker_side": "yes"
        },
        {
            "trade_id": "d82a8648-dda5-4f21-ab51-a68e5ad19972",
            "ticker": "KXHIGHCHI-25FEB06-T39",
            "count": 65,
            "created_time": "2025-02-06T20:18:57.514572Z",
            "yes_price": 29,
            "no_price": 71,
            "taker_side": "yes"
        },
        {
            "trade_id": "c1debb56-9937-4fc9-9f0b-6da394cfed87",
            "ticker": "KXHIGHCHI-25FEB06-T39",
            "count": 6,
            "created_time": "2025-02-06T20:18:41.082111Z",
            "yes_price": 29,
            "no_price": 71,
            "taker_side": "yes"
        },
        {
            "trade_id": "855af344-8701-46e1-bc72-57b8bcc6d306",
            "ticker": "KXHIGHCHI-25FEB06-T39",
            "count": 2,
            "created_time": "2025-02-06T20:16:53.847738Z",
            "yes_price": 19,
            "no_price": 81,
            "taker_side": "no"
        },
        {
            "trade_id": "e2defd9a-36a8-4780-b5ab-d685ab2bcbba",
            "ticker": "KXHIGHCHI-25FEB06-T39",
            "count": 20,
            "created_time": "2025-02-06T20:16:36.766165Z",
            "yes_price": 42,
            "no_price": 58,
            "taker_side": "yes"
        },
        {
            "trade_id": "d3171c0b-b977-4f77-bcca-e8fa2bb68fa5",
            "ticker": "KXHIGHCHI-25FEB06-T39",
            "count": 10,
            "created_time": "2025-02-06T20:16:36.766165Z",
            "yes_price": 42,
            "no_price": 58,
            "taker_side": "yes"
        },
        {
            "trade_id": "31026ae8-5028-4b6e-a3a1-9f3357b0f843",
            "ticker": "KXHIGHCHI-25FEB06-T39",
            "count": 8,
            "created_time": "2025-02-06T20:16:36.766165Z",
            "yes_price": 42,
            "no_price": 58,
            "taker_side": "yes"
        },
        {
            "trade_id": "1ee52527-9d69-495c-9b6d-2d1b612d5998",
            "ticker": "KXHIGHCHI-25FEB06-T39",
            "count": 7,
            "created_time": "2025-02-06T20:16:36.766165Z",
            "yes_price": 41,
            "no_price": 59,
            "taker_side": "yes"
        },
        {
            "trade_id": "8f110891-c0c0-4658-a1b8-631de32fb74d",
            "ticker": "KXHIGHCHI-25FEB06-T39",
            "count": 10,
            "created_time": "2025-02-06T20:16:25.558608Z",
            "yes_price": 35,
            "no_price": 65,
            "taker_side": "yes"
        },
        {
            "trade_id": "f0c1c7a2-e64b-4aef-8bd5-c5ee9bfbadbc",
            "ticker": "KXHIGHCHI-25FEB06-T39",
            "count": 20,
            "created_time": "2025-02-06T20:16:12.783778Z",
            "yes_price": 34,
            "no_price": 66,
            "taker_side": "yes"
        },
        {
            "trade_id": "b22e83e5-2fc2-4d96-990d-3cf0537fdfe1",
            "ticker": "KXHIGHCHI-25FEB06-T39",
            "count": 43,
            "created_time": "2025-02-06T20:16:12.783778Z",
            "yes_price": 35,
            "no_price": 65,
            "taker_side": "yes"
        },
        {
            "trade_id": "6e07e4dd-b992-4ca4-9b2a-39165a9d616d",
            "ticker": "KXHIGHCHI-25FEB06-T39",
            "count": 10,
            "created_time": "2025-02-06T20:16:12.783778Z",
            "yes_price": 34,
            "no_price": 66,
            "taker_side": "yes"
        },
        {
            "trade_id": "24b524e9-deed-40bc-a73e-c78be684dad4",
            "ticker": "KXHIGHCHI-25FEB06-T39",
            "count": 4,
            "created_time": "2025-02-06T20:16:12.783778Z",
            "yes_price": 23,
            "no_price": 77,
            "taker_side": "yes"
        },
        {
            "trade_id": "234a83a8-8a12-4c1a-8242-f24bd7e6dc6b",
            "ticker": "KXHIGHCHI-25FEB06-T39",
            "count": 31,
            "created_time": "2025-02-06T20:16:12.783778Z",
            "yes_price": 29,
            "no_price": 71,
            "taker_side": "yes"
        },
        {
            "trade_id": "cfa24e3b-b8c1-459e-b6f7-7a850954c5d0",
            "ticker": "KXHIGHCHI-25FEB06-T39",
            "count": 24,
            "created_time": "2025-02-06T20:13:01.958099Z",
            "yes_price": 19,
            "no_price": 81,
            "taker_side": "no"
        },
        {
            "trade_id": "30fc9b98-5f28-46f7-a46c-b6cb09be8aae",
            "ticker": "KXHIGHCHI-25FEB06-T39",
            "count": 11,
            "created_time": "2025-02-06T20:13:01.958099Z",
            "yes_price": 13,
            "no_price": 87,
            "taker_side": "no"
        },
        {
            "trade_id": "3009b61f-ed5b-4e50-b540-f0c9fb2571d2",
            "ticker": "KXHIGHCHI-25FEB06-T39",
            "count": 24,
            "created_time": "2025-02-06T20:13:01.958099Z",
            "yes_price": 20,
            "no_price": 80,
            "taker_side": "no"
        },
        {
            "trade_id": "cbf9ab23-87b2-4257-bcfc-8fbc2f05fb1b",
            "ticker": "KXHIGHCHI-25FEB06-T39",
            "count": 6,
            "created_time": "2025-02-06T20:11:42.359323Z",
            "yes_price": 22,
            "no_price": 78,
            "taker_side": "no"
        },
        {
            "trade_id": "acaed54e-0703-4be9-a455-1785d997526d",
            "ticker": "KXHIGHCHI-25FEB06-T39",
            "count": 10,
            "created_time": "2025-02-06T20:11:42.359323Z",
            "yes_price": 21,
            "no_price": 79,
            "taker_side": "no"
        },
        {
            "trade_id": "a09f80fd-f9bf-4a3d-a6b5-c37b7defa6dd",
            "ticker": "KXHIGHCHI-25FEB06-T39",
            "count": 14,
            "created_time": "2025-02-06T20:11:42.359323Z",
            "yes_price": 13,
            "no_price": 87,
            "taker_side": "no"
        },
        {
            "trade_id": "3eb44d95-d920-418d-8a63-a29dda40bee8",
            "ticker": "KXHIGHCHI-25FEB06-T39",
            "count": 20,
            "created_time": "2025-02-06T20:11:42.359323Z",
            "yes_price": 21,
            "no_price": 79,
            "taker_side": "no"
        },
        {
            "trade_id": "29611365-38b5-4d19-b4e7-ecac9c759f57",
            "ticker": "KXHIGHCHI-25FEB06-T39",
            "count": 50,
            "created_time": "2025-02-06T20:11:42.359323Z",
            "yes_price": 20,
            "no_price": 80,
            "taker_side": "no"
        },
        {
            "trade_id": "6b0acfe8-3636-4922-8f8d-ed86fa8905e6",
            "ticker": "KXHIGHCHI-25FEB06-T39",
            "count": 37,
            "created_time": "2025-02-06T20:10:51.593869Z",
            "yes_price": 33,
            "no_price": 67,
            "taker_side": "no"
        },
        {
            "trade_id": "cc22fd2c-18ef-4364-a96b-4ce253f1e3fa",
            "ticker": "KXHIGHCHI-25FEB06-T39",
            "count": 10,
            "created_time": "2025-02-06T20:10:41.557475Z",
            "yes_price": 33,
            "no_price": 67,
            "taker_side": "no"
        },
        {
            "trade_id": "0cf20577-5d33-4429-b924-0188c25d00d7",
            "ticker": "KXHIGHCHI-25FEB06-T39",
            "count": 4,
            "created_time": "2025-02-06T20:10:40.693675Z",
            "yes_price": 33,
            "no_price": 67,
            "taker_side": "no"
        },
        {
            "trade_id": "e40ab2e1-8ced-4466-9e1c-6891c62bddd2",
            "ticker": "KXHIGHCHI-25FEB06-T39",
            "count": 7,
            "created_time": "2025-02-06T20:10:40.632318Z",
            "yes_price": 32,
            "no_price": 68,
            "taker_side": "yes"
        },
        {
            "trade_id": "d44e31e8-73b2-4197-b3e5-3dbd63fe33b9",
            "ticker": "KXHIGHCHI-25FEB06-T39",
            "count": 442,
            "created_time": "2025-02-06T20:10:40.632318Z",
            "yes_price": 33,
            "no_price": 67,
            "taker_side": "yes"
        },
        {
            "trade_id": "ea4f7b02-37da-44f6-a3fc-560efb854683",
            "ticker": "KXHIGHCHI-25FEB06-T39",
            "count": 5,
            "created_time": "2025-02-06T20:10:23.465536Z",
            "yes_price": 31,
            "no_price": 69,
            "taker_side": "yes"
        },
        {
            "trade_id": "4c1ef296-bdb8-4385-8d79-67925265e4f0",
            "ticker": "KXHIGHCHI-25FEB06-T39",
            "count": 58,
            "created_time": "2025-02-06T20:10:23.465536Z",
            "yes_price": 33,
            "no_price": 67,
            "taker_side": "yes"
        },
        {
            "trade_id": "3926dbad-1135-4c00-b30a-3b70691981c5",
            "ticker": "KXHIGHCHI-25FEB06-T39",
            "count": 7,
            "created_time": "2025-02-06T20:10:23.465536Z",
            "yes_price": 31,
            "no_price": 69,
            "taker_side": "yes"
        },
        {
            "trade_id": "c407f551-d765-4755-a7e4-8ae517bf3272",
            "ticker": "KXHIGHCHI-25FEB06-T39",
            "count": 5,
            "created_time": "2025-02-06T20:07:56.410489Z",
            "yes_price": 25,
            "no_price": 75,
            "taker_side": "no"
        },
        {
            "trade_id": "5d5025e0-30af-4d4d-b938-976f949891a4",
            "ticker": "KXHIGHCHI-25FEB06-T39",
            "count": 14,
            "created_time": "2025-02-06T20:07:56.410489Z",
            "yes_price": 17,
            "no_price": 83,
            "taker_side": "no"
        },
        {
            "trade_id": "4333816d-6572-4169-8b45-208b4b070ee5",
            "ticker": "KXHIGHCHI-25FEB06-T39",
            "count": 5,
            "created_time": "2025-02-06T20:07:56.410489Z",
            "yes_price": 16,
            "no_price": 84,
            "taker_side": "no"
        },
        {
            "trade_id": "6e8a91ae-9c2c-40fd-a1d2-7cbf8e24fbec",
            "ticker": "KXHIGHCHI-25FEB06-T39",
            "count": 5,
            "created_time": "2025-02-06T20:03:23.771827Z",
            "yes_price": 20,
            "no_price": 80,
            "taker_side": "yes"
        },
        {
            "trade_id": "a89ca59d-b6be-4a29-bc0a-f551b2cc59f1",
            "ticker": "KXHIGHCHI-25FEB06-T39",
            "count": 50,
            "created_time": "2025-02-06T20:03:11.151679Z",
            "yes_price": 33,
            "no_price": 67,
            "taker_side": "yes"
        },
        {
            "trade_id": "a77174a4-4571-4e8b-b479-c1fba24885cd",
            "ticker": "KXHIGHCHI-25FEB06-T39",
            "count": 84,
            "created_time": "2025-02-06T20:03:11.151679Z",
            "yes_price": 42,
            "no_price": 58,
            "taker_side": "yes"
        },
        {
            "trade_id": "635e5340-5d5c-428f-bbe8-f680d971523e",
            "ticker": "KXHIGHCHI-25FEB06-T39",
            "count": 400,
            "created_time": "2025-02-06T20:03:11.151679Z",
            "yes_price": 34,
            "no_price": 66,
            "taker_side": "yes"
        },
        {
            "trade_id": "56672f7c-2645-4108-925f-74d64defd7b2",
            "ticker": "KXHIGHCHI-25FEB06-T39",
            "count": 1,
            "created_time": "2025-02-06T20:03:11.151679Z",
            "yes_price": 39,
            "no_price": 61,
            "taker_side": "yes"
        },
        {
            "trade_id": "2fc74efb-ccdd-47fb-b09c-9d424c6157c3",
            "ticker": "KXHIGHCHI-25FEB06-T39",
            "count": 14,
            "created_time": "2025-02-06T20:03:11.151679Z",
            "yes_price": 21,
            "no_price": 79,
            "taker_side": "yes"
        },
        {
            "trade_id": "eefae454-55aa-4496-8f91-ad52e30d45d4",
            "ticker": "KXHIGHCHI-25FEB06-T39",
            "count": 22,
            "created_time": "2025-02-06T20:02:41.151503Z",
            "yes_price": 21,
            "no_price": 79,
            "taker_side": "yes"
        },
        {
            "trade_id": "9ab853d8-774c-485a-a6de-c2771f2efbec",
            "ticker": "KXHIGHCHI-25FEB06-T39",
            "count": 28,
            "created_time": "2025-02-06T20:01:59.98723Z",
            "yes_price": 20,
            "no_price": 80,
            "taker_side": "yes"
        },
        {
            "trade_id": "81a1379a-507e-4c56-9514-8f9562022228",
            "ticker": "KXHIGHCHI-25FEB06-T39",
            "count": 424,
            "created_time": "2025-02-06T20:01:59.98723Z",
            "yes_price": 21,
            "no_price": 79,
            "taker_side": "yes"
        },
        {
            "trade_id": "85679de0-3320-42ab-a3dd-bb2f9386b30c",
            "ticker": "KXHIGHCHI-25FEB06-T39",
            "count": 30,
            "created_time": "2025-02-06T20:01:36.296148Z",
            "yes_price": 20,
            "no_price": 80,
            "taker_side": "no"
        },
        {
            "trade_id": "605c6676-39c5-4e25-99dc-e42224a276bf",
            "ticker": "KXHIGHCHI-25FEB06-T39",
            "count": 50,
            "created_time": "2025-02-06T20:01:36.296148Z",
            "yes_price": 19,
            "no_price": 81,
            "taker_side": "no"
        },
        {
            "trade_id": "11633ab0-f1ba-4b26-b689-0620bd374100",
            "ticker": "KXHIGHCHI-25FEB06-T39",
            "count": 20,
            "created_time": "2025-02-06T20:00:45.906282Z",
            "yes_price": 21,
            "no_price": 79,
            "taker_side": "yes"
        },
        {
            "trade_id": "08d57749-ecd4-43e9-8fed-51ad190747d8",
            "ticker": "KXHIGHCHI-25FEB06-T39",
            "count": 5,
            "created_time": "2025-02-06T20:00:09.313006Z",
            "yes_price": 20,
            "no_price": 80,
            "taker_side": "no"
        },
        {
            "trade_id": "93ee34f0-273a-4074-bcb8-25eb421713d8",
            "ticker": "KXHIGHCHI-25FEB06-T39",
            "count": 19,
            "created_time": "2025-02-06T19:57:55.543509Z",
            "yes_price": 20,
            "no_price": 80,
            "taker_side": "no"
        },
        {
            "trade_id": "a461f931-ba11-4040-badd-7a0c38f210ef",
            "ticker": "KXHIGHCHI-25FEB06-T39",
            "count": 20,
            "created_time": "2025-02-06T19:57:39.902836Z",
            "yes_price": 26,
            "no_price": 74,
            "taker_side": "yes"
        },
        {
            "trade_id": "c54b481a-f517-44c9-a331-af191773d7e1",
            "ticker": "KXHIGHCHI-25FEB06-T39",
            "count": 100,
            "created_time": "2025-02-06T19:56:02.494159Z",
            "yes_price": 39,
            "no_price": 61,
            "taker_side": "no"
        },
        {
            "trade_id": "9876dffc-0282-4614-a242-4a4d3359c29c",
            "ticker": "KXHIGHCHI-25FEB06-T39",
            "count": 3,
            "created_time": "2025-02-06T19:55:55.515904Z",
            "yes_price": 48,
            "no_price": 52,
            "taker_side": "yes"
        },
        {
            "trade_id": "974babb8-05bb-4854-bb68-98823ff0fc3d",
            "ticker": "KXHIGHCHI-25FEB06-T39",
            "count": 17,
            "created_time": "2025-02-06T19:54:21.238521Z",
            "yes_price": 49,
            "no_price": 51,
            "taker_side": "yes"
        },
        {
            "trade_id": "36824508-c1b9-4ee9-9bed-9c6ab61e5714",
            "ticker": "KXHIGHCHI-25FEB06-T39",
            "count": 2,
            "created_time": "2025-02-06T19:54:21.238521Z",
            "yes_price": 48,
            "no_price": 52,
            "taker_side": "yes"
        },
        {
            "trade_id": "cbb7d1b5-4699-4376-aa28-2eb2d15e58c0",
            "ticker": "KXHIGHCHI-25FEB06-T39",
            "count": 4,
            "created_time": "2025-02-06T19:53:48.533419Z",
            "yes_price": 47,
            "no_price": 53,
            "taker_side": "yes"
        },
        {
            "trade_id": "0be6c63b-2763-4e77-a181-3cf3c2cf6104",
            "ticker": "KXHIGHCHI-25FEB06-T39",
            "count": 94,
            "created_time": "2025-02-06T19:53:48.533419Z",
            "yes_price": 49,
            "no_price": 51,
            "taker_side": "yes"
        },
        {
            "trade_id": "ba2c595d-d708-48eb-b765-127a9dc8f74a",
            "ticker": "KXHIGHCHI-25FEB06-T39",
            "count": 1,
            "created_time": "2025-02-06T19:52:09.002044Z",
            "yes_price": 34,
            "no_price": 66,
            "taker_side": "yes"
        },
        {
            "trade_id": "b00b1ebd-f0e5-435b-8138-0dcd6191ee76",
            "ticker": "KXHIGHCHI-25FEB06-T39",
            "count": 115,
            "created_time": "2025-02-06T19:52:09.002044Z",
            "yes_price": 35,
            "no_price": 65,
            "taker_side": "yes"
        },
        {
            "trade_id": "3ef48852-5460-4cd6-96e8-33b5984cc658",
            "ticker": "KXHIGHCHI-25FEB06-T39",
            "count": 228,
            "created_time": "2025-02-06T19:52:09.002044Z",
            "yes_price": 39,
            "no_price": 61,
            "taker_side": "yes"
        },
        {
            "trade_id": "2b68f31d-45e7-426b-b60b-d5d9d9e82fc8",
            "ticker": "KXHIGHCHI-25FEB06-T39",
            "count": 163,
            "created_time": "2025-02-06T19:52:09.002044Z",
            "yes_price": 38,
            "no_price": 62,
            "taker_side": "yes"
        },
        {
            "trade_id": "feea0ca3-028b-43d7-ba0c-9efe7bd39998",
            "ticker": "KXHIGHCHI-25FEB06-T39",
            "count": 2,
            "created_time": "2025-02-06T19:50:50.162683Z",
            "yes_price": 35,
            "no_price": 65,
            "taker_side": "yes"
        },
        {
            "trade_id": "ce5709d0-cb1b-4a07-86c3-889bc5282967",
            "ticker": "KXHIGHCHI-25FEB06-T39",
            "count": 60,
            "created_time": "2025-02-06T19:50:02.028819Z",
            "yes_price": 35,
            "no_price": 65,
            "taker_side": "yes"
        },
        {
            "trade_id": "6454c489-f9fa-4a52-8934-862f1e4c54c7",
            "ticker": "KXHIGHCHI-25FEB06-T39",
            "count": 10,
            "created_time": "2025-02-06T19:49:41.669554Z",
            "yes_price": 35,
            "no_price": 65,
            "taker_side": "yes"
        },
        {
            "trade_id": "fd9ab5ae-e882-431b-9556-586ea73afecd",
            "ticker": "KXHIGHCHI-25FEB06-T39",
            "count": 8,
            "created_time": "2025-02-06T19:49:30.854906Z",
            "yes_price": 35,
            "no_price": 65,
            "taker_side": "yes"
        },
        {
            "trade_id": "ccc69ad6-f097-4c7a-9127-02f5329774db",
            "ticker": "KXHIGHCHI-25FEB06-T39",
            "count": 2,
            "created_time": "2025-02-06T19:49:30.854906Z",
            "yes_price": 29,
            "no_price": 71,
            "taker_side": "yes"
        },
        {
            "trade_id": "5faef31b-9c78-49f0-87cf-d167ad1ef10d",
            "ticker": "KXHIGHCHI-25FEB06-T39",
            "count": 3,
            "created_time": "2025-02-06T19:47:54.430854Z",
            "yes_price": 34,
            "no_price": 66,
            "taker_side": "yes"
        },
        {
            "trade_id": "34bd2dc2-36e2-4f97-98e6-2924cf714ac4",
            "ticker": "KXHIGHCHI-25FEB06-T39",
            "count": 5,
            "created_time": "2025-02-06T19:47:54.430854Z",
            "yes_price": 35,
            "no_price": 65,
            "taker_side": "yes"
        },
        {
            "trade_id": "16fcb075-4115-4e8d-a33a-346f9e304046",
            "ticker": "KXHIGHCHI-25FEB06-T39",
            "count": 33,
            "created_time": "2025-02-06T19:47:54.430854Z",
            "yes_price": 30,
            "no_price": 70,
            "taker_side": "yes"
        },
        {
            "trade_id": "f5885958-ef08-4a14-a849-29bf1a169c22",
            "ticker": "KXHIGHCHI-25FEB06-T39",
            "count": 57,
            "created_time": "2025-02-06T19:46:32.717309Z",
            "yes_price": 9,
            "no_price": 91,
            "taker_side": "no"
        },
        {
            "trade_id": "81f40f0b-2bc1-431f-acfa-03ff1a76594b",
            "ticker": "KXHIGHCHI-25FEB06-T39",
            "count": 50,
            "created_time": "2025-02-06T19:46:32.717309Z",
            "yes_price": 22,
            "no_price": 78,
            "taker_side": "no"
        },
        {
            "trade_id": "43582cfa-95b0-48b5-92d2-c7a70e3a0dc1",
            "ticker": "KXHIGHCHI-25FEB06-T39",
            "count": 6,
            "created_time": "2025-02-06T19:46:32.717309Z",
            "yes_price": 24,
            "no_price": 76,
            "taker_side": "no"
        },
        {
            "trade_id": "df38b048-563e-49b3-98e5-e6b6d0b44f42",
            "ticker": "KXHIGHCHI-25FEB06-T39",
            "count": 27,
            "created_time": "2025-02-06T19:39:03.173285Z",
            "yes_price": 36,
            "no_price": 64,
            "taker_side": "yes"
        },
        {
            "trade_id": "712e2afb-b2d6-40eb-8b6a-59fe41a58715",
            "ticker": "KXHIGHCHI-25FEB06-T39",
            "count": 10,
            "created_time": "2025-02-06T19:39:03.173285Z",
            "yes_price": 36,
            "no_price": 64,
            "taker_side": "yes"
        },
        {
            "trade_id": "246f5c0c-a405-4039-af10-6edf7e1f4aa6",
            "ticker": "KXHIGHCHI-25FEB06-T39",
            "count": 108,
            "created_time": "2025-02-06T19:39:03.173285Z",
            "yes_price": 40,
            "no_price": 60,
            "taker_side": "yes"
        },
        {
            "trade_id": "1959804b-7162-47da-a7a1-8cd64760f979",
            "ticker": "KXHIGHCHI-25FEB06-T39",
            "count": 20,
            "created_time": "2025-02-06T19:39:03.173285Z",
            "yes_price": 36,
            "no_price": 64,
            "taker_side": "yes"
        },
        {
            "trade_id": "0ea0db9f-0a0f-42ad-92c9-5b5a09f54b4e",
            "ticker": "KXHIGHCHI-25FEB06-T39",
            "count": 50,
            "created_time": "2025-02-06T19:39:03.173285Z",
            "yes_price": 40,
            "no_price": 60,
            "taker_side": "yes"
        },
        {
            "trade_id": "c41b72fb-9107-4ecf-89f5-0bb3cebdaa0d",
            "ticker": "KXHIGHCHI-25FEB06-T39",
            "count": 2,
            "created_time": "2025-02-06T19:37:19.224798Z",
            "yes_price": 26,
            "no_price": 74,
            "taker_side": "no"
        },
        {
            "trade_id": "a3377e6c-3e63-46bd-9b13-a711b31b2a75",
            "ticker": "KXHIGHCHI-25FEB06-T39",
            "count": 1,
            "created_time": "2025-02-06T19:37:19.224798Z",
            "yes_price": 28,
            "no_price": 72,
            "taker_side": "no"
        },
        {
            "trade_id": "998a60e0-2e02-4df6-9699-a6e82e456ad2",
            "ticker": "KXHIGHCHI-25FEB06-T39",
            "count": 50,
            "created_time": "2025-02-06T19:37:19.224798Z",
            "yes_price": 25,
            "no_price": 75,
            "taker_side": "no"
        },
        {
            "trade_id": "a2385ff3-e954-4f44-82c5-d0408824cbc6",
            "ticker": "KXHIGHCHI-25FEB06-T39",
            "count": 2,
            "created_time": "2025-02-06T19:37:05.091632Z",
            "yes_price": 41,
            "no_price": 59,
            "taker_side": "yes"
        },
        {
            "trade_id": "8a37fbb6-3bf1-4cd6-8227-53dfcf058a74",
            "ticker": "KXHIGHCHI-25FEB06-T39",
            "count": 8,
            "created_time": "2025-02-06T19:35:32.850765Z",
            "yes_price": 32,
            "no_price": 68,
            "taker_side": "no"
        },
        {
            "trade_id": "685cf3d4-27fe-4101-8049-93e98f9f5019",
            "ticker": "KXHIGHCHI-25FEB06-T39",
            "count": 6,
            "created_time": "2025-02-06T19:35:32.850765Z",
            "yes_price": 33,
            "no_price": 67,
            "taker_side": "no"
        },
        {
            "trade_id": "da7cb050-5aba-4162-82b3-755f05ad9e79",
            "ticker": "KXHIGHCHI-25FEB06-T39",
            "count": 1,
            "created_time": "2025-02-06T19:27:57.765606Z",
            "yes_price": 43,
            "no_price": 57,
            "taker_side": "no"
        },
        {
            "trade_id": "c721083f-ca54-44de-bb26-9beb0ab22c15",
            "ticker": "KXHIGHCHI-25FEB06-T39",
            "count": 227,
            "created_time": "2025-02-06T19:27:57.765606Z",
            "yes_price": 40,
            "no_price": 60,
            "taker_side": "no"
        },
        {
            "trade_id": "b25f19c0-2785-494b-9de1-cebbccc1b4d4",
            "ticker": "KXHIGHCHI-25FEB06-T39",
            "count": 20,
            "created_time": "2025-02-06T19:27:57.765606Z",
            "yes_price": 41,
            "no_price": 59,
            "taker_side": "no"
        },
        {
            "trade_id": "ad7956ec-9d85-4fb7-a0ba-c4ec1c4bceaf",
            "ticker": "KXHIGHCHI-25FEB06-T39",
            "count": 10,
            "created_time": "2025-02-06T19:27:57.765606Z",
            "yes_price": 40,
            "no_price": 60,
            "taker_side": "no"
        },
        {
            "trade_id": "6ee0f5f0-f805-45e2-9b96-8e6d97b4ca32",
            "ticker": "KXHIGHCHI-25FEB06-T39",
            "count": 1,
            "created_time": "2025-02-06T19:27:57.765606Z",
            "yes_price": 46,
            "no_price": 54,
            "taker_side": "no"
        },
        {
            "trade_id": "6caeff1c-463b-4aa0-bb4d-d41b7b72ca64",
            "ticker": "KXHIGHCHI-25FEB06-T39",
            "count": 1,
            "created_time": "2025-02-06T19:27:57.765606Z",
            "yes_price": 42,
            "no_price": 58,
            "taker_side": "no"
        },
        {
            "trade_id": "5cad0285-469d-4c14-b275-5cac8be95bb8",
            "ticker": "KXHIGHCHI-25FEB06-T39",
            "count": 20,
            "created_time": "2025-02-06T19:27:57.765606Z",
            "yes_price": 41,
            "no_price": 59,
            "taker_side": "no"
        },
        {
            "trade_id": "3c608a20-9ab0-4f15-b6e1-f662b14830e0",
            "ticker": "KXHIGHCHI-25FEB06-T39",
            "count": 3,
            "created_time": "2025-02-06T19:27:57.765606Z",
            "yes_price": 41,
            "no_price": 59,
            "taker_side": "no"
        },
        {
            "trade_id": "3c04445d-8f68-47ad-95c5-349e4746f17f",
            "ticker": "KXHIGHCHI-25FEB06-T39",
            "count": 10,
            "created_time": "2025-02-06T19:27:57.765606Z",
            "yes_price": 41,
            "no_price": 59,
            "taker_side": "no"
        },
        {
            "trade_id": "2d1a8575-ddca-420e-803b-b8a604d6f5e6",
            "ticker": "KXHIGHCHI-25FEB06-T39",
            "count": 7,
            "created_time": "2025-02-06T19:27:57.765606Z",
            "yes_price": 41,
            "no_price": 59,
            "taker_side": "no"
        },
        {
            "trade_id": "c006c325-7f2f-4079-b1ec-6ae2d6a9c515",
            "ticker": "KXHIGHCHI-25FEB06-T39",
            "count": 123,
            "created_time": "2025-02-06T19:18:04.551947Z",
            "yes_price": 69,
            "no_price": 31,
            "taker_side": "yes"
        },
        {
            "trade_id": "95a1879b-8e43-4386-ace3-63efdbf708e1",
            "ticker": "KXHIGHCHI-25FEB06-T39",
            "count": 50,
            "created_time": "2025-02-06T19:18:04.551947Z",
            "yes_price": 62,
            "no_price": 38,
            "taker_side": "yes"
        },
        {
            "trade_id": "48ba964d-b750-4c54-8d2c-c61d8c45dd9b",
            "ticker": "KXHIGHCHI-25FEB06-T39",
            "count": 22,
            "created_time": "2025-02-06T19:18:04.551947Z",
            "yes_price": 68,
            "no_price": 32,
            "taker_side": "yes"
        },
        {
            "trade_id": "0f4d866e-7bee-4d6c-baba-af34391c726a",
            "ticker": "KXHIGHCHI-25FEB06-T39",
            "count": 1,
            "created_time": "2025-02-06T19:18:04.551947Z",
            "yes_price": 61,
            "no_price": 39,
            "taker_side": "yes"
        },
        {
            "trade_id": "856600e7-0594-4322-af44-d8302cc6a5f0",
            "ticker": "KXHIGHCHI-25FEB06-T39",
            "count": 8,
            "created_time": "2025-02-06T19:16:56.940633Z",
            "yes_price": 59,
            "no_price": 41,
            "taker_side": "yes"
        },
        {
            "trade_id": "6f985095-2008-473b-ae27-b32c320c3af9",
            "ticker": "KXHIGHCHI-25FEB06-T39",
            "count": 189,
            "created_time": "2025-02-06T19:16:56.940633Z",
            "yes_price": 60,
            "no_price": 40,
            "taker_side": "yes"
        },
        {
            "trade_id": "472a2ee2-620b-49ab-8449-9c0786a527e2",
            "ticker": "KXHIGHCHI-25FEB06-T39",
            "count": 3,
            "created_time": "2025-02-06T19:16:56.940633Z",
            "yes_price": 59,
            "no_price": 41,
            "taker_side": "yes"
        },
        {
            "trade_id": "a9df6ee6-7d7e-4911-b402-1fbe3ba7354e",
            "ticker": "KXHIGHCHI-25FEB06-T39",
            "count": 12,
            "created_time": "2025-02-06T19:16:03.329033Z",
            "yes_price": 59,
            "no_price": 41,
            "taker_side": "yes"
        },
        {
            "trade_id": "407c728d-460d-4710-b704-7ddf5d020325",
            "ticker": "KXHIGHCHI-25FEB06-T39",
            "count": 8,
            "created_time": "2025-02-06T19:16:03.329033Z",
            "yes_price": 59,
            "no_price": 41,
            "taker_side": "yes"
        },
        {
            "trade_id": "cc111924-8c58-46e3-8cc5-56f862bf1a66",
            "ticker": "KXHIGHCHI-25FEB06-T39",
            "count": 3,
            "created_time": "2025-02-06T19:16:00.289182Z",
            "yes_price": 58,
            "no_price": 42,
            "taker_side": "yes"
        },
        {
            "trade_id": "45cbe667-a855-4976-9856-17e029ffc4b6",
            "ticker": "KXHIGHCHI-25FEB06-T39",
            "count": 92,
            "created_time": "2025-02-06T19:16:00.289182Z",
            "yes_price": 59,
            "no_price": 41,
            "taker_side": "yes"
        },
        {
            "trade_id": "3886c812-9120-46b2-b7a2-096ea08e3ac6",
            "ticker": "KXHIGHCHI-25FEB06-T39",
            "count": 5,
            "created_time": "2025-02-06T19:16:00.289182Z",
            "yes_price": 57,
            "no_price": 43,
            "taker_side": "yes"
        },
        {
            "trade_id": "8cb6960c-544d-4e31-a460-aa88552eca77",
            "ticker": "KXHIGHCHI-25FEB06-T39",
            "count": 14,
            "created_time": "2025-02-06T19:08:59.742267Z",
            "yes_price": 52,
            "no_price": 48,
            "taker_side": "yes"
        },
        {
            "trade_id": "6df27da9-658a-4756-9998-1ec5689c5474",
            "ticker": "KXHIGHCHI-25FEB06-T39",
            "count": 43,
            "created_time": "2025-02-06T19:08:36.542329Z",
            "yes_price": 50,
            "no_price": 50,
            "taker_side": "no"
        },
        {
            "trade_id": "e840ff2e-9a28-4631-9e16-790488960057",
            "ticker": "KXHIGHCHI-25FEB06-T39",
            "count": 3,
            "created_time": "2025-02-06T19:08:25.374957Z",
            "yes_price": 50,
            "no_price": 50,
            "taker_side": "no"
        },
        {
            "trade_id": "5adc5734-b53e-4424-b2a2-5af794481ccd",
            "ticker": "KXHIGHCHI-25FEB06-T39",
            "count": 10,
            "created_time": "2025-02-06T19:05:51.966907Z",
            "yes_price": 47,
            "no_price": 53,
            "taker_side": "no"
        },
        {
            "trade_id": "e17c4aec-485b-4848-8940-12f0af082626",
            "ticker": "KXHIGHCHI-25FEB06-T39",
            "count": 6,
            "created_time": "2025-02-06T19:04:09.330439Z",
            "yes_price": 57,
            "no_price": 43,
            "taker_side": "yes"
        },
        {
            "trade_id": "c634669e-69bf-4daf-96d5-d084289095a1",
            "ticker": "KXHIGHCHI-25FEB06-T39",
            "count": 12,
            "created_time": "2025-02-06T19:04:09.330439Z",
            "yes_price": 59,
            "no_price": 41,
            "taker_side": "yes"
        },
        {
            "trade_id": "a4d77a96-72e9-434a-8a44-ddf0fef11a87",
            "ticker": "KXHIGHCHI-25FEB06-T39",
            "count": 11,
            "created_time": "2025-02-06T19:04:09.330439Z",
            "yes_price": 60,
            "no_price": 40,
            "taker_side": "yes"
        },
        {
            "trade_id": "0ce76288-2916-41f1-ae9f-4af92c7e485a",
            "ticker": "KXHIGHCHI-25FEB06-T39",
            "count": 3,
            "created_time": "2025-02-06T19:04:09.330439Z",
            "yes_price": 59,
            "no_price": 41,
            "taker_side": "yes"
        },
        {
            "trade_id": "e600d07d-9408-48c2-a6d7-466861b069d8",
            "ticker": "KXHIGHCHI-25FEB06-T39",
            "count": 3,
            "created_time": "2025-02-06T18:55:50.718864Z",
            "yes_price": 62,
            "no_price": 38,
            "taker_side": "yes"
        },
        {
            "trade_id": "a1c0f3b2-1f77-4752-8e40-cab39db3ab28",
            "ticker": "KXHIGHCHI-25FEB06-T39",
            "count": 7,
            "created_time": "2025-02-06T18:55:50.718864Z",
            "yes_price": 62,
            "no_price": 38,
            "taker_side": "yes"
        },
        {
            "trade_id": "40f8c251-9534-408b-83d5-9434d22ed3ab",
            "ticker": "KXHIGHCHI-25FEB06-T39",
            "count": 10,
            "created_time": "2025-02-06T18:55:50.718864Z",
            "yes_price": 62,
            "no_price": 38,
            "taker_side": "yes"
        },
        {
            "trade_id": "36541fcf-096a-4d52-8c2a-ac1584621b9c",
            "ticker": "KXHIGHCHI-25FEB06-T39",
            "count": 5,
            "created_time": "2025-02-06T18:55:50.718864Z",
            "yes_price": 62,
            "no_price": 38,
            "taker_side": "yes"
        },
        {
            "trade_id": "98d26b87-a6b4-4c4c-ba38-f544d9250996",
            "ticker": "KXHIGHCHI-25FEB06-T39",
            "count": 12,
            "created_time": "2025-02-06T18:51:59.18925Z",
            "yes_price": 37,
            "no_price": 63,
            "taker_side": "no"
        },
        {
            "trade_id": "532b9126-4d06-4410-acd5-0232531e41ca",
            "ticker": "KXHIGHCHI-25FEB06-T39",
            "count": 8,
            "created_time": "2025-02-06T18:51:59.18925Z",
            "yes_price": 36,
            "no_price": 64,
            "taker_side": "no"
        },
        {
            "trade_id": "1bb5dfe3-8717-4739-b6d0-61b695178577",
            "ticker": "KXHIGHCHI-25FEB06-T39",
            "count": 10,
            "created_time": "2025-02-06T18:51:59.18925Z",
            "yes_price": 36,
            "no_price": 64,
            "taker_side": "no"
        },
        {
            "trade_id": "dd9dc2d6-379c-4621-9b59-d64a96483628",
            "ticker": "KXHIGHCHI-25FEB06-T39",
            "count": 21,
            "created_time": "2025-02-06T18:51:31.923376Z",
            "yes_price": 56,
            "no_price": 44,
            "taker_side": "no"
        },
        {
            "trade_id": "c2c90e70-1c4b-4eb9-8b0d-7107d3d6681b",
            "ticker": "KXHIGHCHI-25FEB06-T39",
            "count": 6,
            "created_time": "2025-02-06T18:51:31.923376Z",
            "yes_price": 32,
            "no_price": 68,
            "taker_side": "no"
        },
        {
            "trade_id": "ba6f0187-2e74-49b5-99ee-cbf0757e12f5",
            "ticker": "KXHIGHCHI-25FEB06-T39",
            "count": 4,
            "created_time": "2025-02-06T18:51:31.923376Z",
            "yes_price": 57,
            "no_price": 43,
            "taker_side": "no"
        },
        {
            "trade_id": "a4e3f187-16dc-4030-b4eb-010366bd092e",
            "ticker": "KXHIGHCHI-25FEB06-T39",
            "count": 10,
            "created_time": "2025-02-06T18:51:31.923376Z",
            "yes_price": 40,
            "no_price": 60,
            "taker_side": "no"
        },
        {
            "trade_id": "98c5d030-4719-46b7-b703-e7cdefc7bac7",
            "ticker": "KXHIGHCHI-25FEB06-T39",
            "count": 16,
            "created_time": "2025-02-06T18:51:31.923376Z",
            "yes_price": 54,
            "no_price": 46,
            "taker_side": "no"
        },
        {
            "trade_id": "95a57c0a-8654-468b-96a0-d4b5933ea14a",
            "ticker": "KXHIGHCHI-25FEB06-T39",
            "count": 7,
            "created_time": "2025-02-06T18:51:31.923376Z",
            "yes_price": 57,
            "no_price": 43,
            "taker_side": "no"
        },
        {
            "trade_id": "4f82fc50-7ef9-4885-ac21-e3195cdb79e4",
            "ticker": "KXHIGHCHI-25FEB06-T39",
            "count": 40,
            "created_time": "2025-02-06T18:51:31.923376Z",
            "yes_price": 55,
            "no_price": 45,
            "taker_side": "no"
        },
        {
            "trade_id": "33d7a3aa-64ff-4c77-b862-693a366223c2",
            "ticker": "KXHIGHCHI-25FEB06-T39",
            "count": 7,
            "created_time": "2025-02-06T18:51:15.665799Z",
            "yes_price": 68,
            "no_price": 32,
            "taker_side": "yes"
        },
        {
            "trade_id": "a97ba5c0-65e7-4a34-9efd-e2da4b1161eb",
            "ticker": "KXHIGHCHI-25FEB06-T39",
            "count": 8,
            "created_time": "2025-02-06T18:49:51.041143Z",
            "yes_price": 70,
            "no_price": 30,
            "taker_side": "yes"
        },
        {
            "trade_id": "a088e127-f87a-498c-b501-02ab3c299180",
            "ticker": "KXHIGHCHI-25FEB06-T39",
            "count": 10,
            "created_time": "2025-02-06T18:45:47.63755Z",
            "yes_price": 64,
            "no_price": 36,
            "taker_side": "no"
        },
        {
            "trade_id": "84f3376d-9821-47fc-b5b1-7e0edeea6767",
            "ticker": "KXHIGHCHI-25FEB06-T39",
            "count": 8,
            "created_time": "2025-02-06T18:45:47.63755Z",
            "yes_price": 63,
            "no_price": 37,
            "taker_side": "no"
        },
        {
            "trade_id": "49800b2a-b40e-4f0e-98a1-38923abe2d68",
            "ticker": "KXHIGHCHI-25FEB06-T39",
            "count": 20,
            "created_time": "2025-02-06T18:45:47.63755Z",
            "yes_price": 62,
            "no_price": 38,
            "taker_side": "no"
        },
        {
            "trade_id": "117b5081-1523-4ca6-9635-6fb6211551b0",
            "ticker": "KXHIGHCHI-25FEB06-T39",
            "count": 20,
            "created_time": "2025-02-06T18:45:47.63755Z",
            "yes_price": 63,
            "no_price": 37,
            "taker_side": "no"
        },
        {
            "trade_id": "882c5176-cae5-4f08-ad98-add89e479b43",
            "ticker": "KXHIGHCHI-25FEB06-T39",
            "count": 168,
            "created_time": "2025-02-06T18:45:06.075319Z",
            "yes_price": 78,
            "no_price": 22,
            "taker_side": "yes"
        },
        {
            "trade_id": "5515b8f6-0180-4256-91cb-7512a0f88032",
            "ticker": "KXHIGHCHI-25FEB06-T39",
            "count": 3,
            "created_time": "2025-02-06T18:45:06.075319Z",
            "yes_price": 77,
            "no_price": 23,
            "taker_side": "yes"
        },
        {
            "trade_id": "3f7ac930-f934-4b8f-8caf-0cf5f424b0ac",
            "ticker": "KXHIGHCHI-25FEB06-T39",
            "count": 100,
            "created_time": "2025-02-06T18:45:06.075319Z",
            "yes_price": 77,
            "no_price": 23,
            "taker_side": "yes"
        },
        {
            "trade_id": "fefd0fff-05ce-489f-9a6f-4adaebea4341",
            "ticker": "KXHIGHCHI-25FEB06-T39",
            "count": 62,
            "created_time": "2025-02-06T18:43:27.565713Z",
            "yes_price": 78,
            "no_price": 22,
            "taker_side": "yes"
        },
        {
            "trade_id": "f9a6a108-79a8-4c25-a9da-3c2d2c6a42e4",
            "ticker": "KXHIGHCHI-25FEB06-T39",
            "count": 20,
            "created_time": "2025-02-06T18:43:27.565713Z",
            "yes_price": 77,
            "no_price": 23,
            "taker_side": "yes"
        },
        {
            "trade_id": "a4508e9a-6199-4c08-9b5b-b017fe1cd0f9",
            "ticker": "KXHIGHCHI-25FEB06-T39",
            "count": 40,
            "created_time": "2025-02-06T18:43:27.565713Z",
            "yes_price": 77,
            "no_price": 23,
            "taker_side": "yes"
        },
        {
            "trade_id": "3884f440-a90e-45c2-bf8e-f7818749a78a",
            "ticker": "KXHIGHCHI-25FEB06-T39",
            "count": 3,
            "created_time": "2025-02-06T18:43:27.565713Z",
            "yes_price": 76,
            "no_price": 24,
            "taker_side": "yes"
        },
        {
            "trade_id": "d81fe590-7f1e-4319-bcca-2321e0d3deea",
            "ticker": "KXHIGHCHI-25FEB06-T39",
            "count": 23,
            "created_time": "2025-02-06T18:42:31.494742Z",
            "yes_price": 68,
            "no_price": 32,
            "taker_side": "yes"
        },
        {
            "trade_id": "7b1266db-11b8-4758-ad9b-0373c32475bc",
            "ticker": "KXHIGHCHI-25FEB06-T39",
            "count": 10,
            "created_time": "2025-02-06T18:42:31.494742Z",
            "yes_price": 67,
            "no_price": 33,
            "taker_side": "yes"
        },
        {
            "trade_id": "6d2ea59d-906c-413e-811c-2e8cfd2fd7a9",
            "ticker": "KXHIGHCHI-25FEB06-T39",
            "count": 2,
            "created_time": "2025-02-06T18:42:31.494742Z",
            "yes_price": 67,
            "no_price": 33,
            "taker_side": "yes"
        },
        {
            "trade_id": "2f874161-657c-48db-9474-b08e983f5cb0",
            "ticker": "KXHIGHCHI-25FEB06-T39",
            "count": 419,
            "created_time": "2025-02-06T18:42:31.494742Z",
            "yes_price": 78,
            "no_price": 22,
            "taker_side": "yes"
        },
        {
            "trade_id": "2f1b90c5-7c5c-4b6a-a041-ee6f920dda0e",
            "ticker": "KXHIGHCHI-25FEB06-T39",
            "count": 37,
            "created_time": "2025-02-06T18:42:31.494742Z",
            "yes_price": 77,
            "no_price": 23,
            "taker_side": "yes"
        },
        {
            "trade_id": "110a341f-f20b-4c7f-a9a2-55e849ca85cb",
            "ticker": "KXHIGHCHI-25FEB06-T39",
            "count": 7,
            "created_time": "2025-02-06T18:42:31.494742Z",
            "yes_price": 63,
            "no_price": 37,
            "taker_side": "yes"
        },
        {
            "trade_id": "e757b659-f6fb-473a-a37c-d8820864c94f",
            "ticker": "KXHIGHCHI-25FEB06-T39",
            "count": 20,
            "created_time": "2025-02-06T18:42:29.554819Z",
            "yes_price": 63,
            "no_price": 37,
            "taker_side": "no"
        },
        {
            "trade_id": "a1b866f4-bf04-40e9-810e-b64bfb4cff27",
            "ticker": "KXHIGHCHI-25FEB06-T39",
            "count": 5,
            "created_time": "2025-02-06T18:41:11.224099Z",
            "yes_price": 68,
            "no_price": 32,
            "taker_side": "yes"
        },
        {
            "trade_id": "edda4c26-2c85-4c2c-b510-dda2298c0cba",
            "ticker": "KXHIGHCHI-25FEB06-T39",
            "count": 19,
            "created_time": "2025-02-06T18:40:20.327065Z",
            "yes_price": 67,
            "no_price": 33,
            "taker_side": "yes"
        },
        {
            "trade_id": "c7a21621-1ccb-42f9-a724-b94dcca1703b",
            "ticker": "KXHIGHCHI-25FEB06-T39",
            "count": 1,
            "created_time": "2025-02-06T18:40:20.327065Z",
            "yes_price": 66,
            "no_price": 34,
            "taker_side": "yes"
        },
        {
            "trade_id": "db087897-e33f-48c4-bc56-546a039208e1",
            "ticker": "KXHIGHCHI-25FEB06-T39",
            "count": 2,
            "created_time": "2025-02-06T18:40:13.633419Z",
            "yes_price": 67,
            "no_price": 33,
            "taker_side": "yes"
        },
        {
            "trade_id": "352aba23-e530-471e-8784-e530162309e8",
            "ticker": "KXHIGHCHI-25FEB06-T39",
            "count": 1,
            "created_time": "2025-02-06T18:40:13.633419Z",
            "yes_price": 66,
            "no_price": 34,
            "taker_side": "yes"
        },
        {
            "trade_id": "90d4e282-4f87-4e73-9925-d0d6edabf8fa",
            "ticker": "KXHIGHCHI-25FEB06-T39",
            "count": 9,
            "created_time": "2025-02-06T18:40:06.626471Z",
            "yes_price": 64,
            "no_price": 36,
            "taker_side": "yes"
        },
        {
            "trade_id": "333d7b39-c7ed-4d0e-8e87-46623dc31d4b",
            "ticker": "KXHIGHCHI-25FEB06-T39",
            "count": 1,
            "created_time": "2025-02-06T18:40:00.234606Z",
            "yes_price": 64,
            "no_price": 36,
            "taker_side": "yes"
        },
        {
            "trade_id": "bc09358a-1953-4fc2-8314-7fc5dc2ad241",
            "ticker": "KXHIGHCHI-25FEB06-T39",
            "count": 25,
            "created_time": "2025-02-06T18:32:33.37824Z",
            "yes_price": 64,
            "no_price": 36,
            "taker_side": "yes"
        },
        {
            "trade_id": "fd3eabb6-273b-4a76-bea2-0e8bba37191a",
            "ticker": "KXHIGHCHI-25FEB06-T39",
            "count": 20,
            "created_time": "2025-02-06T18:29:51.041477Z",
            "yes_price": 65,
            "no_price": 35,
            "taker_side": "yes"
        },
        {
            "trade_id": "2934bac8-62ce-4116-91c4-d216850611c7",
            "ticker": "KXHIGHCHI-25FEB06-T39",
            "count": 5,
            "created_time": "2025-02-06T18:29:51.041477Z",
            "yes_price": 66,
            "no_price": 34,
            "taker_side": "yes"
        },
        {
            "trade_id": "fb5efdea-83ee-4123-a219-05c458135a72",
            "ticker": "KXHIGHCHI-25FEB06-T39",
            "count": 6,
            "created_time": "2025-02-06T18:29:14.383713Z",
            "yes_price": 58,
            "no_price": 42,
            "taker_side": "no"
        },
        {
            "trade_id": "f68062cb-b2e2-40f5-a604-ddc3b3a7372a",
            "ticker": "KXHIGHCHI-25FEB06-T39",
            "count": 4,
            "created_time": "2025-02-06T18:29:14.383713Z",
            "yes_price": 59,
            "no_price": 41,
            "taker_side": "no"
        },
        {
            "trade_id": "c8d2e9ce-b5db-4a29-94e0-491ffd7c0698",
            "ticker": "KXHIGHCHI-25FEB06-T39",
            "count": 9,
            "created_time": "2025-02-06T18:29:14.383713Z",
            "yes_price": 54,
            "no_price": 46,
            "taker_side": "no"
        },
        {
            "trade_id": "8bf858e1-60b9-4cb0-a048-4da8096c76f0",
            "ticker": "KXHIGHCHI-25FEB06-T39",
            "count": 24,
            "created_time": "2025-02-06T18:29:14.383713Z",
            "yes_price": 56,
            "no_price": 44,
            "taker_side": "no"
        },
        {
            "trade_id": "718f3e2d-7448-46c8-bf53-024820ffc9f3",
            "ticker": "KXHIGHCHI-25FEB06-T39",
            "count": 35,
            "created_time": "2025-02-06T18:29:14.383713Z",
            "yes_price": 58,
            "no_price": 42,
            "taker_side": "no"
        },
        {
            "trade_id": "7c4754f2-5bb1-47f6-9324-3d81872e7a1d",
            "ticker": "KXHIGHCHI-25FEB06-T39",
            "count": 20,
            "created_time": "2025-02-06T18:24:53.94879Z",
            "yes_price": 67,
            "no_price": 33,
            "taker_side": "yes"
        },
        {
            "trade_id": "d9be635d-33c2-489b-97f8-070dd6495ae7",
            "ticker": "KXHIGHCHI-25FEB06-T39",
            "count": 10,
            "created_time": "2025-02-06T18:24:20.84317Z",
            "yes_price": 38,
            "no_price": 62,
            "taker_side": "no"
        },
        {
            "trade_id": "24d1d1bf-c69f-4ebc-bd40-207f3ecd1e8c",
            "ticker": "KXHIGHCHI-25FEB06-T39",
            "count": 9,
            "created_time": "2025-02-06T18:24:20.84317Z",
            "yes_price": 64,
            "no_price": 36,
            "taker_side": "no"
        },
        {
            "trade_id": "8c719085-1f73-49cc-aaf4-b47c59a1e8ed",
            "ticker": "KXHIGHCHI-25FEB06-T39",
            "count": 1,
            "created_time": "2025-02-06T18:21:41.627081Z",
            "yes_price": 67,
            "no_price": 33,
            "taker_side": "yes"
        },
        {
            "trade_id": "8bf16a5e-0001-4ce9-ba6c-538b5bda4833",
            "ticker": "KXHIGHCHI-25FEB06-T39",
            "count": 28,
            "created_time": "2025-02-06T18:21:41.627081Z",
            "yes_price": 65,
            "no_price": 35,
            "taker_side": "yes"
        },
        {
            "trade_id": "d6c53ff4-1699-40c2-89b4-8cfaae002b33",
            "ticker": "KXHIGHCHI-25FEB06-T39",
            "count": 16,
            "created_time": "2025-02-06T18:17:52.683331Z",
            "yes_price": 63,
            "no_price": 37,
            "taker_side": "yes"
        },
        {
            "trade_id": "996d82eb-0d59-49c5-b72a-39624ac027a8",
            "ticker": "KXHIGHCHI-25FEB06-T39",
            "count": 37,
            "created_time": "2025-02-06T18:17:52.683331Z",
            "yes_price": 64,
            "no_price": 36,
            "taker_side": "yes"
        },
        {
            "trade_id": "842e95b3-24d8-419a-946e-7560bb67ef65",
            "ticker": "KXHIGHCHI-25FEB06-T39",
            "count": 22,
            "created_time": "2025-02-06T18:17:52.683331Z",
            "yes_price": 67,
            "no_price": 33,
            "taker_side": "yes"
        },
        {
            "trade_id": "14761fd4-ecda-4879-9a01-1b4fb242226a",
            "ticker": "KXHIGHCHI-25FEB06-T39",
            "count": 10,
            "created_time": "2025-02-06T18:17:41.816296Z",
            "yes_price": 63,
            "no_price": 37,
            "taker_side": "yes"
        },
        {
            "trade_id": "df3ffd37-0127-49f7-b22d-30cc5a2bedda",
            "ticker": "KXHIGHCHI-25FEB06-T39",
            "count": 10,
            "created_time": "2025-02-06T18:17:28.858235Z",
            "yes_price": 63,
            "no_price": 37,
            "taker_side": "yes"
        },
        {
            "trade_id": "e6d7cabb-36eb-4841-8c36-dacc7170a481",
            "ticker": "KXHIGHCHI-25FEB06-T39",
            "count": 50,
            "created_time": "2025-02-06T18:17:09.481582Z",
            "yes_price": 62,
            "no_price": 38,
            "taker_side": "yes"
        },
        {
            "trade_id": "ae5db824-fa9d-4c82-a381-4c5954ed9700",
            "ticker": "KXHIGHCHI-25FEB06-T39",
            "count": 13,
            "created_time": "2025-02-06T18:17:09.481582Z",
            "yes_price": 64,
            "no_price": 36,
            "taker_side": "yes"
        },
        {
            "trade_id": "381471de-24fe-4e43-9d44-1ba5e7ec3d98",
            "ticker": "KXHIGHCHI-25FEB06-T39",
            "count": 25,
            "created_time": "2025-02-06T18:17:09.481582Z",
            "yes_price": 59,
            "no_price": 41,
            "taker_side": "yes"
        },
        {
            "trade_id": "1795c964-a438-43c2-8499-379f65b28828",
            "ticker": "KXHIGHCHI-25FEB06-T39",
            "count": 1,
            "created_time": "2025-02-06T18:17:09.481582Z",
            "yes_price": 57,
            "no_price": 43,
            "taker_side": "yes"
        },
        {
            "trade_id": "f50141ff-0e6b-4060-a19c-33df5b541344",
            "ticker": "KXHIGHCHI-25FEB06-T39",
            "count": 2,
            "created_time": "2025-02-06T18:12:06.617177Z",
            "yes_price": 56,
            "no_price": 44,
            "taker_side": "yes"
        },
        {
            "trade_id": "e1900dd2-0ff4-44f4-9ebc-5b31b59e0276",
            "ticker": "KXHIGHCHI-25FEB06-T39",
            "count": 25,
            "created_time": "2025-02-06T18:12:06.617177Z",
            "yes_price": 57,
            "no_price": 43,
            "taker_side": "yes"
        },
        {
            "trade_id": "8ffc8ced-13e6-40ad-a00d-7d2e40377632",
            "ticker": "KXHIGHCHI-25FEB06-T39",
            "count": 5,
            "created_time": "2025-02-06T18:04:45.11521Z",
            "yes_price": 66,
            "no_price": 34,
            "taker_side": "yes"
        },
        {
            "trade_id": "68145b8a-3f23-4a41-8626-0be55ae50ee5",
            "ticker": "KXHIGHCHI-25FEB06-T39",
            "count": 4,
            "created_time": "2025-02-06T18:04:45.11521Z",
            "yes_price": 67,
            "no_price": 33,
            "taker_side": "yes"
        },
        {
            "trade_id": "37a38955-bb9b-4a3c-8661-828a28f6450b",
            "ticker": "KXHIGHCHI-25FEB06-T39",
            "count": 9,
            "created_time": "2025-02-06T18:04:45.11521Z",
            "yes_price": 60,
            "no_price": 40,
            "taker_side": "yes"
        },
        {
            "trade_id": "a878b84f-b207-4763-a0d7-286f0a524fd4",
            "ticker": "KXHIGHCHI-25FEB06-T39",
            "count": 4,
            "created_time": "2025-02-06T18:03:04.015107Z",
            "yes_price": 59,
            "no_price": 41,
            "taker_side": "yes"
        },
        {
            "trade_id": "3ac8fe32-ba5a-4db4-9d83-31d3f1dd56fc",
            "ticker": "KXHIGHCHI-25FEB06-T39",
            "count": 3,
            "created_time": "2025-02-06T18:03:04.015107Z",
            "yes_price": 60,
            "no_price": 40,
            "taker_side": "yes"
        },
        {
            "trade_id": "ea7a37cb-0c56-4023-9c11-2f896b095085",
            "ticker": "KXHIGHCHI-25FEB06-T39",
            "count": 8,
            "created_time": "2025-02-06T18:02:16.335172Z",
            "yes_price": 60,
            "no_price": 40,
            "taker_side": "yes"
        },
        {
            "trade_id": "b6528625-f921-4a6e-bb6a-e574ca5d58d5",
            "ticker": "KXHIGHCHI-25FEB06-T39",
            "count": 2,
            "created_time": "2025-02-06T18:02:16.335172Z",
            "yes_price": 53,
            "no_price": 47,
            "taker_side": "yes"
        },
        {
            "trade_id": "33feec9c-149b-4bdb-a2ff-986801f27146",
            "ticker": "KXHIGHCHI-25FEB06-T39",
            "count": 14,
            "created_time": "2025-02-06T18:02:16.335172Z",
            "yes_price": 56,
            "no_price": 44,
            "taker_side": "yes"
        },
        {
            "trade_id": "3cfc826a-2c52-47ec-8484-e903f9b37f71",
            "ticker": "KXHIGHCHI-25FEB06-T39",
            "count": 1,
            "created_time": "2025-02-06T17:52:54.516019Z",
            "yes_price": 53,
            "no_price": 47,
            "taker_side": "yes"
        },
        {
            "trade_id": "1b0c6957-067f-47ac-8047-0020bdad96a1",
            "ticker": "KXHIGHCHI-25FEB06-T39",
            "count": 3,
            "created_time": "2025-02-06T17:52:54.516019Z",
            "yes_price": 53,
            "no_price": 47,
            "taker_side": "yes"
        },
        {
            "trade_id": "16904646-ccfc-433f-ba24-344472c5ee63",
            "ticker": "KXHIGHCHI-25FEB06-T39",
            "count": 3,
            "created_time": "2025-02-06T17:52:54.516019Z",
            "yes_price": 54,
            "no_price": 46,
            "taker_side": "yes"
        },
        {
            "trade_id": "a23947be-50b7-4f3c-9ff8-1bc6f0670221",
            "ticker": "KXHIGHCHI-25FEB06-T39",
            "count": 9,
            "created_time": "2025-02-06T17:52:23.797614Z",
            "yes_price": 53,
            "no_price": 47,
            "taker_side": "yes"
        },
        {
            "trade_id": "6feada6f-659e-4cdb-abe0-1acb9766a408",
            "ticker": "KXHIGHCHI-25FEB06-T39",
            "count": 2,
            "created_time": "2025-02-06T17:45:47.94367Z",
            "yes_price": 52,
            "no_price": 48,
            "taker_side": "no"
        },
        {
            "trade_id": "5c6b00f7-9832-4941-accd-7dc1b6ea85da",
            "ticker": "KXHIGHCHI-25FEB06-T39",
            "count": 10,
            "created_time": "2025-02-06T17:40:55.099404Z",
            "yes_price": 56,
            "no_price": 44,
            "taker_side": "yes"
        },
        {
            "trade_id": "016144b1-c74b-4175-a036-a44fd1f2738b",
            "ticker": "KXHIGHCHI-25FEB06-T39",
            "count": 7,
            "created_time": "2025-02-06T17:34:27.075101Z",
            "yes_price": 55,
            "no_price": 45,
            "taker_side": "no"
        },
        {
            "trade_id": "98ed5ea7-872f-4bed-9a1e-a9a544bbd177",
            "ticker": "KXHIGHCHI-25FEB06-T39",
            "count": 10,
            "created_time": "2025-02-06T17:34:26.20545Z",
            "yes_price": 56,
            "no_price": 44,
            "taker_side": "no"
        },
        {
            "trade_id": "651ac765-4f55-4e50-b649-55c9ab150090",
            "ticker": "KXHIGHCHI-25FEB06-T39",
            "count": 20,
            "created_time": "2025-02-06T17:34:26.20545Z",
            "yes_price": 56,
            "no_price": 44,
            "taker_side": "no"
        },
        {
            "trade_id": "9630acc4-c810-4f7b-97cb-b8241053ffa1",
            "ticker": "KXHIGHCHI-25FEB06-T39",
            "count": 24,
            "created_time": "2025-02-06T17:31:43.497681Z",
            "yes_price": 53,
            "no_price": 47,
            "taker_side": "yes"
        },
        {
            "trade_id": "3c2ee2bf-e47c-4051-a417-c4224c3c3329",
            "ticker": "KXHIGHCHI-25FEB06-T39",
            "count": 3,
            "created_time": "2025-02-06T17:29:00.730649Z",
            "yes_price": 52,
            "no_price": 48,
            "taker_side": "yes"
        },
        {
            "trade_id": "50ce338f-606d-4993-97ab-26c9782802eb",
            "ticker": "KXHIGHCHI-25FEB06-T39",
            "count": 2,
            "created_time": "2025-02-06T17:28:57.580019Z",
            "yes_price": 52,
            "no_price": 48,
            "taker_side": "yes"
        },
        {
            "trade_id": "bb178e0c-6138-4ba6-9a11-edf3292b4d21",
            "ticker": "KXHIGHCHI-25FEB06-T39",
            "count": 1,
            "created_time": "2025-02-06T17:25:54.93567Z",
            "yes_price": 52,
            "no_price": 48,
            "taker_side": "yes"
        },
        {
            "trade_id": "828f7e9b-0d94-44cf-8762-e4092f3b1852",
            "ticker": "KXHIGHCHI-25FEB06-T39",
            "count": 20,
            "created_time": "2025-02-06T17:22:43.51645Z",
            "yes_price": 53,
            "no_price": 47,
            "taker_side": "yes"
        },
        {
            "trade_id": "31be4738-ba6f-4cc6-a79e-4104577095ec",
            "ticker": "KXHIGHCHI-25FEB06-T39",
            "count": 20,
            "created_time": "2025-02-06T17:22:43.51645Z",
            "yes_price": 45,
            "no_price": 55,
            "taker_side": "yes"
        },
        {
            "trade_id": "26ecd0a5-236e-45c3-9092-9237743c984a",
            "ticker": "KXHIGHCHI-25FEB06-T39",
            "count": 19,
            "created_time": "2025-02-06T17:22:43.51645Z",
            "yes_price": 75,
            "no_price": 25,
            "taker_side": "yes"
        },
        {
            "trade_id": "0ba62a19-f39f-469e-b59f-5794c02e8b6c",
            "ticker": "KXHIGHCHI-25FEB06-T39",
            "count": 1,
            "created_time": "2025-02-06T17:22:43.51645Z",
            "yes_price": 44,
            "no_price": 56,
            "taker_side": "yes"
        },
        {
            "trade_id": "06438a6c-a514-4591-bd88-364b628b3e14",
            "ticker": "KXHIGHCHI-25FEB06-T39",
            "count": 40,
            "created_time": "2025-02-06T17:22:43.51645Z",
            "yes_price": 54,
            "no_price": 46,
            "taker_side": "yes"
        },
        {
            "trade_id": "b57f9077-0730-4818-9482-91d712e9f2f1",
            "ticker": "KXHIGHCHI-25FEB06-T39",
            "count": 15,
            "created_time": "2025-02-06T17:16:47.150132Z",
            "yes_price": 47,
            "no_price": 53,
            "taker_side": "yes"
        },
        {
            "trade_id": "aa4e38e3-e840-4639-af59-7fd308587884",
            "ticker": "KXHIGHCHI-25FEB06-T39",
            "count": 3,
            "created_time": "2025-02-06T17:16:47.150132Z",
            "yes_price": 46,
            "no_price": 54,
            "taker_side": "yes"
        },
        {
            "trade_id": "3489ba64-e464-4733-b3a7-b0e2b2d01ef2",
            "ticker": "KXHIGHCHI-25FEB06-T39",
            "count": 3,
            "created_time": "2025-02-06T17:16:35.151554Z",
            "yes_price": 46,
            "no_price": 54,
            "taker_side": "yes"
        },
        {
            "trade_id": "606d053f-28ca-44d9-a454-3039010c6209",
            "ticker": "KXHIGHCHI-25FEB06-T39",
            "count": 3,
            "created_time": "2025-02-06T17:16:29.057065Z",
            "yes_price": 46,
            "no_price": 54,
            "taker_side": "yes"
        },
        {
            "trade_id": "4ec97ab5-f2f5-40e4-9e01-a9121eca2405",
            "ticker": "KXHIGHCHI-25FEB06-T39",
            "count": 10,
            "created_time": "2025-02-06T17:16:29.057065Z",
            "yes_price": 46,
            "no_price": 54,
            "taker_side": "yes"
        },
        {
            "trade_id": "e4558c60-afff-4667-9f4c-d50993ca3faa",
            "ticker": "KXHIGHCHI-25FEB06-T39",
            "count": 21,
            "created_time": "2025-02-06T17:16:14.629933Z",
            "yes_price": 47,
            "no_price": 53,
            "taker_side": "yes"
        },
        {
            "trade_id": "7347c666-ed96-4c6b-ab8f-0593b3b06e49",
            "ticker": "KXHIGHCHI-25FEB06-T39",
            "count": 19,
            "created_time": "2025-02-06T17:16:14.629933Z",
            "yes_price": 39,
            "no_price": 61,
            "taker_side": "yes"
        },
        {
            "trade_id": "c0b06a23-552e-4254-85d3-2d68aab4b60d",
            "ticker": "KXHIGHCHI-25FEB06-T39",
            "count": 50,
            "created_time": "2025-02-06T17:13:58.825638Z",
            "yes_price": 32,
            "no_price": 68,
            "taker_side": "yes"
        },
        {
            "trade_id": "af295ca6-d342-4ab4-a043-4ad527594ef3",
            "ticker": "KXHIGHCHI-25FEB06-T39",
            "count": 50,
            "created_time": "2025-02-06T17:13:58.825638Z",
            "yes_price": 82,
            "no_price": 18,
            "taker_side": "yes"
        },
        {
            "trade_id": "a9458a16-ca99-45d1-ba0a-6f902653d998",
            "ticker": "KXHIGHCHI-25FEB06-T39",
            "count": 10,
            "created_time": "2025-02-06T17:13:58.825638Z",
            "yes_price": 98,
            "no_price": 2,
            "taker_side": "yes"
        },
        {
            "trade_id": "9deb08ba-4226-4732-b6ef-d3e889eff0d4",
            "ticker": "KXHIGHCHI-25FEB06-T39",
            "count": 17,
            "created_time": "2025-02-06T17:13:58.825638Z",
            "yes_price": 92,
            "no_price": 8,
            "taker_side": "yes"
        },
        {
            "trade_id": "854f5cb3-7175-41dd-8ada-952d0cd59663",
            "ticker": "KXHIGHCHI-25FEB06-T39",
            "count": 3,
            "created_time": "2025-02-06T17:13:58.825638Z",
            "yes_price": 61,
            "no_price": 39,
            "taker_side": "yes"
        },
        {
            "trade_id": "776b3ad9-26e5-4612-9866-f5d26e0d911b",
            "ticker": "KXHIGHCHI-25FEB06-T39",
            "count": 4,
            "created_time": "2025-02-06T17:13:58.825638Z",
            "yes_price": 30,
            "no_price": 70,
            "taker_side": "yes"
        },
        {
            "trade_id": "6f614e40-bb30-4f7f-806b-61a8355061df",
            "ticker": "KXHIGHCHI-25FEB06-T39",
            "count": 100,
            "created_time": "2025-02-06T17:13:58.825638Z",
            "yes_price": 97,
            "no_price": 3,
            "taker_side": "yes"
        },
        {
            "trade_id": "69e3e032-e9e9-4506-ad64-1349192da1c6",
            "ticker": "KXHIGHCHI-25FEB06-T39",
            "count": 50,
            "created_time": "2025-02-06T17:13:58.825638Z",
            "yes_price": 96,
            "no_price": 4,
            "taker_side": "yes"
        },
        {
            "trade_id": "4a054587-fb75-4009-a365-039c314f229c",
            "ticker": "KXHIGHCHI-25FEB06-T39",
            "count": 30,
            "created_time": "2025-02-06T17:13:58.825638Z",
            "yes_price": 32,
            "no_price": 68,
            "taker_side": "yes"
        },
        {
            "trade_id": "04dbc8bd-4d06-4c9c-98e5-694d2ed14c9c",
            "ticker": "KXHIGHCHI-25FEB06-T39",
            "count": 22,
            "created_time": "2025-02-06T17:13:58.825638Z",
            "yes_price": 31,
            "no_price": 69,
            "taker_side": "yes"
        },
        {
            "trade_id": "d1dbc737-80e9-4b9b-a301-195f1ae01868",
            "ticker": "KXHIGHCHI-25FEB06-T39",
            "count": 43,
            "created_time": "2025-02-06T17:13:14.494166Z",
            "yes_price": 27,
            "no_price": 73,
            "taker_side": "yes"
        },
        {
            "trade_id": "8f348725-0b10-41d5-9467-cc810b80a6f3",
            "ticker": "KXHIGHCHI-25FEB06-T39",
            "count": 50,
            "created_time": "2025-02-06T17:13:14.494166Z",
            "yes_price": 27,
            "no_price": 73,
            "taker_side": "yes"
        },
        {
            "trade_id": "8c5f2bce-f6d7-4b9a-a320-04cf4abe5d64",
            "ticker": "KXHIGHCHI-25FEB06-T39",
            "count": 9,
            "created_time": "2025-02-06T17:13:14.494166Z",
            "yes_price": 31,
            "no_price": 69,
            "taker_side": "yes"
        },
        {
            "trade_id": "3631fdc6-acda-41ff-996f-5939934d10fb",
            "ticker": "KXHIGHCHI-25FEB06-T39",
            "count": 1,
            "created_time": "2025-02-06T17:13:14.494166Z",
            "yes_price": 26,
            "no_price": 74,
            "taker_side": "yes"
        },
        {
            "trade_id": "1c118398-0a66-46c1-92af-cf1f7cfa8a1f",
            "ticker": "KXHIGHCHI-25FEB06-T39",
            "count": 1,
            "created_time": "2025-02-06T17:13:14.494166Z",
            "yes_price": 26,
            "no_price": 74,
            "taker_side": "yes"
        },
        {
            "trade_id": "5186f244-d722-419a-b861-8b56f7a11489",
            "ticker": "KXHIGHCHI-25FEB06-T39",
            "count": 13,
            "created_time": "2025-02-06T17:13:04.658715Z",
            "yes_price": 21,
            "no_price": 79,
            "taker_side": "yes"
        },
        {
            "trade_id": "c34803d2-4087-4f5a-acc2-e45ce5f45f17",
            "ticker": "KXHIGHCHI-25FEB06-T39",
            "count": 12,
            "created_time": "2025-02-06T16:56:47.31031Z",
            "yes_price": 19,
            "no_price": 81,
            "taker_side": "yes"
        },
        {
            "trade_id": "08a2ec66-c1f8-494b-aa61-1da0d6c3498f",
            "ticker": "KXHIGHCHI-25FEB06-T39",
            "count": 5,
            "created_time": "2025-02-06T16:56:47.31031Z",
            "yes_price": 19,
            "no_price": 81,
            "taker_side": "yes"
        },
        {
            "trade_id": "d1c719a7-d57d-4d04-9a26-5a2b1e7c75ba",
            "ticker": "KXHIGHCHI-25FEB06-T39",
            "count": 12,
            "created_time": "2025-02-06T16:48:05.407365Z",
            "yes_price": 16,
            "no_price": 84,
            "taker_side": "yes"
        },
        {
            "trade_id": "3b7247a1-a942-406b-9d3a-70063d37d282",
            "ticker": "KXHIGHCHI-25FEB06-T39",
            "count": 18,
            "created_time": "2025-02-06T16:48:05.407365Z",
            "yes_price": 26,
            "no_price": 74,
            "taker_side": "yes"
        },
        {
            "trade_id": "e3af4f10-5f1b-4e7f-8e6a-ae49e99cc033",
            "ticker": "KXHIGHCHI-25FEB06-T39",
            "count": 58,
            "created_time": "2025-02-06T16:40:13.908153Z",
            "yes_price": 13,
            "no_price": 87,
            "taker_side": "no"
        },
        {
            "trade_id": "d8378090-3232-4c8b-9e07-a6a9757fe26e",
            "ticker": "KXHIGHCHI-25FEB06-T39",
            "count": 24,
            "created_time": "2025-02-06T16:40:13.908153Z",
            "yes_price": 2,
            "no_price": 98,
            "taker_side": "no"
        },
        {
            "trade_id": "cee4f226-6a2a-4140-bfba-ae049092b409",
            "ticker": "KXHIGHCHI-25FEB06-T39",
            "count": 8,
            "created_time": "2025-02-06T16:40:13.908153Z",
            "yes_price": 14,
            "no_price": 86,
            "taker_side": "no"
        },
        {
            "trade_id": "8c829e2e-309b-4602-8488-4771abd18ba3",
            "ticker": "KXHIGHCHI-25FEB06-T39",
            "count": 50,
            "created_time": "2025-02-06T16:40:13.908153Z",
            "yes_price": 2,
            "no_price": 98,
            "taker_side": "no"
        },
        {
            "trade_id": "8875527b-8c34-451b-a8c1-6d6c727d291a",
            "ticker": "KXHIGHCHI-25FEB06-T39",
            "count": 50,
            "created_time": "2025-02-06T16:40:13.908153Z",
            "yes_price": 11,
            "no_price": 89,
            "taker_side": "no"
        },
        {
            "trade_id": "7b9ac99b-0755-4c04-928a-cd48956b3850",
            "ticker": "KXHIGHCHI-25FEB06-T39",
            "count": 8,
            "created_time": "2025-02-06T16:40:13.908153Z",
            "yes_price": 1,
            "no_price": 99,
            "taker_side": "no"
        },
        {
            "trade_id": "78c7aba1-9e5a-4e5f-84c9-f38ba92d0c8c",
            "ticker": "KXHIGHCHI-25FEB06-T39",
            "count": 200,
            "created_time": "2025-02-06T16:40:13.908153Z",
            "yes_price": 2,
            "no_price": 98,
            "taker_side": "no"
        },
        {
            "trade_id": "50467cf3-c18e-43ca-b60d-ab8d79c29248",
            "ticker": "KXHIGHCHI-25FEB06-T39",
            "count": 100,
            "created_time": "2025-02-06T16:40:13.908153Z",
            "yes_price": 8,
            "no_price": 92,
            "taker_side": "no"
        },
        {
            "trade_id": "8c14ca24-57ee-413f-9690-e16a80a18791",
            "ticker": "KXHIGHCHI-25FEB06-T39",
            "count": 14,
            "created_time": "2025-02-06T16:32:30.818825Z",
            "yes_price": 21,
            "no_price": 79,
            "taker_side": "yes"
        },
        {
            "trade_id": "026403f8-970e-453c-aa58-5fe5fd51978f",
            "ticker": "KXHIGHCHI-25FEB06-T39",
            "count": 13,
            "created_time": "2025-02-06T16:32:30.818825Z",
            "yes_price": 21,
            "no_price": 79,
            "taker_side": "yes"
        },
        {
            "trade_id": "7a047172-e389-4097-b5cd-477a03dc926a",
            "ticker": "KXHIGHCHI-25FEB06-T39",
            "count": 12,
            "created_time": "2025-02-06T16:26:09.225016Z",
            "yes_price": 19,
            "no_price": 81,
            "taker_side": "yes"
        },
        {
            "trade_id": "4c713ba3-09cc-412c-9d44-6f968117e40f",
            "ticker": "KXHIGHCHI-25FEB06-T39",
            "count": 4,
            "created_time": "2025-02-06T16:26:09.225016Z",
            "yes_price": 19,
            "no_price": 81,
            "taker_side": "yes"
        },
        {
            "trade_id": "96e61756-2343-42d7-992f-54434cff00c7",
            "ticker": "KXHIGHCHI-25FEB06-T39",
            "count": 12,
            "created_time": "2025-02-06T16:25:38.045219Z",
            "yes_price": 18,
            "no_price": 82,
            "taker_side": "yes"
        },
        {
            "trade_id": "3ae0fb3a-2a3c-4557-8002-e864962b79f5",
            "ticker": "KXHIGHCHI-25FEB06-T39",
            "count": 3,
            "created_time": "2025-02-06T16:25:38.045219Z",
            "yes_price": 18,
            "no_price": 82,
            "taker_side": "yes"
        },
        {
            "trade_id": "6ac42731-1794-4ba4-9b87-423aebac0af6",
            "ticker": "KXHIGHCHI-25FEB06-T39",
            "count": 12,
            "created_time": "2025-02-06T16:15:02.864845Z",
            "yes_price": 16,
            "no_price": 84,
            "taker_side": "yes"
        },
        {
            "trade_id": "f85607d5-6afe-41e5-a2d2-b33bbac4e71e",
            "ticker": "KXHIGHCHI-25FEB06-T39",
            "count": 9,
            "created_time": "2025-02-06T16:09:54.268406Z",
            "yes_price": 15,
            "no_price": 85,
            "taker_side": "yes"
        },
        {
            "trade_id": "4c8cb6e2-5533-4b8f-8903-894dd83aae8b",
            "ticker": "KXHIGHCHI-25FEB06-T39",
            "count": 12,
            "created_time": "2025-02-06T16:09:54.268406Z",
            "yes_price": 15,
            "no_price": 85,
            "taker_side": "yes"
        },
        {
            "trade_id": "d9db6a2a-9573-418e-9071-b39ef3ff97f8",
            "ticker": "KXHIGHCHI-25FEB06-T39",
            "count": 21,
            "created_time": "2025-02-06T15:39:02.527517Z",
            "yes_price": 12,
            "no_price": 88,
            "taker_side": "yes"
        },
        {
            "trade_id": "ac6266ec-bf26-4f94-90bd-d9fd36b2f46c",
            "ticker": "KXHIGHCHI-25FEB06-T39",
            "count": 24,
            "created_time": "2025-02-06T15:39:02.527517Z",
            "yes_price": 18,
            "no_price": 82,
            "taker_side": "yes"
        },
        {
            "trade_id": "56b4d582-7f16-4556-9549-b6b33cec5026",
            "ticker": "KXHIGHCHI-25FEB06-T39",
            "count": 12,
            "created_time": "2025-02-06T15:39:02.527517Z",
            "yes_price": 13,
            "no_price": 87,
            "taker_side": "yes"
        },
        {
            "trade_id": "42ec94f3-e226-476d-9024-eae94e9888c6",
            "ticker": "KXHIGHCHI-25FEB06-T39",
            "count": 4,
            "created_time": "2025-02-06T15:39:02.527517Z",
            "yes_price": 23,
            "no_price": 77,
            "taker_side": "yes"
        },
        {
            "trade_id": "af841208-9386-40c8-9f1c-c0e07a669c88",
            "ticker": "KXHIGHCHI-25FEB06-T39",
            "count": 12,
            "created_time": "2025-02-06T15:35:18.452384Z",
            "yes_price": 11,
            "no_price": 89,
            "taker_side": "yes"
        },
        {
            "trade_id": "5937b471-5133-4a7e-90d3-fd7dd64c5c06",
            "ticker": "KXHIGHCHI-25FEB06-T39",
            "count": 20,
            "created_time": "2025-02-06T15:35:18.452384Z",
            "yes_price": 10,
            "no_price": 90,
            "taker_side": "yes"
        },
        {
            "trade_id": "18e757ff-9a27-4b2b-935e-6e7417223b65",
            "ticker": "KXHIGHCHI-25FEB06-T39",
            "count": 9,
            "created_time": "2025-02-06T15:08:53.16497Z",
            "yes_price": 10,
            "no_price": 90,
            "taker_side": "yes"
        },
        {
            "trade_id": "3f953d72-0cec-4403-b2b1-8884d4e328c8",
            "ticker": "KXHIGHCHI-25FEB06-T39",
            "count": 140,
            "created_time": "2025-02-06T14:58:30.097938Z",
            "yes_price": 4,
            "no_price": 96,
            "taker_side": "no"
        },
        {
            "trade_id": "e6eb9c0f-717a-480c-b4a2-59d4cfc5f308",
            "ticker": "KXHIGHCHI-25FEB06-T39",
            "count": 73,
            "created_time": "2025-02-06T14:43:17.531499Z",
            "yes_price": 8,
            "no_price": 92,
            "taker_side": "yes"
        },
        {
            "trade_id": "c45a0d7d-4f3a-4de7-8a23-a0b2afa9479b",
            "ticker": "KXHIGHCHI-25FEB06-T39",
            "count": 240,
            "created_time": "2025-02-06T14:43:17.531499Z",
            "yes_price": 10,
            "no_price": 90,
            "taker_side": "yes"
        },
        {
            "trade_id": "c3f68b23-f550-4c86-9d50-4f6cd35d441e",
            "ticker": "KXHIGHCHI-25FEB06-T39",
            "count": 192,
            "created_time": "2025-02-06T14:43:17.531499Z",
            "yes_price": 8,
            "no_price": 92,
            "taker_side": "yes"
        },
        {
            "trade_id": "bf4c5a4c-a2fe-44d6-b7d0-aa64b8e827b4",
            "ticker": "KXHIGHCHI-25FEB06-T39",
            "count": 5,
            "created_time": "2025-02-06T14:43:17.531499Z",
            "yes_price": 8,
            "no_price": 92,
            "taker_side": "yes"
        },
        {
            "trade_id": "45590385-83bc-47b4-a58f-0f1fbf94bd28",
            "ticker": "KXHIGHCHI-25FEB06-T39",
            "count": 13,
            "created_time": "2025-02-06T14:43:17.531499Z",
            "yes_price": 7,
            "no_price": 93,
            "taker_side": "yes"
        },
        {
            "trade_id": "f476dcde-ac38-4c6a-970b-a7e97895f3b8",
            "ticker": "KXHIGHCHI-25FEB06-T39",
            "count": 58,
            "created_time": "2025-02-06T13:26:57.980102Z",
            "yes_price": 8,
            "no_price": 92,
            "taker_side": "yes"
        },
        {
            "trade_id": "8e74907f-5953-4833-8305-d165449dfc2f",
            "ticker": "KXHIGHCHI-25FEB06-T39",
            "count": 28,
            "created_time": "2025-02-06T07:53:11.634091Z",
            "yes_price": 9,
            "no_price": 91,
            "taker_side": "yes"
        },
        {
            "trade_id": "fe38e7e2-b1f2-483b-9238-b28fbe4c02df",
            "ticker": "KXHIGHCHI-25FEB06-T39",
            "count": 12,
            "created_time": "2025-02-06T07:24:44.598849Z",
            "yes_price": 10,
            "no_price": 90,
            "taker_side": "yes"
        },
        {
            "trade_id": "e99bdb6d-f990-4ba8-b19b-620bd5b55b2f",
            "ticker": "KXHIGHCHI-25FEB06-T39",
            "count": 76,
            "created_time": "2025-02-06T07:24:44.598849Z",
            "yes_price": 10,
            "no_price": 90,
            "taker_side": "yes"
        },
        {
            "trade_id": "deeea3db-2a10-4482-a88d-b7b158782f86",
            "ticker": "KXHIGHCHI-25FEB06-T39",
            "count": 3,
            "created_time": "2025-02-06T07:24:44.598849Z",
            "yes_price": 10,
            "no_price": 90,
            "taker_side": "yes"
        },
        {
            "trade_id": "a607bad0-67cf-4cef-92e7-28ab0a7535cc",
            "ticker": "KXHIGHCHI-25FEB06-T39",
            "count": 2,
            "created_time": "2025-02-06T07:24:44.598849Z",
            "yes_price": 10,
            "no_price": 90,
            "taker_side": "yes"
        },
        {
            "trade_id": "7cb24f4b-3d2a-46a4-ba99-82a8e48c04c4",
            "ticker": "KXHIGHCHI-25FEB06-T39",
            "count": 118,
            "created_time": "2025-02-06T06:41:53.084878Z",
            "yes_price": 8,
            "no_price": 92,
            "taker_side": "no"
        },
        {
            "trade_id": "48c28f71-b597-4dd9-8828-bc72577ccb14",
            "ticker": "KXHIGHCHI-25FEB06-T39",
            "count": 66,
            "created_time": "2025-02-06T06:41:18.101966Z",
            "yes_price": 9,
            "no_price": 91,
            "taker_side": "no"
        },
        {
            "trade_id": "c371f46b-7263-4936-a913-3be6fdb50b59",
            "ticker": "KXHIGHCHI-25FEB06-T39",
            "count": 161,
            "created_time": "2025-02-06T04:58:01.36551Z",
            "yes_price": 7,
            "no_price": 93,
            "taker_side": "no"
        },
        {
            "trade_id": "63cef928-f3ac-41bc-9e45-36e5df8d86f4",
            "ticker": "KXHIGHCHI-25FEB06-T39",
            "count": 76,
            "created_time": "2025-02-06T04:58:01.36551Z",
            "yes_price": 7,
            "no_price": 93,
            "taker_side": "no"
        },
        {
            "trade_id": "3ee1a432-8f0f-4176-8ae6-612574178567",
            "ticker": "KXHIGHCHI-25FEB06-T39",
            "count": 100,
            "created_time": "2025-02-06T04:58:01.36551Z",
            "yes_price": 7,
            "no_price": 93,
            "taker_side": "no"
        },
        {
            "trade_id": "1345ef66-d75c-487f-af3d-47b0893f1669",
            "ticker": "KXHIGHCHI-25FEB06-T39",
            "count": 240,
            "created_time": "2025-02-06T04:58:01.36551Z",
            "yes_price": 5,
            "no_price": 95,
            "taker_side": "no"
        },
        {
            "trade_id": "ee77374a-d072-4898-a534-c2d8f10191d3",
            "ticker": "KXHIGHCHI-25FEB06-T39",
            "count": 1,
            "created_time": "2025-02-06T04:42:23.719099Z",
            "yes_price": 14,
            "no_price": 86,
            "taker_side": "yes"
        },
        {
            "trade_id": "56265996-a593-4cad-b7b5-f8d56beeae91",
            "ticker": "KXHIGHCHI-25FEB06-T39",
            "count": 1,
            "created_time": "2025-02-06T04:20:31.098899Z",
            "yes_price": 8,
            "no_price": 92,
            "taker_side": "no"
        },
        {
            "trade_id": "efb3363c-ff32-4666-acc5-9526db051d7c",
            "ticker": "KXHIGHCHI-25FEB06-T39",
            "count": 14,
            "created_time": "2025-02-06T04:10:36.275597Z",
            "yes_price": 13,
            "no_price": 87,
            "taker_side": "yes"
        },
        {
            "trade_id": "db23c804-252c-4fa4-b253-7997f8f16e9b",
            "ticker": "KXHIGHCHI-25FEB06-T39",
            "count": 10,
            "created_time": "2025-02-06T04:10:36.275597Z",
            "yes_price": 13,
            "no_price": 87,
            "taker_side": "yes"
        },
        {
            "trade_id": "82df4496-f94d-41d4-a856-71fcbfe02a18",
            "ticker": "KXHIGHCHI-25FEB06-T39",
            "count": 42,
            "created_time": "2025-02-06T04:10:36.275597Z",
            "yes_price": 13,
            "no_price": 87,
            "taker_side": "yes"
        },
        {
            "trade_id": "73fda298-a53a-49cf-a804-89796522c585",
            "ticker": "KXHIGHCHI-25FEB06-T39",
            "count": 12,
            "created_time": "2025-02-06T04:10:36.275597Z",
            "yes_price": 15,
            "no_price": 85,
            "taker_side": "yes"
        },
        {
            "trade_id": "1e187afc-47d4-440b-8fad-5e3b0a12ef5b",
            "ticker": "KXHIGHCHI-25FEB06-T39",
            "count": 32,
            "created_time": "2025-02-06T04:10:36.275597Z",
            "yes_price": 10,
            "no_price": 90,
            "taker_side": "yes"
        },
        {
            "trade_id": "001ba5cc-b87a-4008-bcd6-5857bb0dda7f",
            "ticker": "KXHIGHCHI-25FEB06-T39",
            "count": 3,
            "created_time": "2025-02-06T04:10:36.275597Z",
            "yes_price": 13,
            "no_price": 87,
            "taker_side": "yes"
        },
        {
            "trade_id": "ba21a7c8-0a34-43f8-8f89-3330ff114a23",
            "ticker": "KXHIGHCHI-25FEB06-T39",
            "count": 18,
            "created_time": "2025-02-06T04:09:01.538416Z",
