{
    "KXHIGHCHI-25MAR19-T63": [
        {
            "trade_id": "0b2eee3a-4ade-492a-b337-d2b3606c8b70",
            "ticker": "KXHIGHCHI-25MAR19-T63",
            "count": 7,
            "created_time": "2025-03-19T22:43:10.039565Z",
            "yes_price": 99,
            "no_price": 1,
            "taker_side": "no"
        },
        {
            "trade_id": "b0b03b56-9586-438a-aef7-c54577c9f0d6",
            "ticker": "KXHIGHCHI-25MAR19-T63",
            "count": 3,
            "created_time": "2025-03-19T21:10:42.883424Z",
            "yes_price": 98,
            "no_price": 2,
            "taker_side": "no"
        },
        {
            "trade_id": "ca1bddb4-d345-41cd-8804-a56f52432a3d",
            "ticker": "KXHIGHCHI-25MAR19-T63",
            "count": 50,
            "created_time": "2025-03-19T20:52:41.294793Z",
            "yes_price": 98,
            "no_price": 2,
            "taker_side": "no"
        },
        {
            "trade_id": "7756225f-425d-43c8-abed-368158071764",
            "ticker": "KXHIGHCHI-25MAR19-T63",
            "count": 193,
            "created_time": "2025-03-19T20:51:25.913135Z",
            "yes_price": 99,
            "no_price": 1,
            "taker_side": "yes"
        },
        {
            "trade_id": "fcdbfdc9-4794-4a86-b953-043872dcba1a",
            "ticker": "KXHIGHCHI-25MAR19-T63",
            "count": 43,
            "created_time": "2025-03-19T20:50:09.418964Z",
            "yes_price": 99,
            "no_price": 1,
            "taker_side": "yes"
        },
        {
            "trade_id": "10f0893a-c051-4f3d-8b1d-1d927b9674ed",
            "ticker": "KXHIGHCHI-25MAR19-T63",
            "count": 157,
            "created_time": "2025-03-19T20:50:09.418964Z",
            "yes_price": 99,
            "no_price": 1,
            "taker_side": "yes"
        },
        {
            "trade_id": "be862812-f1ac-4005-93eb-594cd3c520f5",
            "ticker": "KXHIGHCHI-25MAR19-T63",
            "count": 157,
            "created_time": "2025-03-19T20:44:38.538728Z",
            "yes_price": 98,
            "no_price": 2,
            "taker_side": "no"
        },
        {
            "trade_id": "5199056a-2232-47e1-b150-50c0d8eadad3",
            "ticker": "KXHIGHCHI-25MAR19-T63",
            "count": 135,
            "created_time": "2025-03-19T20:41:37.852425Z",
            "yes_price": 98,
            "no_price": 2,
            "taker_side": "no"
        },
        {
            "trade_id": "4faa203e-3590-4683-843a-d7c1e78f4ae8",
            "ticker": "KXHIGHCHI-25MAR19-T63",
            "count": 438,
            "created_time": "2025-03-19T20:31:51.988139Z",
            "yes_price": 97,
            "no_price": 3,
            "taker_side": "no"
        },
        {
            "trade_id": "dc0acbde-5266-4d67-ad60-7d901c37f065",
            "ticker": "KXHIGHCHI-25MAR19-T63",
            "count": 167,
            "created_time": "2025-03-19T20:17:41.477236Z",
            "yes_price": 99,
            "no_price": 1,
            "taker_side": "yes"
        },
        {
            "trade_id": "57552fc3-508b-42ec-8fcd-23b0fce77e77",
            "ticker": "KXHIGHCHI-25MAR19-T63",
            "count": 25,
            "created_time": "2025-03-19T19:54:50.306185Z",
            "yes_price": 96,
            "no_price": 4,
            "taker_side": "no"
        },
        {
            "trade_id": "aea04b10-d057-4d12-a551-11372a89fe6c",
            "ticker": "KXHIGHCHI-25MAR19-T63",
            "count": 81,
            "created_time": "2025-03-19T19:47:09.043305Z",
            "yes_price": 98,
            "no_price": 2,
            "taker_side": "no"
        },
        {
            "trade_id": "51d6d4bb-5fee-4d6e-a0c7-f781c827a9d5",
            "ticker": "KXHIGHCHI-25MAR19-T63",
            "count": 89,
            "created_time": "2025-03-19T19:47:09.043305Z",
            "yes_price": 96,
            "no_price": 4,
            "taker_side": "no"
        },
        {
            "trade_id": "c203cd72-1196-42d1-8c79-c5a4befa0b01",
            "ticker": "KXHIGHCHI-25MAR19-T63",
            "count": 19,
            "created_time": "2025-03-19T19:39:18.509634Z",
            "yes_price": 98,
            "no_price": 2,
            "taker_side": "yes"
        },
        {
            "trade_id": "f873ae12-af34-40d6-b244-127726ca9419",
            "ticker": "KXHIGHCHI-25MAR19-T63",
            "count": 177,
            "created_time": "2025-03-19T19:31:36.848289Z",
            "yes_price": 97,
            "no_price": 3,
            "taker_side": "no"
        },
        {
            "trade_id": "f7df4d73-5780-4884-8626-e136a3012386",
            "ticker": "KXHIGHCHI-25MAR19-T63",
            "count": 19,
            "created_time": "2025-03-19T19:31:36.848289Z",
            "yes_price": 93,
            "no_price": 7,
            "taker_side": "no"
        },
        {
            "trade_id": "c7e0b2ff-8b8b-4132-8448-70e1107a84f7",
            "ticker": "KXHIGHCHI-25MAR19-T63",
            "count": 223,
            "created_time": "2025-03-19T19:31:36.848289Z",
            "yes_price": 92,
            "no_price": 8,
            "taker_side": "no"
        },
        {
            "trade_id": "c0a57808-4d61-45e2-8ff0-2b09429738fd",
            "ticker": "KXHIGHCHI-25MAR19-T63",
            "count": 190,
            "created_time": "2025-03-19T19:31:36.848289Z",
            "yes_price": 98,
            "no_price": 2,
            "taker_side": "no"
        },
        {
            "trade_id": "490d2ebf-f9a9-462f-a8cc-e58063583041",
            "ticker": "KXHIGHCHI-25MAR19-T63",
            "count": 43,
            "created_time": "2025-03-19T19:31:36.848289Z",
            "yes_price": 95,
            "no_price": 5,
            "taker_side": "no"
        },
        {
            "trade_id": "1f308c40-39c1-4ae9-a4ab-550e2bc621ee",
            "ticker": "KXHIGHCHI-25MAR19-T63",
            "count": 500,
            "created_time": "2025-03-19T19:31:36.848289Z",
            "yes_price": 97,
            "no_price": 3,
            "taker_side": "no"
        },
        {
            "trade_id": "15386c82-860a-4e40-9a29-2c478ab68249",
            "ticker": "KXHIGHCHI-25MAR19-T63",
            "count": 140,
            "created_time": "2025-03-19T19:16:07.370172Z",
            "yes_price": 98,
            "no_price": 2,
            "taker_side": "no"
        },
        {
            "trade_id": "fb2dac5b-15f5-4625-956a-28049758e76c",
            "ticker": "KXHIGHCHI-25MAR19-T63",
            "count": 33,
            "created_time": "2025-03-19T19:11:15.627548Z",
            "yes_price": 98,
            "no_price": 2,
            "taker_side": "no"
        },
        {
            "trade_id": "e9d46a46-252c-4dc4-8194-d1b483793981",
            "ticker": "KXHIGHCHI-25MAR19-T63",
            "count": 541,
            "created_time": "2025-03-19T19:08:54.838234Z",
            "yes_price": 98,
            "no_price": 2,
            "taker_side": "yes"
        },
        {
            "trade_id": "2661f310-9fc4-411d-b036-09e9c227da50",
            "ticker": "KXHIGHCHI-25MAR19-T63",
            "count": 14,
            "created_time": "2025-03-19T19:08:54.838234Z",
            "yes_price": 98,
            "no_price": 2,
            "taker_side": "yes"
        },
        {
            "trade_id": "09c7b543-aeb5-42ea-a2a5-d0c2715e9f23",
            "ticker": "KXHIGHCHI-25MAR19-T63",
            "count": 22,
            "created_time": "2025-03-19T19:08:54.838234Z",
            "yes_price": 98,
            "no_price": 2,
            "taker_side": "yes"
        },
        {
            "trade_id": "ea09aa0b-b3da-4376-b926-1914a9f5569c",
            "ticker": "KXHIGHCHI-25MAR19-T63",
            "count": 117,
            "created_time": "2025-03-19T19:04:53.829534Z",
            "yes_price": 97,
            "no_price": 3,
            "taker_side": "no"
        },
        {
            "trade_id": "abf459ae-2a15-43fe-9bf7-f1a4f6fac2f1",
            "ticker": "KXHIGHCHI-25MAR19-T63",
            "count": 6,
            "created_time": "2025-03-19T19:00:14.774244Z",
            "yes_price": 97,
            "no_price": 3,
            "taker_side": "yes"
        },
        {
            "trade_id": "8ca13dab-7d53-414c-b274-458516fecd98",
            "ticker": "KXHIGHCHI-25MAR19-T63",
            "count": 51,
            "created_time": "2025-03-19T18:58:08.727198Z",
            "yes_price": 95,
            "no_price": 5,
            "taker_side": "no"
        },
        {
            "trade_id": "aa35b37d-a423-4990-b541-35d9f04b1e01",
            "ticker": "KXHIGHCHI-25MAR19-T63",
            "count": 20,
            "created_time": "2025-03-19T18:57:17.513824Z",
            "yes_price": 96,
            "no_price": 4,
            "taker_side": "no"
        },
        {
            "trade_id": "649eccdf-735e-45a9-a513-ee6965a142ca",
            "ticker": "KXHIGHCHI-25MAR19-T63",
            "count": 45,
            "created_time": "2025-03-19T18:57:17.513824Z",
            "yes_price": 96,
            "no_price": 4,
            "taker_side": "no"
        },
        {
            "trade_id": "d4609791-2d72-45c0-bd23-3f2a7f99aa48",
            "ticker": "KXHIGHCHI-25MAR19-T63",
            "count": 6,
            "created_time": "2025-03-19T18:50:51.166844Z",
            "yes_price": 97,
            "no_price": 3,
            "taker_side": "yes"
        },
        {
            "trade_id": "3a9dd49a-6df2-4b0f-9350-fa0f43a3b929",
            "ticker": "KXHIGHCHI-25MAR19-T63",
            "count": 79,
            "created_time": "2025-03-19T18:50:51.166844Z",
            "yes_price": 98,
            "no_price": 2,
            "taker_side": "yes"
        },
        {
            "trade_id": "47a6923f-fa4a-4c39-8ca2-7c9c2ac86bee",
            "ticker": "KXHIGHCHI-25MAR19-T63",
            "count": 94,
            "created_time": "2025-03-19T18:42:58.307429Z",
            "yes_price": 98,
            "no_price": 2,
            "taker_side": "yes"
        },
        {
            "trade_id": "8779e5f8-558a-464c-a930-bf70632ee583",
            "ticker": "KXHIGHCHI-25MAR19-T63",
            "count": 100,
            "created_time": "2025-03-19T18:42:44.290657Z",
            "yes_price": 98,
            "no_price": 2,
            "taker_side": "yes"
        },
        {
            "trade_id": "60a2be98-62f6-4457-814a-96e1ed756db6",
            "ticker": "KXHIGHCHI-25MAR19-T63",
            "count": 100,
            "created_time": "2025-03-19T18:42:36.020793Z",
            "yes_price": 98,
            "no_price": 2,
            "taker_side": "yes"
        },
        {
            "trade_id": "e07b9af1-b92e-439b-9c28-11e2718263bc",
            "ticker": "KXHIGHCHI-25MAR19-T63",
            "count": 14,
            "created_time": "2025-03-19T18:42:28.370637Z",
            "yes_price": 98,
            "no_price": 2,
            "taker_side": "yes"
        },
        {
            "trade_id": "1e4687c2-7255-4718-8525-7cba12cb8c8d",
            "ticker": "KXHIGHCHI-25MAR19-T63",
            "count": 86,
            "created_time": "2025-03-19T18:42:28.370637Z",
            "yes_price": 98,
            "no_price": 2,
            "taker_side": "yes"
        },
        {
            "trade_id": "af96c093-bd1f-414d-9d94-507d5d110a60",
            "ticker": "KXHIGHCHI-25MAR19-T63",
            "count": 100,
            "created_time": "2025-03-19T18:42:19.604402Z",
            "yes_price": 98,
            "no_price": 2,
            "taker_side": "yes"
        },
        {
            "trade_id": "5e8017c6-3f1b-475d-afd8-519e96465f16",
            "ticker": "KXHIGHCHI-25MAR19-T63",
            "count": 6,
            "created_time": "2025-03-19T18:42:10.228939Z",
            "yes_price": 97,
            "no_price": 3,
            "taker_side": "yes"
        },
        {
            "trade_id": "eea7bb74-f3ca-4511-ae92-b67fd978b2e0",
            "ticker": "KXHIGHCHI-25MAR19-T63",
            "count": 6,
            "created_time": "2025-03-19T18:35:41.726647Z",
            "yes_price": 97,
            "no_price": 3,
            "taker_side": "yes"
        },
        {
            "trade_id": "c482ed5c-20c3-4231-8b76-98562cc38b9b",
            "ticker": "KXHIGHCHI-25MAR19-T63",
            "count": 6,
            "created_time": "2025-03-19T18:34:10.245801Z",
            "yes_price": 97,
            "no_price": 3,
            "taker_side": "yes"
        },
        {
            "trade_id": "cd731149-5927-4214-871d-9a60f4746a7d",
            "ticker": "KXHIGHCHI-25MAR19-T63",
            "count": 24,
            "created_time": "2025-03-19T18:28:26.717474Z",
            "yes_price": 97,
            "no_price": 3,
            "taker_side": "yes"
        },
        {
            "trade_id": "6161f792-937a-47a0-9446-ccf0620d40dc",
            "ticker": "KXHIGHCHI-25MAR19-T63",
            "count": 6,
            "created_time": "2025-03-19T18:28:26.717474Z",
            "yes_price": 97,
            "no_price": 3,
            "taker_side": "yes"
        },
        {
            "trade_id": "fbea92cd-b1eb-46d0-8ae3-80a3dbf7fa08",
            "ticker": "KXHIGHCHI-25MAR19-T63",
            "count": 4,
            "created_time": "2025-03-19T18:21:36.750077Z",
            "yes_price": 96,
            "no_price": 4,
            "taker_side": "no"
        },
        {
            "trade_id": "8e251ef6-cde4-4cbd-bd7b-058fd9896973",
            "ticker": "KXHIGHCHI-25MAR19-T63",
            "count": 269,
            "created_time": "2025-03-19T18:19:37.06386Z",
            "yes_price": 97,
            "no_price": 3,
            "taker_side": "no"
        },
        {
            "trade_id": "13bf9637-61c1-49b1-bcc4-82c45fa1acbe",
            "ticker": "KXHIGHCHI-25MAR19-T63",
            "count": 2,
            "created_time": "2025-03-19T18:17:23.782535Z",
            "yes_price": 98,
            "no_price": 2,
            "taker_side": "yes"
        },
        {
            "trade_id": "c809678d-68b5-44f7-9f1c-15e5dfee77c5",
            "ticker": "KXHIGHCHI-25MAR19-T63",
            "count": 24,
            "created_time": "2025-03-19T18:17:04.909615Z",
            "yes_price": 97,
            "no_price": 3,
            "taker_side": "yes"
        },
        {
            "trade_id": "9718bca0-204d-400b-99db-d32e7a85c0d1",
            "ticker": "KXHIGHCHI-25MAR19-T63",
            "count": 7,
            "created_time": "2025-03-19T18:17:04.909615Z",
            "yes_price": 97,
            "no_price": 3,
            "taker_side": "yes"
        },
        {
            "trade_id": "99a70dd7-38a3-4abb-88d4-4189c49280e5",
            "ticker": "KXHIGHCHI-25MAR19-T63",
            "count": 384,
            "created_time": "2025-03-19T18:12:17.780218Z",
            "yes_price": 98,
            "no_price": 2,
            "taker_side": "yes"
        },
        {
            "trade_id": "99108869-e3b2-4b15-b248-3955612f26be",
            "ticker": "KXHIGHCHI-25MAR19-T63",
            "count": 26,
            "created_time": "2025-03-19T18:12:17.780218Z",
            "yes_price": 97,
            "no_price": 3,
            "taker_side": "yes"
        },
        {
            "trade_id": "986ca39c-e414-4f36-9a41-905e0fe737d2",
            "ticker": "KXHIGHCHI-25MAR19-T63",
            "count": 7,
            "created_time": "2025-03-19T18:12:17.780218Z",
            "yes_price": 97,
            "no_price": 3,
            "taker_side": "yes"
        },
        {
            "trade_id": "0b0afa9a-2c4d-4fd7-a593-acd6963076c3",
            "ticker": "KXHIGHCHI-25MAR19-T63",
            "count": 100,
            "created_time": "2025-03-19T18:12:17.780218Z",
            "yes_price": 98,
            "no_price": 2,
            "taker_side": "yes"
        },
        {
            "trade_id": "fa41bccb-685b-4052-a936-d3f862ffbd8e",
            "ticker": "KXHIGHCHI-25MAR19-T63",
            "count": 30,
            "created_time": "2025-03-19T18:09:21.223917Z",
            "yes_price": 97,
            "no_price": 3,
            "taker_side": "yes"
        },
        {
            "trade_id": "30a2c18f-68a7-47ea-a478-b1ca505ce07d",
            "ticker": "KXHIGHCHI-25MAR19-T63",
            "count": 576,
            "created_time": "2025-03-19T18:06:28.999132Z",
            "yes_price": 96,
            "no_price": 4,
            "taker_side": "yes"
        },
        {
            "trade_id": "0ae37cbb-3393-470b-89e8-3474eb042d8f",
            "ticker": "KXHIGHCHI-25MAR19-T63",
            "count": 6,
            "created_time": "2025-03-19T18:05:54.94454Z",
            "yes_price": 95,
            "no_price": 5,
            "taker_side": "yes"
        },
        {
            "trade_id": "8883cfe1-5102-4b2c-8ec8-09e23519d64b",
            "ticker": "KXHIGHCHI-25MAR19-T63",
            "count": 230,
            "created_time": "2025-03-19T18:05:23.903054Z",
            "yes_price": 96,
            "no_price": 4,
            "taker_side": "yes"
        },
        {
            "trade_id": "a6346b63-68fa-4473-befd-50c882d4a9e3",
            "ticker": "KXHIGHCHI-25MAR19-T63",
            "count": 6,
            "created_time": "2025-03-19T18:04:30.461517Z",
            "yes_price": 95,
            "no_price": 5,
            "taker_side": "yes"
        },
        {
            "trade_id": "42dfec2e-b186-4be0-965a-3aa0153c517a",
            "ticker": "KXHIGHCHI-25MAR19-T63",
            "count": 6,
            "created_time": "2025-03-19T17:57:50.772009Z",
            "yes_price": 95,
            "no_price": 5,
            "taker_side": "yes"
        },
        {
            "trade_id": "19579aa2-cf61-4e75-ae0c-06822007239c",
            "ticker": "KXHIGHCHI-25MAR19-T63",
            "count": 194,
            "created_time": "2025-03-19T17:57:50.772009Z",
            "yes_price": 96,
            "no_price": 4,
            "taker_side": "yes"
        },
        {
            "trade_id": "df586507-767a-47d6-b928-6b230e1089fb",
            "ticker": "KXHIGHCHI-25MAR19-T63",
            "count": 16,
            "created_time": "2025-03-19T17:56:39.14238Z",
            "yes_price": 93,
            "no_price": 7,
            "taker_side": "no"
        },
        {
            "trade_id": "d62ce53b-63cf-415c-b6d1-be254e5cd325",
            "ticker": "KXHIGHCHI-25MAR19-T63",
            "count": 154,
            "created_time": "2025-03-19T17:56:39.14238Z",
            "yes_price": 93,
            "no_price": 7,
            "taker_side": "no"
        },
        {
            "trade_id": "40f5cfaa-5d99-4580-9d57-f4e0168890b9",
            "ticker": "KXHIGHCHI-25MAR19-T63",
            "count": 30,
            "created_time": "2025-03-19T17:56:39.14238Z",
            "yes_price": 93,
            "no_price": 7,
            "taker_side": "no"
        },
        {
            "trade_id": "59f97416-3f4c-49dd-b1de-ce7e4d27dd76",
            "ticker": "KXHIGHCHI-25MAR19-T63",
            "count": 7,
            "created_time": "2025-03-19T17:52:29.277678Z",
            "yes_price": 95,
            "no_price": 5,
            "taker_side": "yes"
        },
        {
            "trade_id": "ffcc2527-56f4-43e6-b8e2-1016c12385e7",
            "ticker": "KXHIGHCHI-25MAR19-T63",
            "count": 176,
            "created_time": "2025-03-19T17:49:05.887525Z",
            "yes_price": 93,
            "no_price": 7,
            "taker_side": "no"
        },
        {
            "trade_id": "10819268-4e6b-4666-be8b-b5b966a89537",
            "ticker": "KXHIGHCHI-25MAR19-T63",
            "count": 24,
            "created_time": "2025-03-19T17:49:05.887525Z",
            "yes_price": 94,
            "no_price": 6,
            "taker_side": "no"
        },
        {
            "trade_id": "dc8d362e-02ca-472f-92db-a5125833d210",
            "ticker": "KXHIGHCHI-25MAR19-T63",
            "count": 7,
            "created_time": "2025-03-19T17:46:09.751035Z",
            "yes_price": 95,
            "no_price": 5,
            "taker_side": "yes"
        },
        {
            "trade_id": "53243dc0-ba07-4706-b7ed-0289d83d2f79",
            "ticker": "KXHIGHCHI-25MAR19-T63",
            "count": 7,
            "created_time": "2025-03-19T17:40:42.894783Z",
            "yes_price": 95,
            "no_price": 5,
            "taker_side": "yes"
        },
        {
            "trade_id": "69588422-6bd2-46e3-8c42-88acb3b40c84",
            "ticker": "KXHIGHCHI-25MAR19-T63",
            "count": 26,
            "created_time": "2025-03-19T17:39:39.023504Z",
            "yes_price": 94,
            "no_price": 6,
            "taker_side": "no"
        },
        {
            "trade_id": "564196ee-b93e-4535-8dde-d34ee8128d92",
            "ticker": "KXHIGHCHI-25MAR19-T63",
            "count": 7,
            "created_time": "2025-03-19T17:37:01.667836Z",
            "yes_price": 95,
            "no_price": 5,
            "taker_side": "yes"
        },
        {
            "trade_id": "5ca79ddd-93cf-43a1-b471-a52ff860bfdf",
            "ticker": "KXHIGHCHI-25MAR19-T63",
            "count": 7,
            "created_time": "2025-03-19T17:34:08.886239Z",
            "yes_price": 95,
            "no_price": 5,
            "taker_side": "yes"
        },
        {
            "trade_id": "103ef175-da0a-4077-93a3-b903102e6686",
            "ticker": "KXHIGHCHI-25MAR19-T63",
            "count": 7,
            "created_time": "2025-03-19T17:26:46.582596Z",
            "yes_price": 95,
            "no_price": 5,
            "taker_side": "yes"
        },
        {
            "trade_id": "217685e2-d528-4434-8d43-452d68f15188",
            "ticker": "KXHIGHCHI-25MAR19-T63",
            "count": 25,
            "created_time": "2025-03-19T17:21:29.288449Z",
            "yes_price": 93,
            "no_price": 7,
            "taker_side": "no"
        },
        {
            "trade_id": "d44b4cf8-6760-4fcc-a686-7bfccf116a02",
            "ticker": "KXHIGHCHI-25MAR19-T63",
            "count": 50,
            "created_time": "2025-03-19T17:15:32.883281Z",
            "yes_price": 94,
            "no_price": 6,
            "taker_side": "no"
        },
        {
            "trade_id": "53456435-ab59-4610-aef1-76f8ba091477",
            "ticker": "KXHIGHCHI-25MAR19-T63",
            "count": 277,
            "created_time": "2025-03-19T17:15:32.883281Z",
            "yes_price": 93,
            "no_price": 7,
            "taker_side": "no"
        },
        {
            "trade_id": "5cd904d9-5e0d-48ca-8eef-a0b75536d842",
            "ticker": "KXHIGHCHI-25MAR19-T63",
            "count": 67,
            "created_time": "2025-03-19T17:12:48.786238Z",
            "yes_price": 97,
            "no_price": 3,
            "taker_side": "yes"
        },
        {
            "trade_id": "4e7b364e-9c2f-47f0-9605-31014b2bc3ba",
            "ticker": "KXHIGHCHI-25MAR19-T63",
            "count": 33,
            "created_time": "2025-03-19T17:12:48.786238Z",
            "yes_price": 97,
            "no_price": 3,
            "taker_side": "yes"
        },
        {
            "trade_id": "f38bc494-a50d-4f59-86ce-ee61ed9b913d",
            "ticker": "KXHIGHCHI-25MAR19-T63",
            "count": 500,
            "created_time": "2025-03-19T17:10:56.055471Z",
            "yes_price": 94,
            "no_price": 6,
            "taker_side": "yes"
        },
        {
            "trade_id": "1b89d9de-31ec-43ad-b0a2-386027cda4a6",
            "ticker": "KXHIGHCHI-25MAR19-T63",
            "count": 6,
            "created_time": "2025-03-19T17:10:51.229435Z",
            "yes_price": 93,
            "no_price": 7,
            "taker_side": "yes"
        },
        {
            "trade_id": "bd678ffe-e568-42bb-b8b3-d07bbfa7c992",
            "ticker": "KXHIGHCHI-25MAR19-T63",
            "count": 7,
            "created_time": "2025-03-19T17:00:13.182117Z",
            "yes_price": 94,
            "no_price": 6,
            "taker_side": "yes"
        },
        {
            "trade_id": "8d7623d9-77aa-4284-8af9-df0df82abda5",
            "ticker": "KXHIGHCHI-25MAR19-T63",
            "count": 246,
            "created_time": "2025-03-19T17:00:13.182117Z",
            "yes_price": 94,
            "no_price": 6,
            "taker_side": "yes"
        },
        {
            "trade_id": "87b9da3b-582c-4439-99ea-28696f42b821",
            "ticker": "KXHIGHCHI-25MAR19-T63",
            "count": 2,
            "created_time": "2025-03-19T16:57:08.12565Z",
            "yes_price": 94,
            "no_price": 6,
            "taker_side": "yes"
        },
        {
            "trade_id": "ef8ea838-5250-46e1-8615-4bebe85b9e87",
            "ticker": "KXHIGHCHI-25MAR19-T63",
            "count": 247,
            "created_time": "2025-03-19T16:55:11.716566Z",
            "yes_price": 94,
            "no_price": 6,
            "taker_side": "yes"
        },
        {
            "trade_id": "8541ad92-b2d9-49c3-8d7f-55d225498409",
            "ticker": "KXHIGHCHI-25MAR19-T63",
            "count": 1000,
            "created_time": "2025-03-19T16:55:11.716566Z",
            "yes_price": 93,
            "no_price": 7,
            "taker_side": "yes"
        },
        {
            "trade_id": "7d7ea52b-5e77-48a2-b325-be9bab70888b",
            "ticker": "KXHIGHCHI-25MAR19-T63",
            "count": 6,
            "created_time": "2025-03-19T16:50:27.09863Z",
            "yes_price": 92,
            "no_price": 8,
            "taker_side": "no"
        },
        {
            "trade_id": "cf2bbf18-8442-46c5-bade-327dd3b61d70",
            "ticker": "KXHIGHCHI-25MAR19-T63",
            "count": 6,
            "created_time": "2025-03-19T16:45:28.212774Z",
            "yes_price": 92,
            "no_price": 8,
            "taker_side": "no"
        },
        {
            "trade_id": "36da977d-064b-471a-9ac1-3668e62ffed6",
            "ticker": "KXHIGHCHI-25MAR19-T63",
            "count": 6,
            "created_time": "2025-03-19T16:40:28.204023Z",
            "yes_price": 92,
            "no_price": 8,
            "taker_side": "no"
        },
        {
            "trade_id": "3ec6ea5e-9e3b-42e1-a3ba-89b875d3769a",
            "ticker": "KXHIGHCHI-25MAR19-T63",
            "count": 101,
            "created_time": "2025-03-19T16:37:35.153701Z",
            "yes_price": 92,
            "no_price": 8,
            "taker_side": "no"
        },
        {
            "trade_id": "eb903f93-57a0-4adf-a626-05d886f839f8",
            "ticker": "KXHIGHCHI-25MAR19-T63",
            "count": 7,
            "created_time": "2025-03-19T16:35:47.037296Z",
            "yes_price": 93,
            "no_price": 7,
            "taker_side": "yes"
        },
        {
            "trade_id": "4761fc9c-e1cf-45a0-a537-c5ed971dd8b7",
            "ticker": "KXHIGHCHI-25MAR19-T63",
            "count": 98,
            "created_time": "2025-03-19T16:35:07.350288Z",
            "yes_price": 93,
            "no_price": 7,
            "taker_side": "no"
        },
        {
            "trade_id": "a6343329-32f5-406e-89b8-c75e158b76f4",
            "ticker": "KXHIGHCHI-25MAR19-T63",
            "count": 2,
            "created_time": "2025-03-19T16:34:58.385473Z",
            "yes_price": 93,
            "no_price": 7,
            "taker_side": "no"
        },
        {
            "trade_id": "fb89db59-0edf-4e11-826b-610f3cf1c62a",
            "ticker": "KXHIGHCHI-25MAR19-T63",
            "count": 244,
            "created_time": "2025-03-19T16:34:45.164489Z",
            "yes_price": 93,
            "no_price": 7,
            "taker_side": "no"
        },
        {
            "trade_id": "665823c2-3541-451c-bd72-6085ceca0583",
            "ticker": "KXHIGHCHI-25MAR19-T63",
            "count": 200,
            "created_time": "2025-03-19T16:34:45.164489Z",
            "yes_price": 93,
            "no_price": 7,
            "taker_side": "no"
        },
        {
            "trade_id": "f069a845-034a-4d9d-b394-0d381ceed122",
            "ticker": "KXHIGHCHI-25MAR19-T63",
            "count": 492,
            "created_time": "2025-03-19T16:26:13.341938Z",
            "yes_price": 94,
            "no_price": 6,
            "taker_side": "no"
        },
        {
            "trade_id": "64d70c3d-c0a2-4f2e-872a-8794a009257e",
            "ticker": "KXHIGHCHI-25MAR19-T63",
            "count": 500,
            "created_time": "2025-03-19T16:26:13.341938Z",
            "yes_price": 94,
            "no_price": 6,
            "taker_side": "no"
        },
        {
            "trade_id": "961f0b81-84a6-45ab-8377-bf80dd335688",
            "ticker": "KXHIGHCHI-25MAR19-T63",
            "count": 8,
            "created_time": "2025-03-19T16:25:38.487429Z",
            "yes_price": 94,
            "no_price": 6,
            "taker_side": "no"
        },
        {
            "trade_id": "9b3d1adc-51a6-45ad-8329-49a79e94a53d",
            "ticker": "KXHIGHCHI-25MAR19-T63",
            "count": 15,
            "created_time": "2025-03-19T16:22:12.874528Z",
            "yes_price": 95,
            "no_price": 5,
            "taker_side": "yes"
        },
        {
            "trade_id": "1cd8544c-1131-4aff-a5a6-0281554d8433",
            "ticker": "KXHIGHCHI-25MAR19-T63",
            "count": 7,
            "created_time": "2025-03-19T16:22:12.874528Z",
            "yes_price": 95,
            "no_price": 5,
            "taker_side": "yes"
        },
        {
            "trade_id": "14bb5afa-27e1-4bdb-87dd-06f56a3f688f",
            "ticker": "KXHIGHCHI-25MAR19-T63",
            "count": 102,
            "created_time": "2025-03-19T16:14:21.849518Z",
            "yes_price": 93,
            "no_price": 7,
            "taker_side": "no"
        },
        {
            "trade_id": "bcc5769a-7e45-4822-8a6b-a130e01843ba",
            "ticker": "KXHIGHCHI-25MAR19-T63",
            "count": 2,
            "created_time": "2025-03-19T16:13:23.686511Z",
            "yes_price": 95,
            "no_price": 5,
            "taker_side": "yes"
        },
        {
            "trade_id": "f608f709-ebc4-446b-b9a1-38363525a335",
            "ticker": "KXHIGHCHI-25MAR19-T63",
            "count": 4,
            "created_time": "2025-03-19T16:06:50.137667Z",
            "yes_price": 93,
            "no_price": 7,
            "taker_side": "no"
        },
        {
            "trade_id": "978d56ce-5ad3-477d-ae0c-bd6ddf1cbef5",
            "ticker": "KXHIGHCHI-25MAR19-T63",
            "count": 5,
            "created_time": "2025-03-19T16:06:33.992192Z",
            "yes_price": 96,
            "no_price": 4,
            "taker_side": "yes"
        },
        {
            "trade_id": "ffd31da3-899a-44d1-b6c5-e6090da2360e",
            "ticker": "KXHIGHCHI-25MAR19-T63",
            "count": 18,
            "created_time": "2025-03-19T16:06:16.889142Z",
            "yes_price": 96,
            "no_price": 4,
            "taker_side": "yes"
        },
        {
            "trade_id": "dd26a22b-e095-4b9c-a22f-b6394a0345f9",
            "ticker": "KXHIGHCHI-25MAR19-T63",
            "count": 19,
            "created_time": "2025-03-19T16:06:00.129125Z",
            "yes_price": 96,
            "no_price": 4,
            "taker_side": "yes"
        },
        {
            "trade_id": "ad525b6e-9613-4a7a-aa16-5cc10b63a05c",
            "ticker": "KXHIGHCHI-25MAR19-T63",
            "count": 21,
            "created_time": "2025-03-19T16:06:00.129125Z",
            "yes_price": 96,
            "no_price": 4,
            "taker_side": "yes"
        },
        {
            "trade_id": "a0d04a6a-4c48-440c-839c-21d4d434e03c",
            "ticker": "KXHIGHCHI-25MAR19-T63",
            "count": 11,
            "created_time": "2025-03-19T16:05:50.769178Z",
            "yes_price": 95,
            "no_price": 5,
            "taker_side": "yes"
        },
        {
            "trade_id": "b553dbde-19b2-4aad-9e24-87e8d3b6eb2c",
            "ticker": "KXHIGHCHI-25MAR19-T63",
            "count": 3,
            "created_time": "2025-03-19T16:05:37.340184Z",
            "yes_price": 95,
            "no_price": 5,
            "taker_side": "yes"
        },
        {
            "trade_id": "cc444d4e-d2d9-4b3a-aef8-520c272165e9",
            "ticker": "KXHIGHCHI-25MAR19-T63",
            "count": 100,
            "created_time": "2025-03-19T16:05:36.008552Z",
            "yes_price": 95,
            "no_price": 5,
            "taker_side": "yes"
        },
        {
            "trade_id": "a1d6272b-15ec-4ff4-9a43-b2eeafe60635",
            "ticker": "KXHIGHCHI-25MAR19-T63",
            "count": 311,
            "created_time": "2025-03-19T16:05:02.548446Z",
            "yes_price": 94,
            "no_price": 6,
            "taker_side": "yes"
        },
        {
            "trade_id": "c621389f-8b96-4c47-b4be-a97eec404edd",
            "ticker": "KXHIGHCHI-25MAR19-T63",
            "count": 11,
            "created_time": "2025-03-19T16:05:02.048471Z",
            "yes_price": 94,
            "no_price": 6,
            "taker_side": "yes"
        },
        {
            "trade_id": "bf351ad6-3dd0-4e27-9611-f93e99a6c08c",
            "ticker": "KXHIGHCHI-25MAR19-T63",
            "count": 189,
            "created_time": "2025-03-19T16:05:02.048471Z",
            "yes_price": 94,
            "no_price": 6,
            "taker_side": "yes"
        },
        {
            "trade_id": "6c8b91f8-107f-476c-af27-3a29a4477719",
            "ticker": "KXHIGHCHI-25MAR19-T63",
            "count": 100,
            "created_time": "2025-03-19T16:01:35.311739Z",
            "yes_price": 93,
            "no_price": 7,
            "taker_side": "no"
        },
        {
            "trade_id": "c68a63dd-1d88-40c8-ab52-6f2c5837dc82",
            "ticker": "KXHIGHCHI-25MAR19-T63",
            "count": 225,
            "created_time": "2025-03-19T15:58:19.50116Z",
            "yes_price": 91,
            "no_price": 9,
            "taker_side": "no"
        },
        {
            "trade_id": "b54a483f-7965-4e68-ba78-b841818bfbde",
            "ticker": "KXHIGHCHI-25MAR19-T63",
            "count": 300,
            "created_time": "2025-03-19T15:58:19.50116Z",
            "yes_price": 93,
            "no_price": 7,
            "taker_side": "no"
        },
        {
            "trade_id": "626846df-2230-48ee-a8da-d1381866a467",
            "ticker": "KXHIGHCHI-25MAR19-T63",
            "count": 30,
            "created_time": "2025-03-19T15:57:14.378069Z",
            "yes_price": 95,
            "no_price": 5,
            "taker_side": "yes"
        },
        {
            "trade_id": "ec63bc95-41df-4cdc-9edf-82357b98af44",
            "ticker": "KXHIGHCHI-25MAR19-T63",
            "count": 13,
            "created_time": "2025-03-19T15:55:34.870731Z",
            "yes_price": 91,
            "no_price": 9,
            "taker_side": "no"
        },
        {
            "trade_id": "71e6faa1-5360-4737-9c70-395caac3ccbf",
            "ticker": "KXHIGHCHI-25MAR19-T63",
            "count": 20,
            "created_time": "2025-03-19T15:51:38.790518Z",
            "yes_price": 95,
            "no_price": 5,
            "taker_side": "yes"
        },
        {
            "trade_id": "01c5f2d0-4892-4439-8a39-66e17485345c",
            "ticker": "KXHIGHCHI-25MAR19-T63",
            "count": 14,
            "created_time": "2025-03-19T15:50:28.989068Z",
            "yes_price": 91,
            "no_price": 9,
            "taker_side": "no"
        },
        {
            "trade_id": "57c81828-7f61-4e9f-9db9-b104bb676363",
            "ticker": "KXHIGHCHI-25MAR19-T63",
            "count": 14,
            "created_time": "2025-03-19T15:45:37.721901Z",
            "yes_price": 90,
            "no_price": 10,
            "taker_side": "no"
        },
        {
            "trade_id": "07a40408-8f5e-4f91-bcba-c5bd8ba8e1fc",
            "ticker": "KXHIGHCHI-25MAR19-T63",
            "count": 13,
            "created_time": "2025-03-19T15:42:25.34846Z",
            "yes_price": 89,
            "no_price": 11,
            "taker_side": "yes"
        },
        {
            "trade_id": "77b04cb4-5e53-4b2f-8236-569ee212be48",
            "ticker": "KXHIGHCHI-25MAR19-T63",
            "count": 224,
            "created_time": "2025-03-19T15:40:27.716231Z",
            "yes_price": 88,
            "no_price": 12,
            "taker_side": "no"
        },
        {
            "trade_id": "4285dddf-fc4b-489c-973a-856f23dc1085",
            "ticker": "KXHIGHCHI-25MAR19-T63",
            "count": 9,
            "created_time": "2025-03-19T15:40:27.716231Z",
            "yes_price": 88,
            "no_price": 12,
            "taker_side": "no"
        },
        {
            "trade_id": "3e1c45ca-96b1-4c6f-a787-13142b45d5a7",
            "ticker": "KXHIGHCHI-25MAR19-T63",
            "count": 1,
            "created_time": "2025-03-19T15:32:44.622758Z",
            "yes_price": 89,
            "no_price": 11,
            "taker_side": "yes"
        },
        {
            "trade_id": "6aa05c81-9b49-4eda-a100-5e7aec520a8e",
            "ticker": "KXHIGHCHI-25MAR19-T63",
            "count": 9,
            "created_time": "2025-03-19T15:25:31.450126Z",
            "yes_price": 90,
            "no_price": 10,
            "taker_side": "no"
        },
        {
            "trade_id": "3588fd8d-1c2d-4be1-a541-6656d8d081fe",
            "ticker": "KXHIGHCHI-25MAR19-T63",
            "count": 25,
            "created_time": "2025-03-19T15:21:18.229836Z",
            "yes_price": 92,
            "no_price": 8,
            "taker_side": "yes"
        },
        {
            "trade_id": "af7e84ab-c63c-4817-bfa8-ec5a0ed28ae5",
            "ticker": "KXHIGHCHI-25MAR19-T63",
            "count": 17,
            "created_time": "2025-03-19T15:21:07.351158Z",
            "yes_price": 91,
            "no_price": 9,
            "taker_side": "yes"
        },
        {
            "trade_id": "9bce0a99-53d0-46eb-8195-0cca554236ef",
            "ticker": "KXHIGHCHI-25MAR19-T63",
            "count": 65,
            "created_time": "2025-03-19T15:21:07.351158Z",
            "yes_price": 92,
            "no_price": 8,
            "taker_side": "yes"
        },
        {
            "trade_id": "51acaacd-e4e3-49ac-8e8f-5a055ff490ef",
            "ticker": "KXHIGHCHI-25MAR19-T63",
            "count": 25,
            "created_time": "2025-03-19T15:21:07.351158Z",
            "yes_price": 91,
            "no_price": 9,
            "taker_side": "yes"
        },
        {
            "trade_id": "0660f0c2-0521-4235-afec-a9e8bd593f66",
            "ticker": "KXHIGHCHI-25MAR19-T63",
            "count": 16,
            "created_time": "2025-03-19T15:20:33.898049Z",
            "yes_price": 90,
            "no_price": 10,
            "taker_side": "no"
        },
        {
            "trade_id": "4ad9b7b8-3b6b-4dde-9217-9c3f9d18be4b",
            "ticker": "KXHIGHCHI-25MAR19-T63",
            "count": 14,
            "created_time": "2025-03-19T15:15:49.710059Z",
            "yes_price": 87,
            "no_price": 13,
            "taker_side": "yes"
        },
        {
            "trade_id": "5a536adc-ec7c-4edd-9885-d1d539ee35cd",
            "ticker": "KXHIGHCHI-25MAR19-T63",
            "count": 1,
            "created_time": "2025-03-19T14:56:04.767662Z",
            "yes_price": 87,
            "no_price": 13,
            "taker_side": "yes"
        },
        {
            "trade_id": "9965f65c-f36c-421f-aadb-1207f959013b",
            "ticker": "KXHIGHCHI-25MAR19-T63",
            "count": 11,
            "created_time": "2025-03-19T14:50:25.05043Z",
            "yes_price": 87,
            "no_price": 13,
            "taker_side": "yes"
        },
        {
            "trade_id": "9eafe907-43f2-4ef9-ad08-b60ac9c6b757",
            "ticker": "KXHIGHCHI-25MAR19-T63",
            "count": 18,
            "created_time": "2025-03-19T14:45:29.355488Z",
            "yes_price": 82,
            "no_price": 18,
            "taker_side": "no"
        },
        {
            "trade_id": "f4555e0f-2428-43b9-9e5d-10885c626a51",
            "ticker": "KXHIGHCHI-25MAR19-T63",
            "count": 2,
            "created_time": "2025-03-19T14:39:09.324223Z",
            "yes_price": 91,
            "no_price": 9,
            "taker_side": "yes"
        },
        {
            "trade_id": "a1198069-5c36-4bbe-b885-a0b9d642e1bc",
            "ticker": "KXHIGHCHI-25MAR19-T63",
            "count": 20,
            "created_time": "2025-03-19T14:39:09.324223Z",
            "yes_price": 92,
            "no_price": 8,
            "taker_side": "yes"
        },
        {
            "trade_id": "15af5e9d-66f9-4925-8c64-8b432ea00af9",
            "ticker": "KXHIGHCHI-25MAR19-T63",
            "count": 5,
            "created_time": "2025-03-19T14:39:09.324223Z",
            "yes_price": 86,
            "no_price": 14,
            "taker_side": "yes"
        },
        {
            "trade_id": "07aa02e5-1857-4bed-922c-20c15ab8de04",
            "ticker": "KXHIGHCHI-25MAR19-T63",
            "count": 19,
            "created_time": "2025-03-19T14:39:09.324223Z",
            "yes_price": 91,
            "no_price": 9,
            "taker_side": "yes"
        },
        {
            "trade_id": "023a5196-b8b0-4cf8-83d5-6bd98d7aa651",
            "ticker": "KXHIGHCHI-25MAR19-T63",
            "count": 6,
            "created_time": "2025-03-19T14:39:09.324223Z",
            "yes_price": 90,
            "no_price": 10,
            "taker_side": "yes"
        },
        {
            "trade_id": "48aadbf3-c7ea-4a43-9d91-463fb04982e5",
            "ticker": "KXHIGHCHI-25MAR19-T63",
            "count": 10,
            "created_time": "2025-03-19T14:32:55.459837Z",
            "yes_price": 86,
            "no_price": 14,
            "taker_side": "yes"
        },
        {
            "trade_id": "7bf7592c-cb16-4d13-8646-65e8c8968f86",
            "ticker": "KXHIGHCHI-25MAR19-T63",
            "count": 2,
            "created_time": "2025-03-19T14:32:42.72855Z",
            "yes_price": 82,
            "no_price": 18,
            "taker_side": "no"
        },
        {
            "trade_id": "75b6ee5c-1c5a-4496-ac2e-7a4adb181f67",
            "ticker": "KXHIGHCHI-25MAR19-T63",
            "count": 15,
            "created_time": "2025-03-19T14:22:08.484906Z",
            "yes_price": 86,
            "no_price": 14,
            "taker_side": "yes"
        },
        {
            "trade_id": "66a87b66-f54e-4a6c-91ce-ddd98bddf2a8",
            "ticker": "KXHIGHCHI-25MAR19-T63",
            "count": 3,
            "created_time": "2025-03-19T14:22:08.484906Z",
            "yes_price": 89,
            "no_price": 11,
            "taker_side": "yes"
        },
        {
            "trade_id": "2dc6899b-c338-4a7c-be83-a3583da0514e",
            "ticker": "KXHIGHCHI-25MAR19-T63",
            "count": 18,
            "created_time": "2025-03-19T14:22:08.484906Z",
            "yes_price": 90,
            "no_price": 10,
            "taker_side": "yes"
        },
        {
            "trade_id": "ebfeface-ab42-49ee-93f6-34d74dc3f9f1",
            "ticker": "KXHIGHCHI-25MAR19-T63",
            "count": 16,
            "created_time": "2025-03-19T14:19:43.675712Z",
            "yes_price": 85,
            "no_price": 15,
            "taker_side": "yes"
        },
        {
            "trade_id": "42c1f368-71ed-4143-b387-feb6f231b0d3",
            "ticker": "KXHIGHCHI-25MAR19-T63",
            "count": 26,
            "created_time": "2025-03-19T14:19:43.675712Z",
            "yes_price": 90,
            "no_price": 10,
            "taker_side": "yes"
        },
        {
            "trade_id": "0d4de1c3-d829-4eb0-b2dc-67a3506cf5ad",
            "ticker": "KXHIGHCHI-25MAR19-T63",
            "count": 6,
            "created_time": "2025-03-19T14:19:43.675712Z",
            "yes_price": 89,
            "no_price": 11,
            "taker_side": "yes"
        },
        {
            "trade_id": "0a2c1b5e-e962-4df9-87b5-19e0c6ac6d1a",
            "ticker": "KXHIGHCHI-25MAR19-T63",
            "count": 17,
            "created_time": "2025-03-19T14:19:43.675712Z",
            "yes_price": 88,
            "no_price": 12,
            "taker_side": "yes"
        },
        {
            "trade_id": "633fceb8-be72-4796-a73a-dd007f453aef",
            "ticker": "KXHIGHCHI-25MAR19-T63",
            "count": 15,
            "created_time": "2025-03-19T14:18:14.407392Z",
            "yes_price": 79,
            "no_price": 21,
            "taker_side": "no"
        },
        {
            "trade_id": "a681ebce-3e3d-4e0b-9668-69a9c4fb8ffe",
            "ticker": "KXHIGHCHI-25MAR19-T63",
            "count": 10,
            "created_time": "2025-03-19T14:10:07.118801Z",
            "yes_price": 77,
            "no_price": 23,
            "taker_side": "no"
        },
        {
            "trade_id": "fdc4cbba-b935-45fd-bdc7-6c2c378b1260",
            "ticker": "KXHIGHCHI-25MAR19-T63",
            "count": 1,
            "created_time": "2025-03-19T14:09:15.990761Z",
            "yes_price": 77,
            "no_price": 23,
            "taker_side": "no"
        },
        {
            "trade_id": "d014f761-f8ac-4c72-a6da-605031cdaa0a",
            "ticker": "KXHIGHCHI-25MAR19-T63",
            "count": 5,
            "created_time": "2025-03-19T13:52:42.904965Z",
            "yes_price": 74,
            "no_price": 26,
            "taker_side": "yes"
        },
        {
            "trade_id": "71a21ef9-c51b-4c93-8e34-c0993e59d39f",
            "ticker": "KXHIGHCHI-25MAR19-T63",
            "count": 98,
            "created_time": "2025-03-19T13:52:42.904965Z",
            "yes_price": 73,
            "no_price": 27,
            "taker_side": "yes"
        },
        {
            "trade_id": "09895333-8643-4342-8b76-2d0ba91805f1",
            "ticker": "KXHIGHCHI-25MAR19-T63",
            "count": 240,
            "created_time": "2025-03-19T13:52:42.904965Z",
            "yes_price": 75,
            "no_price": 25,
            "taker_side": "yes"
        },
        {
            "trade_id": "f4aa1a4b-cf26-4c92-96b2-f11ef25f9940",
            "ticker": "KXHIGHCHI-25MAR19-T63",
            "count": 240,
            "created_time": "2025-03-19T13:50:29.31277Z",
            "yes_price": 73,
            "no_price": 27,
            "taker_side": "yes"
        },
        {
            "trade_id": "7520af68-e9a9-4be5-a408-2486789f5d37",
            "ticker": "KXHIGHCHI-25MAR19-T63",
            "count": 33,
            "created_time": "2025-03-19T13:50:29.31277Z",
            "yes_price": 71,
            "no_price": 29,
            "taker_side": "yes"
        },
        {
            "trade_id": "3df79952-33f8-4e04-8198-e0f1b0b444f6",
            "ticker": "KXHIGHCHI-25MAR19-T63",
            "count": 8,
            "created_time": "2025-03-19T13:48:58.707532Z",
            "yes_price": 71,
            "no_price": 29,
            "taker_side": "yes"
        },
        {
            "trade_id": "aec7b781-3c02-416b-8a42-1cbf5c495d27",
            "ticker": "KXHIGHCHI-25MAR19-T63",
            "count": 5,
            "created_time": "2025-03-19T13:48:27.521682Z",
            "yes_price": 71,
            "no_price": 29,
            "taker_side": "yes"
        },
        {
            "trade_id": "a3b206ff-bf04-4e8e-b704-0e440f885c19",
            "ticker": "KXHIGHCHI-25MAR19-T63",
            "count": 41,
            "created_time": "2025-03-19T13:48:27.521682Z",
            "yes_price": 71,
            "no_price": 29,
            "taker_side": "yes"
        },
        {
            "trade_id": "be61aeec-1db7-458a-898c-bdd44b4d1814",
            "ticker": "KXHIGHCHI-25MAR19-T63",
            "count": 19,
            "created_time": "2025-03-19T13:32:51.48744Z",
            "yes_price": 66,
            "no_price": 34,
            "taker_side": "no"
        },
        {
            "trade_id": "5660ebff-d281-4b0e-8289-334c7faa43f8",
            "ticker": "KXHIGHCHI-25MAR19-T63",
            "count": 5,
            "created_time": "2025-03-19T13:32:51.48744Z",
            "yes_price": 65,
            "no_price": 35,
            "taker_side": "no"
        },
        {
            "trade_id": "47dab866-8c73-40f7-a808-a9beb6b23f06",
            "ticker": "KXHIGHCHI-25MAR19-T63",
            "count": 3,
            "created_time": "2025-03-19T13:32:51.48744Z",
            "yes_price": 65,
            "no_price": 35,
            "taker_side": "no"
        },
        {
            "trade_id": "33aef1d3-5bbb-4441-92eb-80429b3e5875",
            "ticker": "KXHIGHCHI-25MAR19-T63",
            "count": 5,
            "created_time": "2025-03-19T13:30:55.200599Z",
            "yes_price": 75,
            "no_price": 25,
            "taker_side": "no"
        },
        {
            "trade_id": "c90d8e8a-de29-4f86-80b2-c55566f8d33d",
            "ticker": "KXHIGHCHI-25MAR19-T63",
            "count": 3,
            "created_time": "2025-03-19T13:20:47.449796Z",
            "yes_price": 83,
            "no_price": 17,
            "taker_side": "yes"
        },
        {
            "trade_id": "9b4588b8-0fa8-470d-a350-cb2a17ff5eb7",
            "ticker": "KXHIGHCHI-25MAR19-T63",
            "count": 20,
            "created_time": "2025-03-19T13:20:47.449796Z",
            "yes_price": 84,
            "no_price": 16,
            "taker_side": "yes"
        },
        {
            "trade_id": "66db02fa-1b52-43a7-a73f-010036b07207",
            "ticker": "KXHIGHCHI-25MAR19-T63",
            "count": 48,
            "created_time": "2025-03-19T13:19:03.645864Z",
            "yes_price": 83,
            "no_price": 17,
            "taker_side": "yes"
        },
        {
            "trade_id": "f0e04492-a1f7-48b8-8165-bcb2e2ba2f1e",
            "ticker": "KXHIGHCHI-25MAR19-T63",
            "count": 15,
            "created_time": "2025-03-19T13:15:30.612239Z",
            "yes_price": 83,
            "no_price": 17,
            "taker_side": "yes"
        },
        {
            "trade_id": "5d1904f4-937c-47e9-8b01-1d8a9cbd21c4",
            "ticker": "KXHIGHCHI-25MAR19-T63",
            "count": 2,
            "created_time": "2025-03-19T13:15:30.612239Z",
            "yes_price": 81,
            "no_price": 19,
            "taker_side": "yes"
        },
        {
            "trade_id": "5a76c2a5-f34f-4991-a21a-91912175e8f2",
            "ticker": "KXHIGHCHI-25MAR19-T63",
            "count": 31,
            "created_time": "2025-03-19T13:15:30.612239Z",
            "yes_price": 81,
            "no_price": 19,
            "taker_side": "yes"
        },
        {
            "trade_id": "2210600b-2c83-4f78-b14c-184dd2735228",
            "ticker": "KXHIGHCHI-25MAR19-T63",
            "count": 2,
            "created_time": "2025-03-19T13:15:30.612239Z",
            "yes_price": 82,
            "no_price": 18,
            "taker_side": "yes"
        },
        {
            "trade_id": "def7c811-5f4e-419c-9592-77f746c5c7eb",
            "ticker": "KXHIGHCHI-25MAR19-T63",
            "count": 6,
            "created_time": "2025-03-19T13:13:01.145341Z",
            "yes_price": 76,
            "no_price": 24,
            "taker_side": "no"
        },
        {
            "trade_id": "cc8c7606-425b-457c-ad2d-840e851bbb4d",
            "ticker": "KXHIGHCHI-25MAR19-T63",
            "count": 23,
            "created_time": "2025-03-19T13:13:01.145341Z",
            "yes_price": 76,
            "no_price": 24,
            "taker_side": "no"
        },
        {
            "trade_id": "cbf490e3-1ae3-4e8b-81b5-593cf12f20aa",
            "ticker": "KXHIGHCHI-25MAR19-T63",
            "count": 24,
            "created_time": "2025-03-19T13:13:01.145341Z",
            "yes_price": 74,
            "no_price": 26,
            "taker_side": "no"
        },
        {
            "trade_id": "4aae9c03-bdee-43cc-b49b-a93cd8fcbf34",
            "ticker": "KXHIGHCHI-25MAR19-T63",
            "count": 3,
            "created_time": "2025-03-19T13:13:01.145341Z",
            "yes_price": 76,
            "no_price": 24,
            "taker_side": "no"
        },
        {
            "trade_id": "339df901-a38b-4abc-b43d-7f6efcb10fd8",
            "ticker": "KXHIGHCHI-25MAR19-T63",
            "count": 2,
            "created_time": "2025-03-19T13:13:01.145341Z",
            "yes_price": 75,
            "no_price": 25,
            "taker_side": "no"
        },
        {
            "trade_id": "f96277d8-d5d7-4279-ae75-d8d662d0b3f6",
            "ticker": "KXHIGHCHI-25MAR19-T63",
            "count": 3,
            "created_time": "2025-03-19T13:11:22.512677Z",
            "yes_price": 81,
            "no_price": 19,
            "taker_side": "yes"
        },
        {
            "trade_id": "514feb2d-33e7-4a47-8282-bd07619f31db",
            "ticker": "KXHIGHCHI-25MAR19-T63",
            "count": 4,
            "created_time": "2025-03-19T13:09:55.889018Z",
            "yes_price": 81,
            "no_price": 19,
            "taker_side": "yes"
        },
        {
            "trade_id": "458fec45-11bc-4dc7-91fc-9a7054f9ca1e",
            "ticker": "KXHIGHCHI-25MAR19-T63",
            "count": 50,
            "created_time": "2025-03-19T13:09:55.889018Z",
            "yes_price": 79,
            "no_price": 21,
            "taker_side": "yes"
        },
        {
            "trade_id": "74521666-fdc4-45a8-a173-48880963b747",
            "ticker": "KXHIGHCHI-25MAR19-T63",
            "count": 42,
            "created_time": "2025-03-19T13:06:31.484238Z",
            "yes_price": 82,
            "no_price": 18,
            "taker_side": "yes"
        },
        {
            "trade_id": "54849d78-121a-4cb3-9e05-2cf6119d0d78",
            "ticker": "KXHIGHCHI-25MAR19-T63",
            "count": 16,
            "created_time": "2025-03-19T13:06:31.484238Z",
            "yes_price": 84,
            "no_price": 16,
            "taker_side": "yes"
        },
        {
            "trade_id": "02c196f7-1227-4872-bac5-ac2fc294283d",
            "ticker": "KXHIGHCHI-25MAR19-T63",
            "count": 13,
            "created_time": "2025-03-19T13:06:31.484238Z",
            "yes_price": 84,
            "no_price": 16,
            "taker_side": "yes"
        },
        {
            "trade_id": "c45d8d54-d365-4403-8b83-59974e1f047d",
            "ticker": "KXHIGHCHI-25MAR19-T63",
            "count": 115,
            "created_time": "2025-03-19T13:06:03.73621Z",
            "yes_price": 81,
            "no_price": 19,
            "taker_side": "yes"
        },
        {
            "trade_id": "45101bd2-4f46-4685-a0fc-417b76f16cc7",
            "ticker": "KXHIGHCHI-25MAR19-T63",
            "count": 14,
            "created_time": "2025-03-19T13:06:03.73621Z",
            "yes_price": 82,
            "no_price": 18,
            "taker_side": "yes"
        },
        {
            "trade_id": "2bbdde16-789e-420e-ba55-8a07753fdc9d",
            "ticker": "KXHIGHCHI-25MAR19-T63",
            "count": 74,
            "created_time": "2025-03-19T13:06:03.73621Z",
            "yes_price": 83,
            "no_price": 17,
            "taker_side": "yes"
        },
        {
            "trade_id": "b99abe0a-bb41-4d9d-830a-d13bc667ed0f",
            "ticker": "KXHIGHCHI-25MAR19-T63",
            "count": 44,
            "created_time": "2025-03-19T13:04:07.99119Z",
            "yes_price": 80,
            "no_price": 20,
            "taker_side": "yes"
        },
        {
            "trade_id": "7f89211f-0ce4-42cb-91f5-67003c4b0321",
            "ticker": "KXHIGHCHI-25MAR19-T63",
            "count": 57,
            "created_time": "2025-03-19T13:04:07.99119Z",
            "yes_price": 80,
            "no_price": 20,
            "taker_side": "yes"
        },
        {
            "trade_id": "24428260-5843-4bee-857c-2e301cf5fd6d",
            "ticker": "KXHIGHCHI-25MAR19-T63",
            "count": 8,
            "created_time": "2025-03-19T13:04:07.99119Z",
            "yes_price": 80,
            "no_price": 20,
            "taker_side": "yes"
        },
        {
            "trade_id": "206a41b2-bafd-4005-aa8b-82f39c7e3374",
            "ticker": "KXHIGHCHI-25MAR19-T63",
            "count": 6,
            "created_time": "2025-03-19T13:01:40.7156Z",
            "yes_price": 80,
            "no_price": 20,
            "taker_side": "yes"
        },
        {
            "trade_id": "ad6af1f6-176f-40db-9da6-fa382e88a775",
            "ticker": "KXHIGHCHI-25MAR19-T63",
            "count": 3,
            "created_time": "2025-03-19T12:45:02.241657Z",
            "yes_price": 81,
            "no_price": 19,
            "taker_side": "no"
        },
        {
            "trade_id": "26f043dd-cda6-4a6c-9a05-784b32356cdf",
            "ticker": "KXHIGHCHI-25MAR19-T63",
            "count": 4,
            "created_time": "2025-03-19T12:43:35.275047Z",
            "yes_price": 81,
            "no_price": 19,
            "taker_side": "yes"
        },
        {
            "trade_id": "d0735db3-725c-4e8f-aa5c-eb5a94925de3",
            "ticker": "KXHIGHCHI-25MAR19-T63",
            "count": 44,
            "created_time": "2025-03-19T12:42:14.504558Z",
            "yes_price": 81,
            "no_price": 19,
            "taker_side": "yes"
        },
        {
            "trade_id": "a86b6eb6-6977-419b-9d55-335ff0cdcba6",
            "ticker": "KXHIGHCHI-25MAR19-T63",
            "count": 28,
            "created_time": "2025-03-19T12:42:14.504558Z",
            "yes_price": 81,
            "no_price": 19,
            "taker_side": "yes"
        },
        {
            "trade_id": "a52b1a47-7cdd-46be-a5f3-04b919d7a29f",
            "ticker": "KXHIGHCHI-25MAR19-T63",
            "count": 13,
            "created_time": "2025-03-19T12:42:14.504558Z",
            "yes_price": 83,
            "no_price": 17,
            "taker_side": "yes"
        },
        {
            "trade_id": "9ea5ea23-c3d9-4e64-b69d-53fa317be44a",
            "ticker": "KXHIGHCHI-25MAR19-T63",
            "count": 15,
            "created_time": "2025-03-19T12:42:14.504558Z",
            "yes_price": 82,
            "no_price": 18,
            "taker_side": "yes"
        },
        {
            "trade_id": "dbe15789-6a0d-4d45-aa6f-4e739127e9f5",
            "ticker": "KXHIGHCHI-25MAR19-T63",
            "count": 54,
            "created_time": "2025-03-19T12:38:20.277631Z",
            "yes_price": 81,
            "no_price": 19,
            "taker_side": "yes"
        },
        {
            "trade_id": "11f22d56-fc45-40d1-9e50-e08b78432c59",
            "ticker": "KXHIGHCHI-25MAR19-T63",
            "count": 8,
            "created_time": "2025-03-19T12:38:20.277631Z",
            "yes_price": 81,
            "no_price": 19,
            "taker_side": "yes"
        },
        {
            "trade_id": "531ff7c6-af8f-4eef-9cdd-933aaf14b363",
            "ticker": "KXHIGHCHI-25MAR19-T63",
            "count": 116,
            "created_time": "2025-03-19T12:33:30.047386Z",
            "yes_price": 82,
            "no_price": 18,
            "taker_side": "yes"
        },
        {
            "trade_id": "dbf686fb-1543-44a4-bc55-d585b23399bd",
            "ticker": "KXHIGHCHI-25MAR19-T63",
            "count": 1,
            "created_time": "2025-03-19T12:32:15.269596Z",
            "yes_price": 79,
            "no_price": 21,
            "taker_side": "yes"
        },
        {
            "trade_id": "b3fe71c8-6dc5-4929-b70f-f892a9cacf8b",
            "ticker": "KXHIGHCHI-25MAR19-T63",
            "count": 17,
            "created_time": "2025-03-19T12:32:15.269596Z",
            "yes_price": 81,
            "no_price": 19,
            "taker_side": "yes"
        },
        {
            "trade_id": "99b3312d-5a17-4894-9cf5-6cdb56e13027",
            "ticker": "KXHIGHCHI-25MAR19-T63",
            "count": 240,
            "created_time": "2025-03-19T12:32:15.269596Z",
            "yes_price": 81,
            "no_price": 19,
            "taker_side": "yes"
        },
        {
            "trade_id": "466c2d59-ab15-4d13-a037-6f5fbffa0fe4",
            "ticker": "KXHIGHCHI-25MAR19-T63",
            "count": 1,
            "created_time": "2025-03-19T12:32:15.269596Z",
            "yes_price": 81,
            "no_price": 19,
            "taker_side": "yes"
        },
        {
            "trade_id": "1a9427eb-de23-4fc0-b89e-a802eecbe977",
            "ticker": "KXHIGHCHI-25MAR19-T63",
            "count": 15,
            "created_time": "2025-03-19T12:32:15.269596Z",
            "yes_price": 80,
            "no_price": 20,
            "taker_side": "yes"
        },
        {
            "trade_id": "f71a93ef-09d8-46e4-9ebd-b4dc83855ba6",
            "ticker": "KXHIGHCHI-25MAR19-T63",
            "count": 122,
            "created_time": "2025-03-19T12:30:58.378113Z",
            "yes_price": 79,
            "no_price": 21,
            "taker_side": "yes"
        },
        {
            "trade_id": "5f020491-fb32-42b6-aef6-3b585f1eb7a9",
            "ticker": "KXHIGHCHI-25MAR19-T63",
            "count": 73,
            "created_time": "2025-03-19T12:30:58.378113Z",
            "yes_price": 77,
            "no_price": 23,
            "taker_side": "yes"
        },
        {
            "trade_id": "452d2da9-1dff-440d-a0bb-7d71701f427a",
            "ticker": "KXHIGHCHI-25MAR19-T63",
            "count": 118,
            "created_time": "2025-03-19T12:30:58.378113Z",
            "yes_price": 79,
            "no_price": 21,
            "taker_side": "yes"
        },
        {
            "trade_id": "94292d4a-8074-4ce9-b811-e776383a04e7",
            "ticker": "KXHIGHCHI-25MAR19-T63",
            "count": 82,
            "created_time": "2025-03-19T12:30:23.028608Z",
            "yes_price": 78,
            "no_price": 22,
            "taker_side": "yes"
        },
        {
            "trade_id": "05526f64-22a1-405a-8e24-8a7eda97bb04",
            "ticker": "KXHIGHCHI-25MAR19-T63",
            "count": 20,
            "created_time": "2025-03-19T12:30:23.028608Z",
            "yes_price": 78,
            "no_price": 22,
            "taker_side": "yes"
        },
        {
            "trade_id": "da8a1e36-e8bc-41ee-8c10-79046bdbdf5f",
            "ticker": "KXHIGHCHI-25MAR19-T63",
            "count": 15,
            "created_time": "2025-03-19T12:30:06.64564Z",
            "yes_price": 78,
            "no_price": 22,
            "taker_side": "yes"
        },
        {
            "trade_id": "902dcbdc-a8fc-4bf1-92cc-ffa8bac9b4cf",
            "ticker": "KXHIGHCHI-25MAR19-T63",
            "count": 6,
            "created_time": "2025-03-19T12:30:06.64564Z",
            "yes_price": 77,
            "no_price": 23,
            "taker_side": "yes"
        },
        {
            "trade_id": "4765b18c-1ac8-46a3-8af9-024310908078",
            "ticker": "KXHIGHCHI-25MAR19-T63",
            "count": 36,
            "created_time": "2025-03-19T12:30:06.64564Z",
            "yes_price": 79,
            "no_price": 21,
            "taker_side": "yes"
        },
        {
            "trade_id": "35087808-7e5c-47e2-8414-294961e1263c",
            "ticker": "KXHIGHCHI-25MAR19-T63",
            "count": 68,
            "created_time": "2025-03-19T12:30:06.64564Z",
            "yes_price": 77,
            "no_price": 23,
            "taker_side": "yes"
        },
        {
            "trade_id": "ca501e42-cd3d-45d3-a568-f7e1eb48bb48",
            "ticker": "KXHIGHCHI-25MAR19-T63",
            "count": 6,
            "created_time": "2025-03-19T12:27:35.165928Z",
            "yes_price": 71,
            "no_price": 29,
            "taker_side": "no"
        },
        {
            "trade_id": "c436d149-9aa7-40b3-b590-41b00757a9bf",
            "ticker": "KXHIGHCHI-25MAR19-T63",
            "count": 29,
            "created_time": "2025-03-19T12:24:55.440065Z",
            "yes_price": 71,
            "no_price": 29,
            "taker_side": "yes"
        },
        {
            "trade_id": "a8b6cf1d-c153-4211-ae78-b96f0f4cd8bb",
            "ticker": "KXHIGHCHI-25MAR19-T63",
            "count": 22,
            "created_time": "2025-03-19T12:24:50.550299Z",
            "yes_price": 72,
            "no_price": 28,
            "taker_side": "no"
        },
        {
            "trade_id": "ab7511d6-a73f-429f-b243-e33629fc5aed",
            "ticker": "KXHIGHCHI-25MAR19-T63",
            "count": 49,
            "created_time": "2025-03-19T12:23:25.708335Z",
            "yes_price": 72,
            "no_price": 28,
            "taker_side": "no"
        },
        {
            "trade_id": "0fe906a2-5f48-4e63-9e2d-2266c476d8bf",
            "ticker": "KXHIGHCHI-25MAR19-T63",
            "count": 51,
            "created_time": "2025-03-19T12:19:45.135434Z",
            "yes_price": 74,
            "no_price": 26,
            "taker_side": "yes"
        },
        {
            "trade_id": "18979620-5127-4456-8fbb-f79aa7fd219f",
            "ticker": "KXHIGHCHI-25MAR19-T63",
            "count": 10,
            "created_time": "2025-03-19T12:19:39.256185Z",
            "yes_price": 73,
            "no_price": 27,
            "taker_side": "no"
        },
        {
            "trade_id": "9dc84bba-fdac-4c95-aee0-e5c8c845c216",
            "ticker": "KXHIGHCHI-25MAR19-T63",
            "count": 49,
            "created_time": "2025-03-19T12:19:33.247544Z",
            "yes_price": 74,
            "no_price": 26,
            "taker_side": "no"
        },
        {
            "trade_id": "f7754271-2499-4d4e-9375-0e4af2221084",
            "ticker": "KXHIGHCHI-25MAR19-T63",
            "count": 204,
            "created_time": "2025-03-19T12:18:53.083407Z",
            "yes_price": 77,
            "no_price": 23,
            "taker_side": "yes"
        },
        {
            "trade_id": "ebe23828-07ce-46c0-9a76-347e8bcf7ebb",
            "ticker": "KXHIGHCHI-25MAR19-T63",
            "count": 160,
            "created_time": "2025-03-19T12:18:53.083407Z",
            "yes_price": 79,
            "no_price": 21,
            "taker_side": "yes"
        },
        {
            "trade_id": "aa81118e-0c38-45be-99c3-2eca44723e04",
            "ticker": "KXHIGHCHI-25MAR19-T63",
            "count": 38,
            "created_time": "2025-03-19T12:18:53.083407Z",
            "yes_price": 75,
            "no_price": 25,
            "taker_side": "yes"
        },
        {
            "trade_id": "8a5e76cd-17c1-4e36-846b-262daa6a112d",
            "ticker": "KXHIGHCHI-25MAR19-T63",
            "count": 1,
            "created_time": "2025-03-19T12:18:53.083407Z",
            "yes_price": 77,
            "no_price": 23,
            "taker_side": "yes"
        },
        {
            "trade_id": "4fd656b7-84d9-4fd8-a355-93d1826b2bd9",
            "ticker": "KXHIGHCHI-25MAR19-T63",
            "count": 80,
            "created_time": "2025-03-19T12:18:53.083407Z",
            "yes_price": 79,
            "no_price": 21,
            "taker_side": "yes"
        },
        {
            "trade_id": "4503beeb-8de3-40b6-99e7-c4c314802159",
            "ticker": "KXHIGHCHI-25MAR19-T63",
            "count": 18,
            "created_time": "2025-03-19T12:18:53.083407Z",
            "yes_price": 79,
            "no_price": 21,
            "taker_side": "yes"
        },
        {
            "trade_id": "28b7960e-8a96-4c3b-aa51-ee1f953ff77c",
            "ticker": "KXHIGHCHI-25MAR19-T63",
            "count": 36,
            "created_time": "2025-03-19T12:18:53.083407Z",
            "yes_price": 77,
            "no_price": 23,
            "taker_side": "yes"
        },
        {
            "trade_id": "c383246b-833d-4a36-91c6-bdb180dd78aa",
            "ticker": "KXHIGHCHI-25MAR19-T63",
            "count": 240,
            "created_time": "2025-03-19T12:16:36.204612Z",
            "yes_price": 74,
            "no_price": 26,
            "taker_side": "yes"
        },
        {
            "trade_id": "bf0cac6c-1325-4787-a62e-577a148185fe",
            "ticker": "KXHIGHCHI-25MAR19-T63",
            "count": 12,
            "created_time": "2025-03-19T12:16:36.204612Z",
            "yes_price": 73,
            "no_price": 27,
            "taker_side": "yes"
        },
        {
            "trade_id": "a8a63bcd-fa5e-4c9a-be4f-f812da775880",
            "ticker": "KXHIGHCHI-25MAR19-T63",
            "count": 240,
            "created_time": "2025-03-19T12:16:36.204612Z",
            "yes_price": 76,
            "no_price": 24,
            "taker_side": "yes"
        },
        {
            "trade_id": "05fe7eb8-1064-4df6-bade-a974107380d0",
            "ticker": "KXHIGHCHI-25MAR19-T63",
            "count": 106,
            "created_time": "2025-03-19T12:16:36.204612Z",
            "yes_price": 72,
            "no_price": 28,
            "taker_side": "yes"
        },
        {
            "trade_id": "5fc55c3d-9a28-4720-a59a-eb7d0655ea85",
            "ticker": "KXHIGHCHI-25MAR19-T63",
            "count": 12,
            "created_time": "2025-03-19T12:16:26.090189Z",
            "yes_price": 72,
            "no_price": 28,
            "taker_side": "no"
        },
        {
            "trade_id": "7e8523cf-5442-4159-9b80-e9d40b7a77d1",
            "ticker": "KXHIGHCHI-25MAR19-T63",
            "count": 115,
            "created_time": "2025-03-19T12:16:20.861018Z",
            "yes_price": 71,
            "no_price": 29,
            "taker_side": "no"
        },
        {
            "trade_id": "67b6af3d-c880-4e08-94d1-e8c940ecad8c",
            "ticker": "KXHIGHCHI-25MAR19-T63",
            "count": 73,
            "created_time": "2025-03-19T12:16:17.913846Z",
            "yes_price": 70,
            "no_price": 30,
            "taker_side": "yes"
        },
        {
            "trade_id": "e74791df-9234-46bf-9831-0c171b994914",
            "ticker": "KXHIGHCHI-25MAR19-T63",
            "count": 3,
            "created_time": "2025-03-19T12:16:14.835958Z",
            "yes_price": 69,
            "no_price": 31,
            "taker_side": "yes"
        },
        {
            "trade_id": "fc943f92-9989-4c10-ab1b-db8bc7484209",
            "ticker": "KXHIGHCHI-25MAR19-T63",
            "count": 25,
            "created_time": "2025-03-19T12:16:00.215813Z",
            "yes_price": 65,
            "no_price": 35,
            "taker_side": "no"
        },
        {
            "trade_id": "a55ef2f4-185a-451a-8487-d6f24012a466",
            "ticker": "KXHIGHCHI-25MAR19-T63",
            "count": 69,
            "created_time": "2025-03-19T12:16:00.215813Z",
            "yes_price": 64,
            "no_price": 36,
            "taker_side": "no"
        },
        {
            "trade_id": "3fc0c3a9-f152-4c98-8acb-b47b66554f7b",
            "ticker": "KXHIGHCHI-25MAR19-T63",
            "count": 20,
            "created_time": "2025-03-19T12:16:00.215813Z",
            "yes_price": 65,
            "no_price": 35,
            "taker_side": "no"
        },
        {
            "trade_id": "dee41865-419f-41d9-b848-f109a8421136",
            "ticker": "KXHIGHCHI-25MAR19-T63",
            "count": 66,
            "created_time": "2025-03-19T12:15:20.162072Z",
            "yes_price": 70,
            "no_price": 30,
            "taker_side": "yes"
        },
        {
            "trade_id": "9f636399-fb57-4ddf-adc7-14c3eba4bcab",
            "ticker": "KXHIGHCHI-25MAR19-T63",
            "count": 240,
            "created_time": "2025-03-19T12:15:20.162072Z",
            "yes_price": 72,
            "no_price": 28,
            "taker_side": "yes"
        },
        {
            "trade_id": "ec53324d-364f-47f7-a6ba-7ccbac22ad65",
            "ticker": "KXHIGHCHI-25MAR19-T63",
            "count": 118,
            "created_time": "2025-03-19T12:10:31.754909Z",
            "yes_price": 70,
            "no_price": 30,
            "taker_side": "yes"
        },
        {
            "trade_id": "9c863cfe-eb1a-4b85-9fe2-6739291d8f64",
            "ticker": "KXHIGHCHI-25MAR19-T63",
            "count": 50,
            "created_time": "2025-03-19T12:10:31.754909Z",
            "yes_price": 68,
            "no_price": 32,
            "taker_side": "yes"
        },
        {
            "trade_id": "925df58d-753b-4cad-b114-44f6a753a8c6",
            "ticker": "KXHIGHCHI-25MAR19-T63",
            "count": 122,
            "created_time": "2025-03-19T12:10:31.754909Z",
            "yes_price": 70,
            "no_price": 30,
            "taker_side": "yes"
        },
        {
            "trade_id": "3d03e3d1-da6a-4b8a-af11-f8203e65e85d",
            "ticker": "KXHIGHCHI-25MAR19-T63",
            "count": 93,
            "created_time": "2025-03-19T12:05:57.595731Z",
            "yes_price": 69,
            "no_price": 31,
            "taker_side": "yes"
        },
        {
            "trade_id": "9e886cad-42ca-4e28-bde8-af83f79f99f8",
            "ticker": "KXHIGHCHI-25MAR19-T63",
            "count": 35,
            "created_time": "2025-03-19T12:05:14.321993Z",
            "yes_price": 67,
            "no_price": 33,
            "taker_side": "yes"
        },
        {
            "trade_id": "8977edd9-894e-42f8-9c6f-aea2df049201",
            "ticker": "KXHIGHCHI-25MAR19-T63",
            "count": 65,
            "created_time": "2025-03-19T12:05:14.321993Z",
            "yes_price": 69,
            "no_price": 31,
            "taker_side": "yes"
        },
        {
            "trade_id": "8d19e724-afb3-4743-92c2-daf6e528b95e",
            "ticker": "KXHIGHCHI-25MAR19-T63",
            "count": 36,
            "created_time": "2025-03-19T12:05:05.723878Z",
            "yes_price": 67,
            "no_price": 33,
            "taker_side": "yes"
        },
        {
            "trade_id": "e00e62c5-36ef-4851-a2aa-ab13921d3c3e",
            "ticker": "KXHIGHCHI-25MAR19-T63",
            "count": 46,
            "created_time": "2025-03-19T12:04:29.601685Z",
            "yes_price": 68,
            "no_price": 32,
            "taker_side": "yes"
        },
        {
            "trade_id": "444da601-5336-4c76-a486-9a95e33d8d8e",
            "ticker": "KXHIGHCHI-25MAR19-T63",
            "count": 29,
            "created_time": "2025-03-19T12:04:29.601685Z",
            "yes_price": 66,
            "no_price": 34,
            "taker_side": "yes"
        },
        {
            "trade_id": "efd71e59-7776-4251-a319-546b2258742c",
            "ticker": "KXHIGHCHI-25MAR19-T63",
            "count": 100,
            "created_time": "2025-03-19T12:03:59.409323Z",
            "yes_price": 74,
            "no_price": 26,
            "taker_side": "yes"
        },
        {
            "trade_id": "be579753-506b-4f6b-80eb-38e517a42ebd",
            "ticker": "KXHIGHCHI-25MAR19-T63",
            "count": 680,
            "created_time": "2025-03-19T12:03:59.409323Z",
            "yes_price": 75,
            "no_price": 25,
            "taker_side": "yes"
        },
        {
            "trade_id": "856fcbfc-f51a-484a-8356-81bae4e418a7",
            "ticker": "KXHIGHCHI-25MAR19-T63",
            "count": 4,
            "created_time": "2025-03-19T12:03:59.409323Z",
            "yes_price": 74,
            "no_price": 26,
            "taker_side": "yes"
        },
        {
            "trade_id": "e13724c5-25c3-49eb-9c93-0d7ada8d2155",
            "ticker": "KXHIGHCHI-25MAR19-T63",
            "count": 706,
            "created_time": "2025-03-19T12:02:32.734768Z",
            "yes_price": 75,
            "no_price": 25,
            "taker_side": "yes"
        },
        {
            "trade_id": "d76c6dbe-44f6-492a-b85b-3b178b2dd80a",
            "ticker": "KXHIGHCHI-25MAR19-T63",
            "count": 17,
            "created_time": "2025-03-19T12:02:00.045735Z",
            "yes_price": 74,
            "no_price": 26,
            "taker_side": "yes"
        },
        {
            "trade_id": "58a8468c-795e-4eb4-bae3-2592492415d9",
            "ticker": "KXHIGHCHI-25MAR19-T63",
            "count": 5,
            "created_time": "2025-03-19T12:02:00.045735Z",
            "yes_price": 73,
            "no_price": 27,
            "taker_side": "yes"
        },
        {
            "trade_id": "929c27ca-9304-4544-bd05-2cee1a5aa21a",
            "ticker": "KXHIGHCHI-25MAR19-T63",
            "count": 6,
            "created_time": "2025-03-19T12:00:52.313447Z",
            "yes_price": 74,
            "no_price": 26,
            "taker_side": "yes"
        },
        {
            "trade_id": "76a289ed-b90f-4878-925b-c32c3dbd6d12",
            "ticker": "KXHIGHCHI-25MAR19-T63",
            "count": 20,
            "created_time": "2025-03-19T12:00:52.313447Z",
            "yes_price": 73,
            "no_price": 27,
            "taker_side": "yes"
        },
        {
            "trade_id": "06afc1ec-539a-48bd-9e76-04f1bd73df12",
            "ticker": "KXHIGHCHI-25MAR19-T63",
            "count": 1,
            "created_time": "2025-03-19T12:00:51.49842Z",
            "yes_price": 62,
            "no_price": 38,
            "taker_side": "no"
        },
        {
            "trade_id": "e87ce884-8af2-48a6-9561-b9ad911d55a1",
            "ticker": "KXHIGHCHI-25MAR19-T63",
            "count": 18,
            "created_time": "2025-03-19T12:00:32.482563Z",
            "yes_price": 69,
            "no_price": 31,
            "taker_side": "yes"
        },
        {
            "trade_id": "a416e058-94b3-4439-8e3f-3dffd426a50b",
            "ticker": "KXHIGHCHI-25MAR19-T63",
            "count": 20,
            "created_time": "2025-03-19T12:00:32.482563Z",
            "yes_price": 70,
            "no_price": 30,
            "taker_side": "yes"
        },
        {
            "trade_id": "9e6e933b-977e-4b53-b859-8a1a8fd22c12",
            "ticker": "KXHIGHCHI-25MAR19-T63",
            "count": 19,
            "created_time": "2025-03-19T12:00:32.482563Z",
            "yes_price": 66,
            "no_price": 34,
            "taker_side": "yes"
        },
        {
            "trade_id": "9ca79808-7f7a-4ce2-aad9-6548da15fbd1",
            "ticker": "KXHIGHCHI-25MAR19-T63",
            "count": 80,
            "created_time": "2025-03-19T12:00:32.482563Z",
            "yes_price": 71,
            "no_price": 29,
            "taker_side": "yes"
        },
        {
            "trade_id": "3c128601-8aed-4b74-8a5a-7681cad0b48a",
            "ticker": "KXHIGHCHI-25MAR19-T63",
            "count": 80,
            "created_time": "2025-03-19T12:00:32.482563Z",
            "yes_price": 73,
            "no_price": 27,
            "taker_side": "yes"
        },
        {
            "trade_id": "fb409500-433a-46b6-b894-1d371e34fa1d",
            "ticker": "KXHIGHCHI-25MAR19-T63",
            "count": 10,
            "created_time": "2025-03-19T12:00:27.772816Z",
            "yes_price": 97,
            "no_price": 3,
            "taker_side": "yes"
        },
        {
            "trade_id": "e7dc4923-4a98-4fb8-a80a-6070c4c17ff3",
            "ticker": "KXHIGHCHI-25MAR19-T63",
            "count": 24,
            "created_time": "2025-03-19T12:00:27.772816Z",
            "yes_price": 80,
            "no_price": 20,
            "taker_side": "yes"
        },
        {
            "trade_id": "e201fb87-e0c6-49ed-8b04-b85a90bfce0e",
            "ticker": "KXHIGHCHI-25MAR19-T63",
            "count": 19,
            "created_time": "2025-03-19T12:00:27.772816Z",
            "yes_price": 74,
            "no_price": 26,
            "taker_side": "yes"
        },
        {
            "trade_id": "dccb4887-a465-4133-affb-e51a902a78a1",
            "ticker": "KXHIGHCHI-25MAR19-T63",
            "count": 36,
            "created_time": "2025-03-19T12:00:27.772816Z",
            "yes_price": 68,
            "no_price": 32,
            "taker_side": "yes"
        },
        {
            "trade_id": "c7e7fbd6-50af-460c-bb5d-9918c3c5ab6d",
            "ticker": "KXHIGHCHI-25MAR19-T63",
            "count": 10,
            "created_time": "2025-03-19T12:00:27.772816Z",
            "yes_price": 91,
            "no_price": 9,
            "taker_side": "yes"
        },
        {
            "trade_id": "bfd357c9-f091-4dca-8cb4-5cd9206d361a",
            "ticker": "KXHIGHCHI-25MAR19-T63",
            "count": 10,
            "created_time": "2025-03-19T12:00:27.772816Z",
            "yes_price": 93,
            "no_price": 7,
            "taker_side": "yes"
        },
        {
            "trade_id": "bb0ccfb8-a874-4397-bb1f-6e7c41ce1fff",
            "ticker": "KXHIGHCHI-25MAR19-T63",
            "count": 10,
            "created_time": "2025-03-19T12:00:27.772816Z",
            "yes_price": 86,
            "no_price": 14,
            "taker_side": "yes"
        },
        {
            "trade_id": "a4e144e4-f1e8-44ec-94ea-d1c78d4f8fdf",
            "ticker": "KXHIGHCHI-25MAR19-T63",
            "count": 676,
            "created_time": "2025-03-19T12:00:27.772816Z",
            "yes_price": 99,
            "no_price": 1,
            "taker_side": "yes"
        },
        {
            "trade_id": "a2a8715c-de55-4c24-8a3c-e56ea0eae1e3",
            "ticker": "KXHIGHCHI-25MAR19-T63",
            "count": 10,
            "created_time": "2025-03-19T12:00:27.772816Z",
            "yes_price": 85,
            "no_price": 15,
            "taker_side": "yes"
        },
        {
            "trade_id": "a1368060-a56f-4cd1-a221-704b74940d79",
            "ticker": "KXHIGHCHI-25MAR19-T63",
            "count": 10,
            "created_time": "2025-03-19T12:00:27.772816Z",
            "yes_price": 94,
            "no_price": 6,
            "taker_side": "yes"
        },
        {
            "trade_id": "991bef44-e8f5-4e07-b012-7bd031a2d5bf",
            "ticker": "KXHIGHCHI-25MAR19-T63",
            "count": 240,
            "created_time": "2025-03-19T12:00:27.772816Z",
            "yes_price": 63,
            "no_price": 37,
            "taker_side": "yes"
        },
        {
            "trade_id": "96d3f83d-6519-43a7-803a-ab9b359c98be",
            "ticker": "KXHIGHCHI-25MAR19-T63",
            "count": 10,
            "created_time": "2025-03-19T12:00:27.772816Z",
            "yes_price": 87,
            "no_price": 13,
            "taker_side": "yes"
        },
        {
            "trade_id": "95d1adca-298c-4d4e-abdd-83705c531ed2",
            "ticker": "KXHIGHCHI-25MAR19-T63",
            "count": 10,
            "created_time": "2025-03-19T12:00:27.772816Z",
            "yes_price": 92,
            "no_price": 8,
            "taker_side": "yes"
        },
        {
            "trade_id": "86f90a0d-e0ff-4c7c-8855-fcdd99dbb936",
            "ticker": "KXHIGHCHI-25MAR19-T63",
            "count": 10,
            "created_time": "2025-03-19T12:00:27.772816Z",
            "yes_price": 90,
            "no_price": 10,
            "taker_side": "yes"
        },
        {
            "trade_id": "8672909a-be8b-4af9-8ca0-eaa8ebf43cff",
            "ticker": "KXHIGHCHI-25MAR19-T63",
            "count": 10,
            "created_time": "2025-03-19T12:00:27.772816Z",
            "yes_price": 89,
            "no_price": 11,
            "taker_side": "yes"
        },
        {
            "trade_id": "853c9366-23e3-4090-905e-8afdb0142fb5",
            "ticker": "KXHIGHCHI-25MAR19-T63",
            "count": 240,
            "created_time": "2025-03-19T12:00:27.772816Z",
            "yes_price": 65,
            "no_price": 35,
            "taker_side": "yes"
        },
        {
            "trade_id": "82b75067-2247-46ad-b2b6-d27b51cf8af3",
            "ticker": "KXHIGHCHI-25MAR19-T63",
            "count": 500,
            "created_time": "2025-03-19T12:00:27.772816Z",
            "yes_price": 87,
            "no_price": 13,
            "taker_side": "yes"
        },
        {
            "trade_id": "7d2ee427-2b06-4c4d-988e-f1014a8415d2",
            "ticker": "KXHIGHCHI-25MAR19-T63",
            "count": 276,
            "created_time": "2025-03-19T12:00:27.772816Z",
            "yes_price": 75,
            "no_price": 25,
            "taker_side": "yes"
        },
        {
            "trade_id": "74086606-606d-48f8-95c9-ccd4d1d55f3e",
            "ticker": "KXHIGHCHI-25MAR19-T63",
            "count": 31,
            "created_time": "2025-03-19T12:00:27.772816Z",
            "yes_price": 61,
            "no_price": 39,
            "taker_side": "yes"
        },
        {
            "trade_id": "729ae2de-cc84-4ece-b581-f24beb08b99c",
            "ticker": "KXHIGHCHI-25MAR19-T63",
            "count": 19,
            "created_time": "2025-03-19T12:00:27.772816Z",
            "yes_price": 86,
            "no_price": 14,
            "taker_side": "yes"
        },
        {
            "trade_id": "6ea7e32a-f880-44f0-bca5-b09758473ef7",
            "ticker": "KXHIGHCHI-25MAR19-T63",
            "count": 10,
            "created_time": "2025-03-19T12:00:27.772816Z",
            "yes_price": 96,
            "no_price": 4,
            "taker_side": "yes"
        },
        {
            "trade_id": "6aba43ed-9ed2-4e3f-b809-01a309ca02b9",
            "ticker": "KXHIGHCHI-25MAR19-T63",
            "count": 5,
            "created_time": "2025-03-19T12:00:27.772816Z",
            "yes_price": 75,
            "no_price": 25,
            "taker_side": "yes"
        },
        {
            "trade_id": "5be8fef6-18b0-495c-a6ff-9aba5c2eaadd",
            "ticker": "KXHIGHCHI-25MAR19-T63",
            "count": 10,
            "created_time": "2025-03-19T12:00:27.772816Z",
            "yes_price": 88,
            "no_price": 12,
            "taker_side": "yes"
        },
        {
            "trade_id": "4f42d7c1-6912-488e-8608-eddd4f0ebf02",
            "ticker": "KXHIGHCHI-25MAR19-T63",
            "count": 10,
            "created_time": "2025-03-19T12:00:27.772816Z",
            "yes_price": 98,
            "no_price": 2,
            "taker_side": "yes"
        },
        {
            "trade_id": "4767b87d-c136-4551-842d-73c3993f7cf1",
            "ticker": "KXHIGHCHI-25MAR19-T63",
            "count": 100,
            "created_time": "2025-03-19T12:00:27.772816Z",
            "yes_price": 97,
            "no_price": 3,
            "taker_side": "yes"
        },
        {
            "trade_id": "14673b1e-7d7f-41b1-9ac3-91868ac51078",
            "ticker": "KXHIGHCHI-25MAR19-T63",
            "count": 76,
            "created_time": "2025-03-19T12:00:27.772816Z",
            "yes_price": 70,
            "no_price": 30,
            "taker_side": "yes"
        },
        {
            "trade_id": "0d7bdc78-80d4-4bf2-a905-cf82ef542013",
            "ticker": "KXHIGHCHI-25MAR19-T63",
            "count": 100,
            "created_time": "2025-03-19T12:00:27.772816Z",
            "yes_price": 98,
            "no_price": 2,
            "taker_side": "yes"
        },
        {
            "trade_id": "096b6b4d-e635-44b6-bc23-9329705dbc2b",
            "ticker": "KXHIGHCHI-25MAR19-T63",
            "count": 20,
            "created_time": "2025-03-19T12:00:27.772816Z",
            "yes_price": 67,
            "no_price": 33,
            "taker_side": "yes"
        },
        {
            "trade_id": "04eb9613-77f2-498f-8127-5110ac2b81e1",
            "ticker": "KXHIGHCHI-25MAR19-T63",
            "count": 10,
            "created_time": "2025-03-19T12:00:27.772816Z",
            "yes_price": 95,
            "no_price": 5,
            "taker_side": "yes"
        },
        {
            "trade_id": "b3c2c485-b176-4795-ac82-be64e1ccce64",
            "ticker": "KXHIGHCHI-25MAR19-T63",
            "count": 25,
            "created_time": "2025-03-19T06:58:51.315426Z",
            "yes_price": 61,
            "no_price": 39,
            "taker_side": "yes"
        },
        {
            "trade_id": "0d565946-f2c5-4f88-8b96-26789994ca32",
            "ticker": "KXHIGHCHI-25MAR19-T63",
            "count": 117,
            "created_time": "2025-03-19T06:58:21.233774Z",
            "yes_price": 63,
            "no_price": 37,
            "taker_side": "yes"
        },
        {
            "trade_id": "c56747e8-4718-486c-bff1-c22f0e02bf15",
            "ticker": "KXHIGHCHI-25MAR19-T63",
            "count": 13,
            "created_time": "2025-03-19T06:58:03.635984Z",
            "yes_price": 62,
            "no_price": 38,
            "taker_side": "yes"
        },
        {
            "trade_id": "39f31557-89a1-4ec8-aee8-a5eb3bb9f460",
            "ticker": "KXHIGHCHI-25MAR19-T63",
            "count": 118,
            "created_time": "2025-03-19T06:58:03.635984Z",
            "yes_price": 62,
            "no_price": 38,
            "taker_side": "yes"
        },
        {
            "trade_id": "a8d523e0-ea16-4a4b-9898-201ce38c6396",
            "ticker": "KXHIGHCHI-25MAR19-T63",
            "count": 119,
            "created_time": "2025-03-19T06:57:46.013157Z",
            "yes_price": 61,
            "no_price": 39,
            "taker_side": "yes"
        },
        {
            "trade_id": "5f2a2270-772a-40d2-9db5-deb913fdb29b",
            "ticker": "KXHIGHCHI-25MAR19-T63",
            "count": 44,
            "created_time": "2025-03-19T06:57:33.686992Z",
            "yes_price": 60,
            "no_price": 40,
            "taker_side": "yes"
        },
        {
            "trade_id": "b5152eb9-f7ed-460a-9371-7260bee30c11",
            "ticker": "KXHIGHCHI-25MAR19-T63",
            "count": 44,
            "created_time": "2025-03-19T06:57:23.597759Z",
            "yes_price": 60,
            "no_price": 40,
            "taker_side": "yes"
        },
        {
            "trade_id": "6cd8fb06-3c9b-4bbb-ab93-1b0f7555c18d",
            "ticker": "KXHIGHCHI-25MAR19-T63",
            "count": 50,
            "created_time": "2025-03-19T06:57:23.597759Z",
            "yes_price": 60,
            "no_price": 40,
            "taker_side": "yes"
        },
        {
            "trade_id": "2e9a5dae-a1f6-49ac-81b6-483fcad0d23c",
            "ticker": "KXHIGHCHI-25MAR19-T63",
            "count": 50,
            "created_time": "2025-03-19T06:56:47.309028Z",
            "yes_price": 58,
            "no_price": 42,
            "taker_side": "yes"
        },
        {
            "trade_id": "81b5fec6-16fe-40b8-b580-2a68a43f8b17",
            "ticker": "KXHIGHCHI-25MAR19-T63",
            "count": 50,
            "created_time": "2025-03-19T06:56:32.740917Z",
            "yes_price": 55,
            "no_price": 45,
            "taker_side": "no"
        },
        {
            "trade_id": "d362de3f-25dc-4331-bf7c-ec53ed6f9d8b",
            "ticker": "KXHIGHCHI-25MAR19-T63",
            "count": 50,
            "created_time": "2025-03-19T06:56:28.422025Z",
            "yes_price": 59,
            "no_price": 41,
            "taker_side": "yes"
        },
        {
            "trade_id": "24ebd0d0-117b-4e35-83de-1b96bc031a91",
            "ticker": "KXHIGHCHI-25MAR19-T63",
            "count": 40,
            "created_time": "2025-03-19T06:56:28.422025Z",
            "yes_price": 59,
            "no_price": 41,
            "taker_side": "yes"
        },
        {
            "trade_id": "d6691e8e-1526-4a7c-a6e4-c5ce444b3411",
            "ticker": "KXHIGHCHI-25MAR19-T63",
            "count": 10,
            "created_time": "2025-03-19T06:54:09.20739Z",
            "yes_price": 58,
            "no_price": 42,
            "taker_side": "no"
        },
        {
            "trade_id": "ee43262c-a883-40f6-b756-bbb8b7a8c4e8",
            "ticker": "KXHIGHCHI-25MAR19-T63",
            "count": 14,
            "created_time": "2025-03-19T06:39:32.822192Z",
            "yes_price": 68,
            "no_price": 32,
            "taker_side": "yes"
        },
        {
            "trade_id": "63ebdb73-94af-4f9d-8544-3a5eb0cbf129",
            "ticker": "KXHIGHCHI-25MAR19-T63",
            "count": 19,
            "created_time": "2025-03-19T06:32:09.768814Z",
            "yes_price": 66,
            "no_price": 34,
            "taker_side": "yes"
        },
        {
            "trade_id": "11c8ca2b-7cba-486a-be73-61e5ec771f62",
            "ticker": "KXHIGHCHI-25MAR19-T63",
            "count": 29,
            "created_time": "2025-03-19T06:30:50.680669Z",
            "yes_price": 59,
            "no_price": 41,
            "taker_side": "yes"
        },
        {
            "trade_id": "b93f50fa-1322-40f0-9f40-0df8ece5e5e1",
            "ticker": "KXHIGHCHI-25MAR19-T63",
            "count": 21,
            "created_time": "2025-03-19T06:30:40.211649Z",
            "yes_price": 59,
            "no_price": 41,
            "taker_side": "yes"
        },
        {
            "trade_id": "0690e3a5-0290-4e67-b093-99a2a63fb61e",
            "ticker": "KXHIGHCHI-25MAR19-T63",
            "count": 1,
            "created_time": "2025-03-19T06:28:58.655944Z",
            "yes_price": 66,
            "no_price": 34,
            "taker_side": "yes"
        },
        {
            "trade_id": "6230dbca-23cd-4e96-a8b2-5c4cc39354aa",
            "ticker": "KXHIGHCHI-25MAR19-T63",
            "count": 11,
            "created_time": "2025-03-19T06:24:23.241422Z",
            "yes_price": 62,
            "no_price": 38,
            "taker_side": "no"
        },
        {
            "trade_id": "066facb3-ba2d-4292-a17b-668536e9b252",
            "ticker": "KXHIGHCHI-25MAR19-T63",
            "count": 4,
            "created_time": "2025-03-19T06:24:08.400563Z",
            "yes_price": 62,
            "no_price": 38,
            "taker_side": "yes"
        },
        {
            "trade_id": "b461c1ab-8fd2-41d4-a3f2-6b088a04d107",
            "ticker": "KXHIGHCHI-25MAR19-T63",
            "count": 17,
            "created_time": "2025-03-19T06:22:01.804228Z",
            "yes_price": 64,
            "no_price": 36,
            "taker_side": "yes"
        },
        {
            "trade_id": "71fecfa7-2f86-421e-839d-4411d646d1da",
            "ticker": "KXHIGHCHI-25MAR19-T63",
            "count": 32,
            "created_time": "2025-03-19T06:22:01.804228Z",
            "yes_price": 62,
            "no_price": 38,
            "taker_side": "yes"
        },
        {
            "trade_id": "4194af1f-5c0e-4099-a284-f2409de9b8ee",
            "ticker": "KXHIGHCHI-25MAR19-T63",
            "count": 27,
            "created_time": "2025-03-19T06:22:01.804228Z",
            "yes_price": 62,
            "no_price": 38,
            "taker_side": "yes"
        },
        {
            "trade_id": "ba57b1eb-3c99-4989-bc94-0f8f3f4b7313",
            "ticker": "KXHIGHCHI-25MAR19-T63",
            "count": 50,
            "created_time": "2025-03-19T06:16:43.821406Z",
            "yes_price": 57,
            "no_price": 43,
            "taker_side": "yes"
        },
        {
            "trade_id": "78b9ae8c-0777-45d8-b504-ef7f3d4daff0",
            "ticker": "KXHIGHCHI-25MAR19-T63",
            "count": 7,
            "created_time": "2025-03-19T06:16:40.062406Z",
            "yes_price": 58,
            "no_price": 42,
            "taker_side": "no"
        },
        {
            "trade_id": "6f257b8f-107d-42a8-a65f-2c82064d3dd4",
            "ticker": "KXHIGHCHI-25MAR19-T63",
            "count": 25,
            "created_time": "2025-03-19T06:16:40.062406Z",
            "yes_price": 56,
            "no_price": 44,
            "taker_side": "no"
        },
        {
            "trade_id": "480bce62-34d0-408a-8561-0c2a1dea2ef2",
            "ticker": "KXHIGHCHI-25MAR19-T63",
            "count": 18,
            "created_time": "2025-03-19T06:16:40.062406Z",
            "yes_price": 58,
            "no_price": 42,
            "taker_side": "no"
        },
        {
            "trade_id": "80724349-483c-477c-8b6f-76a36c9fd16c",
            "ticker": "KXHIGHCHI-25MAR19-T63",
            "count": 18,
            "created_time": "2025-03-19T06:10:46.364421Z",
            "yes_price": 62,
            "no_price": 38,
            "taker_side": "yes"
        },
        {
            "trade_id": "601393bf-1083-4e3d-8c49-2699fa72f866",
            "ticker": "KXHIGHCHI-25MAR19-T63",
            "count": 107,
            "created_time": "2025-03-19T06:04:14.289938Z",
            "yes_price": 57,
            "no_price": 43,
            "taker_side": "no"
        },
        {
            "trade_id": "8a8b067e-27d6-4e1f-bd6d-2b37219884f7",
            "ticker": "KXHIGHCHI-25MAR19-T63",
            "count": 50,
            "created_time": "2025-03-19T06:03:37.212081Z",
            "yes_price": 58,
            "no_price": 42,
            "taker_side": "yes"
        },
        {
            "trade_id": "243c392c-1475-42ae-b7b7-621184e3d0e8",
            "ticker": "KXHIGHCHI-25MAR19-T63",
            "count": 1,
            "created_time": "2025-03-19T06:01:04.613602Z",
            "yes_price": 63,
            "no_price": 37,
            "taker_side": "yes"
        },
        {
            "trade_id": "3f76c6c6-659a-4708-99a1-d0b7156e6cad",
            "ticker": "KXHIGHCHI-25MAR19-T63",
            "count": 5,
            "created_time": "2025-03-19T05:59:38.29042Z",
            "yes_price": 59,
            "no_price": 41,
            "taker_side": "yes"
        },
        {
            "trade_id": "3c5194a1-aee2-48dc-8a31-f5c21b860c52",
            "ticker": "KXHIGHCHI-25MAR19-T63",
            "count": 72,
            "created_time": "2025-03-19T05:55:04.111036Z",
            "yes_price": 61,
            "no_price": 39,
            "taker_side": "no"
        },
        {
            "trade_id": "2c43d88e-0c6d-4874-a375-b1b1e6980517",
            "ticker": "KXHIGHCHI-25MAR19-T63",
            "count": 128,
            "created_time": "2025-03-19T05:55:04.111036Z",
            "yes_price": 59,
            "no_price": 41,
            "taker_side": "no"
        },
        {
            "trade_id": "4824d3a1-b302-4d04-b1c7-c1dd4a75e1d1",
            "ticker": "KXHIGHCHI-25MAR19-T63",
            "count": 50,
            "created_time": "2025-03-19T05:52:43.944344Z",
            "yes_price": 63,
            "no_price": 37,
            "taker_side": "no"
        },
        {
            "trade_id": "72e29085-6d20-4293-b8ac-ff550cae5cef",
            "ticker": "KXHIGHCHI-25MAR19-T63",
            "count": 47,
            "created_time": "2025-03-19T05:51:49.607282Z",
            "yes_price": 61,
            "no_price": 39,
            "taker_side": "no"
        },
        {
            "trade_id": "37a5a985-f807-4f9a-ba21-601bf7fdf71f",
            "ticker": "KXHIGHCHI-25MAR19-T63",
            "count": 3,
            "created_time": "2025-03-19T05:51:49.607282Z",
            "yes_price": 63,
            "no_price": 37,
            "taker_side": "no"
        },
        {
            "trade_id": "d0d31c24-5f80-4048-86aa-2c9e8e3da58c",
            "ticker": "KXHIGHCHI-25MAR19-T63",
            "count": 50,
            "created_time": "2025-03-19T05:51:24.640727Z",
            "yes_price": 62,
            "no_price": 38,
            "taker_side": "yes"
        },
        {
            "trade_id": "56f46811-f7ac-4235-b477-88517cb312d1",
            "ticker": "KXHIGHCHI-25MAR19-T63",
            "count": 45,
            "created_time": "2025-03-19T05:51:24.580612Z",
            "yes_price": 61,
            "no_price": 39,
            "taker_side": "yes"
        },
        {
            "trade_id": "ff871664-861e-477a-b716-0102942305e4",
            "ticker": "KXHIGHCHI-25MAR19-T63",
            "count": 2,
            "created_time": "2025-03-19T05:48:54.175556Z",
            "yes_price": 60,
            "no_price": 40,
            "taker_side": "yes"
        },
        {
            "trade_id": "e7f05c4a-ae00-4b37-a5bf-f23eb93e29c9",
            "ticker": "KXHIGHCHI-25MAR19-T63",
            "count": 155,
