{
    "KXHIGHCHI-25JAN29-T36": [
        {
            "trade_id": "15aedc63-c467-44f8-9eb5-0b6bbf94bd02",
            "ticker": "KXHIGHCHI-25JAN29-T36",
            "count": 100,
            "created_time": "2025-01-29T04:53:49.893348Z",
            "yes_price": 1,
            "no_price": 99,
            "taker_side": "yes"
        },
        {
            "trade_id": "5cbf6051-0715-4181-ad58-2fe575aaa644",
            "ticker": "KXHIGHCHI-25JAN29-T36",
            "count": 1,
            "created_time": "2025-01-29T04:21:23.34236Z",
            "yes_price": 1,
            "no_price": 99,
            "taker_side": "yes"
        }
    ],
    "KXHIGHCHI-25JAN29-B36.5": [
        {
            "trade_id": "cf71dd50-84dd-41f8-b637-85ae48ebe995",
            "ticker": "KXHIGHCHI-25JAN29-B36.5",
            "count": 100,
            "created_time": "2025-01-29T04:53:51.281149Z",
            "yes_price": 1,
            "no_price": 99,
            "taker_side": "yes"
        },
        {
            "trade_id": "69654177-85f2-4398-99f2-c3c7c89a2464",
            "ticker": "KXHIGHCHI-25JAN29-B36.5",
            "count": 1,
            "created_time": "2025-01-29T04:21:34.090532Z",
            "yes_price": 1,
            "no_price": 99,
            "taker_side": "yes"
        },
        {
            "trade_id": "2ff8f5ca-27c9-48ad-b887-530d2a9106f9",
            "ticker": "KXHIGHCHI-25JAN29-B36.5",
            "count": 18,
            "created_time": "2025-01-29T00:59:49.192878Z",
            "yes_price": 5,
            "no_price": 95,
            "taker_side": "yes"
        }
    ],
    "KXHIGHCHI-25JAN29-B38.5": [
        {
            "trade_id": "f83820cf-fd2a-4fd4-ae72-8f6fbc40e222",
            "ticker": "KXHIGHCHI-25JAN29-B38.5",
            "count": 1,
            "created_time": "2025-01-29T05:36:30.008891Z",
            "yes_price": 5,
            "no_price": 95,
            "taker_side": "yes"
        },
        {
            "trade_id": "71fb3f9a-3442-47ce-a339-65856ddfc571",
            "ticker": "KXHIGHCHI-25JAN29-B38.5",
            "count": 185,
            "created_time": "2025-01-29T05:36:30.008891Z",
            "yes_price": 5,
            "no_price": 95,
            "taker_side": "yes"
        },
        {
            "trade_id": "4eef621d-1d59-4b11-8371-2e4cf34869dd",
            "ticker": "KXHIGHCHI-25JAN29-B38.5",
            "count": 1,
            "created_time": "2025-01-29T05:36:30.008891Z",
            "yes_price": 5,
            "no_price": 95,
            "taker_side": "yes"
        },
        {
            "trade_id": "646321a8-b110-43ec-b716-7c4710ae7710",
            "ticker": "KXHIGHCHI-25JAN29-B38.5",
            "count": 1,
            "created_time": "2025-01-29T04:21:54.322663Z",
            "yes_price": 1,
            "no_price": 99,
            "taker_side": "yes"
        },
        {
            "trade_id": "439b4448-7ea6-4268-8497-4bb50797a718",
            "ticker": "KXHIGHCHI-25JAN29-B38.5",
            "count": 93,
            "created_time": "2025-01-29T00:50:35.112544Z",
            "yes_price": 1,
            "no_price": 99,
            "taker_side": "yes"
        },
        {
            "trade_id": "a574b979-91ed-4c0c-b3ff-687aa05691d8",
            "ticker": "KXHIGHCHI-25JAN29-B38.5",
            "count": 22,
            "created_time": "2025-01-28T18:23:21.215612Z",
            "yes_price": 5,
            "no_price": 95,
            "taker_side": "yes"
        },
        {
            "trade_id": "8729ed6f-97b8-46a5-bcd7-9ee6f62c6601",
            "ticker": "KXHIGHCHI-25JAN29-B38.5",
            "count": 1,
            "created_time": "2025-01-28T18:23:21.215612Z",
            "yes_price": 5,
            "no_price": 95,
            "taker_side": "yes"
        },
        {
            "trade_id": "058744b6-685b-4f49-b3d3-9e3f1d1ab5c7",
            "ticker": "KXHIGHCHI-25JAN29-B38.5",
            "count": 77,
            "created_time": "2025-01-28T18:23:21.215612Z",
            "yes_price": 7,
            "no_price": 93,
            "taker_side": "yes"
        }
    ],
    "KXHIGHCHI-25JAN29-B40.5": [
        {
            "trade_id": "4e739972-0c61-4de8-9682-5bfe280640c0",
            "ticker": "KXHIGHCHI-25JAN29-B40.5",
            "count": 187,
            "created_time": "2025-01-29T14:06:15.501631Z",
            "yes_price": 1,
            "no_price": 99,
            "taker_side": "yes"
        },
        {
            "trade_id": "91d09100-02f9-433d-add8-8360f1c71ca3",
            "ticker": "KXHIGHCHI-25JAN29-B40.5",
            "count": 47,
            "created_time": "2025-01-29T06:00:32.402862Z",
            "yes_price": 1,
            "no_price": 99,
            "taker_side": "yes"
        },
        {
            "trade_id": "640d48ba-e305-46ff-865a-72aaf23f1e0d",
            "ticker": "KXHIGHCHI-25JAN29-B40.5",
            "count": 1068,
            "created_time": "2025-01-29T05:58:36.53913Z",
            "yes_price": 1,
            "no_price": 99,
            "taker_side": "no"
        },
        {
            "trade_id": "5012f1e2-0ecd-4619-9eb0-0cc1f065e5f1",
            "ticker": "KXHIGHCHI-25JAN29-B40.5",
            "count": 86,
            "created_time": "2025-01-29T05:58:36.53913Z",
            "yes_price": 1,
            "no_price": 99,
            "taker_side": "no"
        },
        {
            "trade_id": "1c90e71b-9c6f-4d0c-aa71-53b7363334bc",
            "ticker": "KXHIGHCHI-25JAN29-B40.5",
            "count": 63,
            "created_time": "2025-01-29T05:58:36.53913Z",
            "yes_price": 1,
            "no_price": 99,
            "taker_side": "no"
        },
        {
            "trade_id": "33dd5f78-124f-4eb5-a0b6-9faac0a311b3",
            "ticker": "KXHIGHCHI-25JAN29-B40.5",
            "count": 197,
            "created_time": "2025-01-29T05:49:57.311061Z",
            "yes_price": 2,
            "no_price": 98,
            "taker_side": "no"
        },
        {
            "trade_id": "d844b5d0-b45e-46e2-909e-5b0947661c68",
            "ticker": "KXHIGHCHI-25JAN29-B40.5",
            "count": 187,
            "created_time": "2025-01-29T05:36:35.478745Z",
            "yes_price": 5,
            "no_price": 95,
            "taker_side": "yes"
        },
        {
            "trade_id": "924dd1b6-be9a-4766-ba2c-da2a7f5c702d",
            "ticker": "KXHIGHCHI-25JAN29-B40.5",
            "count": 187,
            "created_time": "2025-01-29T05:21:01.632818Z",
            "yes_price": 5,
            "no_price": 95,
            "taker_side": "yes"
        },
        {
            "trade_id": "a50b4a00-b90a-49cf-aff4-da0f81660f64",
            "ticker": "KXHIGHCHI-25JAN29-B40.5",
            "count": 41,
            "created_time": "2025-01-29T04:37:05.851749Z",
            "yes_price": 5,
            "no_price": 95,
            "taker_side": "no"
        },
        {
            "trade_id": "7451d445-33ed-4aea-a7c6-d663555beb18",
            "ticker": "KXHIGHCHI-25JAN29-B40.5",
            "count": 1,
            "created_time": "2025-01-29T04:37:00.202264Z",
            "yes_price": 6,
            "no_price": 94,
            "taker_side": "no"
        },
        {
            "trade_id": "5ac0812d-4a2d-4d31-a74e-d86733845d5b",
            "ticker": "KXHIGHCHI-25JAN29-B40.5",
            "count": 1,
            "created_time": "2025-01-29T04:22:12.880414Z",
            "yes_price": 6,
            "no_price": 94,
            "taker_side": "yes"
        },
        {
            "trade_id": "582ff45a-7c4c-480d-bf1e-5d03972d81b7",
            "ticker": "KXHIGHCHI-25JAN29-B40.5",
            "count": 3,
            "created_time": "2025-01-29T04:20:33.743996Z",
            "yes_price": 2,
            "no_price": 98,
            "taker_side": "no"
        },
        {
            "trade_id": "80ee5bc2-0204-4956-a012-c5015ec6f9f6",
            "ticker": "KXHIGHCHI-25JAN29-B40.5",
            "count": 50,
            "created_time": "2025-01-29T04:00:18.814478Z",
            "yes_price": 7,
            "no_price": 93,
            "taker_side": "yes"
        },
        {
            "trade_id": "dc44abd3-9e81-459e-9e05-467b4a983ad7",
            "ticker": "KXHIGHCHI-25JAN29-B40.5",
            "count": 13,
            "created_time": "2025-01-29T03:45:12.955741Z",
            "yes_price": 7,
            "no_price": 93,
            "taker_side": "yes"
        },
        {
            "trade_id": "a8a25a51-fde1-4f98-8e18-c81262c209d1",
            "ticker": "KXHIGHCHI-25JAN29-B40.5",
            "count": 139,
            "created_time": "2025-01-29T02:39:23.77546Z",
            "yes_price": 8,
            "no_price": 92,
            "taker_side": "yes"
        },
        {
            "trade_id": "74979ec2-9237-4d11-ad44-a37db0b3bcb4",
            "ticker": "KXHIGHCHI-25JAN29-B40.5",
            "count": 61,
            "created_time": "2025-01-29T02:39:23.77546Z",
            "yes_price": 7,
            "no_price": 93,
            "taker_side": "yes"
        },
        {
            "trade_id": "a88f59da-ade4-4785-9573-87fba68ddf43",
            "ticker": "KXHIGHCHI-25JAN29-B40.5",
            "count": 17,
            "created_time": "2025-01-29T02:20:12.859894Z",
            "yes_price": 7,
            "no_price": 93,
            "taker_side": "yes"
        },
        {
            "trade_id": "1978d88b-9e20-4461-8340-b8b40c98c953",
            "ticker": "KXHIGHCHI-25JAN29-B40.5",
            "count": 101,
            "created_time": "2025-01-29T02:20:12.859894Z",
            "yes_price": 8,
            "no_price": 92,
            "taker_side": "yes"
        },
        {
            "trade_id": "2874e192-8dea-49f3-963d-96d1c8683294",
            "ticker": "KXHIGHCHI-25JAN29-B40.5",
            "count": 13,
            "created_time": "2025-01-29T01:43:33.448383Z",
            "yes_price": 7,
            "no_price": 93,
            "taker_side": "yes"
        },
        {
            "trade_id": "0da3a97c-312b-4151-abce-da0ef4ff2eee",
            "ticker": "KXHIGHCHI-25JAN29-B40.5",
            "count": 2,
            "created_time": "2025-01-29T01:35:54.853566Z",
            "yes_price": 2,
            "no_price": 98,
            "taker_side": "no"
        },
        {
            "trade_id": "ea89b978-6316-48e4-b883-56c2251c172f",
            "ticker": "KXHIGHCHI-25JAN29-B40.5",
            "count": 14,
            "created_time": "2025-01-29T00:54:49.068812Z",
            "yes_price": 4,
            "no_price": 96,
            "taker_side": "no"
        },
        {
            "trade_id": "629fff81-f23d-451a-ad6e-2384986465d8",
            "ticker": "KXHIGHCHI-25JAN29-B40.5",
            "count": 121,
            "created_time": "2025-01-29T00:54:49.068812Z",
            "yes_price": 4,
            "no_price": 96,
            "taker_side": "no"
        },
        {
            "trade_id": "064376d4-b37e-4268-86b6-c0f3507a110c",
            "ticker": "KXHIGHCHI-25JAN29-B40.5",
            "count": 5,
            "created_time": "2025-01-29T00:44:46.929067Z",
            "yes_price": 9,
            "no_price": 91,
            "taker_side": "yes"
        },
        {
            "trade_id": "1de32c23-04fc-4560-9ce1-d24c32a0fb17",
            "ticker": "KXHIGHCHI-25JAN29-B40.5",
            "count": 17,
            "created_time": "2025-01-28T23:54:31.493419Z",
            "yes_price": 12,
            "no_price": 88,
            "taker_side": "yes"
        },
        {
            "trade_id": "51239614-c8b4-45f4-ad07-0c3a95ba825d",
            "ticker": "KXHIGHCHI-25JAN29-B40.5",
            "count": 34,
            "created_time": "2025-01-28T23:54:20.842892Z",
            "yes_price": 13,
            "no_price": 87,
            "taker_side": "yes"
        },
        {
            "trade_id": "f7f82646-d47a-46b5-bd2f-357bb6f8c41d",
            "ticker": "KXHIGHCHI-25JAN29-B40.5",
            "count": 54,
            "created_time": "2025-01-28T23:54:09.664558Z",
            "yes_price": 12,
            "no_price": 88,
            "taker_side": "yes"
        },
        {
            "trade_id": "9111c8ef-e514-455f-b6f5-83eb2ac4eb78",
            "ticker": "KXHIGHCHI-25JAN29-B40.5",
            "count": 10,
            "created_time": "2025-01-28T23:54:00.436722Z",
            "yes_price": 11,
            "no_price": 89,
            "taker_side": "yes"
        },
        {
            "trade_id": "7d9151b3-7379-490b-98d0-9b2bf0db9ed3",
            "ticker": "KXHIGHCHI-25JAN29-B40.5",
            "count": 15,
            "created_time": "2025-01-28T23:54:00.436722Z",
            "yes_price": 11,
            "no_price": 89,
            "taker_side": "yes"
        },
        {
            "trade_id": "ee67ab3e-a982-4070-b862-7a51349de651",
            "ticker": "KXHIGHCHI-25JAN29-B40.5",
            "count": 500,
            "created_time": "2025-01-28T23:44:41.595982Z",
            "yes_price": 9,
            "no_price": 91,
            "taker_side": "yes"
        },
        {
            "trade_id": "c95cce31-2f92-4595-8553-2b5e381c0a79",
            "ticker": "KXHIGHCHI-25JAN29-B40.5",
            "count": 77,
            "created_time": "2025-01-28T23:44:41.595982Z",
            "yes_price": 13,
            "no_price": 87,
            "taker_side": "yes"
        },
        {
            "trade_id": "771b9d5b-a9a3-46e1-96b8-e53d1a066134",
            "ticker": "KXHIGHCHI-25JAN29-B40.5",
            "count": 1,
            "created_time": "2025-01-28T23:44:41.595982Z",
            "yes_price": 11,
            "no_price": 89,
            "taker_side": "yes"
        },
        {
            "trade_id": "35286f36-9f4a-498e-9a2a-532773c4251d",
            "ticker": "KXHIGHCHI-25JAN29-B40.5",
            "count": 3,
            "created_time": "2025-01-28T23:44:41.595982Z",
            "yes_price": 11,
            "no_price": 89,
            "taker_side": "yes"
        },
        {
            "trade_id": "edd3da6f-6c25-4bd8-a960-d68c28033249",
            "ticker": "KXHIGHCHI-25JAN29-B40.5",
            "count": 25,
            "created_time": "2025-01-28T23:44:34.498754Z",
            "yes_price": 7,
            "no_price": 93,
            "taker_side": "yes"
        },
        {
            "trade_id": "1580d400-40f9-4fd7-87f6-81424face294",
            "ticker": "KXHIGHCHI-25JAN29-B40.5",
            "count": 17,
            "created_time": "2025-01-28T23:44:34.498754Z",
            "yes_price": 6,
            "no_price": 94,
            "taker_side": "yes"
        },
        {
            "trade_id": "f6a2dca5-d4ab-4dc1-9e88-5d2fab371118",
            "ticker": "KXHIGHCHI-25JAN29-B40.5",
            "count": 25,
            "created_time": "2025-01-28T23:34:22.91304Z",
            "yes_price": 3,
            "no_price": 97,
            "taker_side": "no"
        },
        {
            "trade_id": "d57bc922-bf15-4067-870d-3a3f383f191f",
            "ticker": "KXHIGHCHI-25JAN29-B40.5",
            "count": 3,
            "created_time": "2025-01-28T23:21:24.74011Z",
            "yes_price": 4,
            "no_price": 96,
            "taker_side": "no"
        },
        {
            "trade_id": "6ea6cf61-c06b-4613-b3ce-f476c73efc92",
            "ticker": "KXHIGHCHI-25JAN29-B40.5",
            "count": 17,
            "created_time": "2025-01-28T23:21:24.74011Z",
            "yes_price": 5,
            "no_price": 95,
            "taker_side": "no"
        },
        {
            "trade_id": "120517c2-3280-434a-b865-3f79c9798d97",
            "ticker": "KXHIGHCHI-25JAN29-B40.5",
            "count": 168,
            "created_time": "2025-01-28T23:21:24.74011Z",
            "yes_price": 4,
            "no_price": 96,
            "taker_side": "no"
        },
        {
            "trade_id": "e4790a5c-16d2-4395-8aad-f41f064f745f",
            "ticker": "KXHIGHCHI-25JAN29-B40.5",
            "count": 17,
            "created_time": "2025-01-28T22:29:35.852901Z",
            "yes_price": 11,
            "no_price": 89,
            "taker_side": "yes"
        },
        {
            "trade_id": "9be7962f-08c4-4f8b-991c-1377e67b86c5",
            "ticker": "KXHIGHCHI-25JAN29-B40.5",
            "count": 20,
            "created_time": "2025-01-28T22:29:35.852901Z",
            "yes_price": 12,
            "no_price": 88,
            "taker_side": "yes"
        },
        {
            "trade_id": "29721949-ea5b-4a95-acb5-6e99528ced9a",
            "ticker": "KXHIGHCHI-25JAN29-B40.5",
            "count": 3,
            "created_time": "2025-01-28T22:29:35.852901Z",
            "yes_price": 12,
            "no_price": 88,
            "taker_side": "yes"
        },
        {
            "trade_id": "e4ed3609-3695-44e8-ad44-0d0d1d457c92",
            "ticker": "KXHIGHCHI-25JAN29-B40.5",
            "count": 40,
            "created_time": "2025-01-28T20:38:57.109298Z",
            "yes_price": 11,
            "no_price": 89,
            "taker_side": "yes"
        },
        {
            "trade_id": "23955646-b064-4be7-a4ea-3fbfca58a3dc",
            "ticker": "KXHIGHCHI-25JAN29-B40.5",
            "count": 3,
            "created_time": "2025-01-28T20:38:57.109298Z",
            "yes_price": 11,
            "no_price": 89,
            "taker_side": "yes"
        },
        {
            "trade_id": "1c7ac5b8-ec80-4d20-929b-bb83c2e1b110",
            "ticker": "KXHIGHCHI-25JAN29-B40.5",
            "count": 94,
            "created_time": "2025-01-28T20:38:57.109298Z",
            "yes_price": 13,
            "no_price": 87,
            "taker_side": "yes"
        },
        {
            "trade_id": "0ccce71f-ba64-461c-af81-ae994c7afaa6",
            "ticker": "KXHIGHCHI-25JAN29-B40.5",
            "count": 17,
            "created_time": "2025-01-28T20:38:57.109298Z",
            "yes_price": 10,
            "no_price": 90,
            "taker_side": "yes"
        },
        {
            "trade_id": "fadaeec9-09ed-457d-9375-a3de923883e0",
            "ticker": "KXHIGHCHI-25JAN29-B40.5",
            "count": 5,
            "created_time": "2025-01-28T20:27:10.355428Z",
            "yes_price": 4,
            "no_price": 96,
            "taker_side": "no"
        },
        {
            "trade_id": "4f723577-ce71-458f-bd4f-efd9e54b1915",
            "ticker": "KXHIGHCHI-25JAN29-B40.5",
            "count": 52,
            "created_time": "2025-01-28T18:51:35.367239Z",
            "yes_price": 14,
            "no_price": 86,
            "taker_side": "yes"
        },
        {
            "trade_id": "4bf3ae32-e8d2-4de3-99bf-d204d1e087e7",
            "ticker": "KXHIGHCHI-25JAN29-B40.5",
            "count": 17,
            "created_time": "2025-01-28T18:51:35.367239Z",
            "yes_price": 12,
            "no_price": 88,
            "taker_side": "yes"
        },
        {
            "trade_id": "e25d9b81-6860-415a-bbed-271a850c2ca1",
            "ticker": "KXHIGHCHI-25JAN29-B40.5",
            "count": 26,
            "created_time": "2025-01-28T18:23:22.823525Z",
            "yes_price": 10,
            "no_price": 90,
            "taker_side": "yes"
        },
        {
            "trade_id": "9fb1034f-aa00-4535-96a8-e32428f67b5f",
            "ticker": "KXHIGHCHI-25JAN29-B40.5",
            "count": 37,
            "created_time": "2025-01-28T18:23:22.823525Z",
            "yes_price": 10,
            "no_price": 90,
            "taker_side": "yes"
        },
        {
            "trade_id": "907868a6-83f7-47d7-b85e-f68d380943d7",
            "ticker": "KXHIGHCHI-25JAN29-B40.5",
            "count": 35,
            "created_time": "2025-01-28T18:23:22.823525Z",
            "yes_price": 10,
            "no_price": 90,
            "taker_side": "yes"
        },
        {
            "trade_id": "6c0a3204-e572-4648-9e65-255fe08557f7",
            "ticker": "KXHIGHCHI-25JAN29-B40.5",
            "count": 2,
            "created_time": "2025-01-28T18:23:22.823525Z",
            "yes_price": 12,
            "no_price": 88,
            "taker_side": "yes"
        },
        {
            "trade_id": "8d295844-dbc8-4761-a1df-ab4dadbb7b45",
            "ticker": "KXHIGHCHI-25JAN29-B40.5",
            "count": 5,
            "created_time": "2025-01-28T17:20:25.813759Z",
            "yes_price": 4,
            "no_price": 96,
            "taker_side": "no"
        },
        {
            "trade_id": "555a9861-8405-4f75-a39c-dd354db25dc8",
            "ticker": "KXHIGHCHI-25JAN29-B40.5",
            "count": 5,
            "created_time": "2025-01-28T16:55:26.653299Z",
            "yes_price": 2,
            "no_price": 98,
            "taker_side": "no"
        },
        {
            "trade_id": "a55db88f-da8c-4203-8190-6a8e99072371",
            "ticker": "KXHIGHCHI-25JAN29-B40.5",
            "count": 82,
            "created_time": "2025-01-28T16:52:53.145075Z",
            "yes_price": 7,
            "no_price": 93,
            "taker_side": "yes"
        },
        {
            "trade_id": "948affb6-2241-435a-97c2-b86e21da309c",
            "ticker": "KXHIGHCHI-25JAN29-B40.5",
            "count": 240,
            "created_time": "2025-01-28T16:52:53.145075Z",
            "yes_price": 9,
            "no_price": 91,
            "taker_side": "yes"
        },
        {
            "trade_id": "796613cd-8e66-4842-950f-3b51e099fe55",
            "ticker": "KXHIGHCHI-25JAN29-B40.5",
            "count": 3,
            "created_time": "2025-01-28T16:05:07.838017Z",
            "yes_price": 6,
            "no_price": 94,
            "taker_side": "yes"
        }
    ],
    "KXHIGHCHI-25JAN29-B42.5": [
        {
            "trade_id": "499ac902-e868-4261-8b1e-e16d8b8ee0ba",
            "ticker": "KXHIGHCHI-25JAN29-B42.5",
            "count": 187,
            "created_time": "2025-01-29T16:53:40.51848Z",
            "yes_price": 1,
            "no_price": 99,
            "taker_side": "yes"
        },
        {
            "trade_id": "7fe152b9-7c82-455f-b7c3-f556fd558a42",
            "ticker": "KXHIGHCHI-25JAN29-B42.5",
            "count": 1,
            "created_time": "2025-01-29T15:59:33.199821Z",
            "yes_price": 1,
            "no_price": 99,
            "taker_side": "yes"
        },
        {
            "trade_id": "e2bbaa3c-04f1-4108-b568-4c1cd7efd310",
            "ticker": "KXHIGHCHI-25JAN29-B42.5",
            "count": 93,
            "created_time": "2025-01-29T13:28:46.351232Z",
            "yes_price": 1,
            "no_price": 99,
            "taker_side": "yes"
        },
        {
            "trade_id": "0cbb9989-70c8-4f92-8bf9-b215f5b045ee",
            "ticker": "KXHIGHCHI-25JAN29-B42.5",
            "count": 947,
            "created_time": "2025-01-29T13:12:40.631801Z",
            "yes_price": 1,
            "no_price": 99,
            "taker_side": "yes"
        },
        {
            "trade_id": "50438e43-2649-4015-9afe-46415298901d",
            "ticker": "KXHIGHCHI-25JAN29-B42.5",
            "count": 100,
            "created_time": "2025-01-29T06:24:03.753158Z",
            "yes_price": 1,
            "no_price": 99,
            "taker_side": "yes"
        },
        {
            "trade_id": "324b2cf3-12d9-46d8-a867-b5cc714837de",
            "ticker": "KXHIGHCHI-25JAN29-B42.5",
            "count": 100,
            "created_time": "2025-01-29T06:24:02.371965Z",
            "yes_price": 1,
            "no_price": 99,
            "taker_side": "yes"
        },
        {
            "trade_id": "75abcad8-e563-43de-ad7e-cb22f356b79c",
            "ticker": "KXHIGHCHI-25JAN29-B42.5",
            "count": 935,
            "created_time": "2025-01-29T06:08:02.084151Z",
            "yes_price": 1,
            "no_price": 99,
            "taker_side": "yes"
        },
        {
            "trade_id": "f07b2f21-c861-4f7e-8804-99b627b2e949",
            "ticker": "KXHIGHCHI-25JAN29-B42.5",
            "count": 112,
            "created_time": "2025-01-29T06:01:02.545772Z",
            "yes_price": 1,
            "no_price": 99,
            "taker_side": "no"
        },
        {
            "trade_id": "e4984ba9-95e3-4a9a-9777-5ac5f57fa5fd",
            "ticker": "KXHIGHCHI-25JAN29-B42.5",
            "count": 240,
            "created_time": "2025-01-29T06:01:02.545772Z",
            "yes_price": 2,
            "no_price": 98,
            "taker_side": "no"
        },
        {
            "trade_id": "e4321300-02a8-49a5-a857-26e38536d1ce",
            "ticker": "KXHIGHCHI-25JAN29-B42.5",
            "count": 25,
            "created_time": "2025-01-29T06:01:02.545772Z",
            "yes_price": 1,
            "no_price": 99,
            "taker_side": "no"
        },
        {
            "trade_id": "d08a70b4-e4ee-4f62-8b84-f7eecc354e25",
            "ticker": "KXHIGHCHI-25JAN29-B42.5",
            "count": 400,
            "created_time": "2025-01-29T06:01:02.545772Z",
            "yes_price": 2,
            "no_price": 98,
            "taker_side": "no"
        },
        {
            "trade_id": "cecd3773-79e9-4ee3-955a-4b40f73c45da",
            "ticker": "KXHIGHCHI-25JAN29-B42.5",
            "count": 350,
            "created_time": "2025-01-29T06:01:02.545772Z",
            "yes_price": 1,
            "no_price": 99,
            "taker_side": "no"
        },
        {
            "trade_id": "ce7f4fb3-3b08-435d-83d0-aa846585c20b",
            "ticker": "KXHIGHCHI-25JAN29-B42.5",
            "count": 70,
            "created_time": "2025-01-29T06:01:02.545772Z",
            "yes_price": 2,
            "no_price": 98,
            "taker_side": "no"
        },
        {
            "trade_id": "9b3a3fd1-53aa-49e8-8b07-0a662a5f3dce",
            "ticker": "KXHIGHCHI-25JAN29-B42.5",
            "count": 240,
            "created_time": "2025-01-29T06:01:02.545772Z",
            "yes_price": 4,
            "no_price": 96,
            "taker_side": "no"
        },
        {
            "trade_id": "319357cd-24a0-40a1-b34f-aa16d01596bb",
            "ticker": "KXHIGHCHI-25JAN29-B42.5",
            "count": 53,
            "created_time": "2025-01-29T06:01:02.545772Z",
            "yes_price": 6,
            "no_price": 94,
            "taker_side": "no"
        },
        {
            "trade_id": "2d681b25-9c4b-4049-a347-8b68467fe7df",
            "ticker": "KXHIGHCHI-25JAN29-B42.5",
            "count": 133,
            "created_time": "2025-01-29T06:01:02.545772Z",
            "yes_price": 1,
            "no_price": 99,
            "taker_side": "no"
        },
        {
            "trade_id": "2837cd01-2b0c-48f3-bcaa-d098a34a26b2",
            "ticker": "KXHIGHCHI-25JAN29-B42.5",
            "count": 23,
            "created_time": "2025-01-29T06:01:02.545772Z",
            "yes_price": 3,
            "no_price": 97,
            "taker_side": "no"
        },
        {
            "trade_id": "279583b3-daab-4617-a517-b37b056e91c0",
            "ticker": "KXHIGHCHI-25JAN29-B42.5",
            "count": 350,
            "created_time": "2025-01-29T06:00:10.873632Z",
            "yes_price": 4,
            "no_price": 96,
            "taker_side": "no"
        },
        {
            "trade_id": "5e64918a-cc55-42c6-8c92-d506d84be66a",
            "ticker": "KXHIGHCHI-25JAN29-B42.5",
            "count": 12,
            "created_time": "2025-01-29T05:57:23.41344Z",
            "yes_price": 7,
            "no_price": 93,
            "taker_side": "yes"
        },
        {
            "trade_id": "3aa628db-1061-4879-b100-9c034881aef1",
            "ticker": "KXHIGHCHI-25JAN29-B42.5",
            "count": 7,
            "created_time": "2025-01-29T05:34:37.886251Z",
            "yes_price": 12,
            "no_price": 88,
            "taker_side": "yes"
        },
        {
            "trade_id": "f1037553-6436-4063-b96e-361ad63bf11c",
            "ticker": "KXHIGHCHI-25JAN29-B42.5",
            "count": 3,
            "created_time": "2025-01-29T05:30:51.921339Z",
            "yes_price": 14,
            "no_price": 86,
            "taker_side": "yes"
        },
        {
            "trade_id": "a7b8ed9a-ec0a-403c-96af-66fb05ab88f9",
            "ticker": "KXHIGHCHI-25JAN29-B42.5",
            "count": 28,
            "created_time": "2025-01-29T05:00:14.327491Z",
            "yes_price": 15,
            "no_price": 85,
            "taker_side": "yes"
        },
        {
            "trade_id": "0888ab5b-7821-45eb-88fa-24bac3d429e1",
            "ticker": "KXHIGHCHI-25JAN29-B42.5",
            "count": 26,
            "created_time": "2025-01-29T05:00:14.327491Z",
            "yes_price": 16,
            "no_price": 84,
            "taker_side": "yes"
        },
        {
            "trade_id": "351c79eb-00b8-42ca-8173-fd019fe729f4",
            "ticker": "KXHIGHCHI-25JAN29-B42.5",
            "count": 5,
            "created_time": "2025-01-29T04:44:58.316403Z",
            "yes_price": 16,
            "no_price": 84,
            "taker_side": "yes"
        },
        {
            "trade_id": "48fb3a6c-1b48-4e66-a0a7-fc1fa04704c6",
            "ticker": "KXHIGHCHI-25JAN29-B42.5",
            "count": 1,
            "created_time": "2025-01-29T04:41:28.942346Z",
            "yes_price": 12,
            "no_price": 88,
            "taker_side": "no"
        },
        {
            "trade_id": "28e1602c-9773-46e9-b760-3a163359ccad",
            "ticker": "KXHIGHCHI-25JAN29-B42.5",
            "count": 1,
            "created_time": "2025-01-29T04:31:57.061982Z",
            "yes_price": 15,
            "no_price": 85,
            "taker_side": "yes"
        },
        {
            "trade_id": "6b01b6e3-6318-4a29-a246-1f0274f95696",
            "ticker": "KXHIGHCHI-25JAN29-B42.5",
            "count": 1,
            "created_time": "2025-01-29T04:22:40.665031Z",
            "yes_price": 15,
            "no_price": 85,
            "taker_side": "yes"
        },
        {
            "trade_id": "de76e160-16b8-4096-a3be-9c633086ba6c",
            "ticker": "KXHIGHCHI-25JAN29-B42.5",
            "count": 47,
            "created_time": "2025-01-29T04:11:21.976479Z",
            "yes_price": 15,
            "no_price": 85,
            "taker_side": "no"
        },
        {
            "trade_id": "d1e30a30-1fc1-4960-a562-0e70473aeb89",
            "ticker": "KXHIGHCHI-25JAN29-B42.5",
            "count": 400,
            "created_time": "2025-01-29T04:11:21.976479Z",
            "yes_price": 13,
            "no_price": 87,
            "taker_side": "no"
        },
        {
            "trade_id": "4c970247-f3ae-4912-a22e-707bfa71cd0a",
            "ticker": "KXHIGHCHI-25JAN29-B42.5",
            "count": 20,
            "created_time": "2025-01-29T04:11:21.976479Z",
            "yes_price": 15,
            "no_price": 85,
            "taker_side": "no"
        },
        {
            "trade_id": "f66310ec-3be9-443b-9fbc-ab44505d63a8",
            "ticker": "KXHIGHCHI-25JAN29-B42.5",
            "count": 25,
            "created_time": "2025-01-29T04:11:03.73469Z",
            "yes_price": 15,
            "no_price": 85,
            "taker_side": "no"
        },
        {
            "trade_id": "f2d0bf2e-62ce-49e5-84ff-617d4faae11d",
            "ticker": "KXHIGHCHI-25JAN29-B42.5",
            "count": 29,
            "created_time": "2025-01-29T03:44:46.311689Z",
            "yes_price": 16,
            "no_price": 84,
            "taker_side": "yes"
        },
        {
            "trade_id": "90e92602-7c25-4f44-a75f-b0705be74f98",
            "ticker": "KXHIGHCHI-25JAN29-B42.5",
            "count": 32,
            "created_time": "2025-01-29T03:04:34.803353Z",
            "yes_price": 13,
            "no_price": 87,
            "taker_side": "no"
        },
        {
            "trade_id": "0b6b61c9-d4fc-4052-903e-6833888d69e8",
            "ticker": "KXHIGHCHI-25JAN29-B42.5",
            "count": 68,
            "created_time": "2025-01-29T03:04:34.803353Z",
            "yes_price": 17,
            "no_price": 83,
            "taker_side": "no"
        },
        {
            "trade_id": "d0410a46-55ea-4914-ab38-f7aeae5a6386",
            "ticker": "KXHIGHCHI-25JAN29-B42.5",
            "count": 100,
            "created_time": "2025-01-29T03:04:33.458494Z",
            "yes_price": 17,
            "no_price": 83,
            "taker_side": "no"
        },
        {
            "trade_id": "0104b931-5f45-4da2-854e-5bfba7f5cdce",
            "ticker": "KXHIGHCHI-25JAN29-B42.5",
            "count": 4,
            "created_time": "2025-01-29T03:03:27.874368Z",
            "yes_price": 17,
            "no_price": 83,
            "taker_side": "no"
        },
        {
            "trade_id": "c0022e0e-3b65-4f5e-bfe3-5d2236b4cc9f",
            "ticker": "KXHIGHCHI-25JAN29-B42.5",
            "count": 6,
            "created_time": "2025-01-29T03:01:12.798902Z",
            "yes_price": 17,
            "no_price": 83,
            "taker_side": "yes"
        },
        {
            "trade_id": "4f189a2d-b102-48f6-909c-124692a107f2",
            "ticker": "KXHIGHCHI-25JAN29-B42.5",
            "count": 12,
            "created_time": "2025-01-29T03:01:12.798902Z",
            "yes_price": 17,
            "no_price": 83,
            "taker_side": "yes"
        },
        {
            "trade_id": "a9446107-e504-41ba-a054-61455ba9be15",
            "ticker": "KXHIGHCHI-25JAN29-B42.5",
            "count": 31,
            "created_time": "2025-01-29T02:53:22.832956Z",
            "yes_price": 17,
            "no_price": 83,
            "taker_side": "yes"
        },
        {
            "trade_id": "45ee4269-f0fd-4bfa-a27b-e5d5af077eb2",
            "ticker": "KXHIGHCHI-25JAN29-B42.5",
            "count": 4,
            "created_time": "2025-01-29T02:53:22.832956Z",
            "yes_price": 17,
            "no_price": 83,
            "taker_side": "yes"
        },
        {
            "trade_id": "3cf6e130-67a3-462c-96b2-96c1586b1a65",
            "ticker": "KXHIGHCHI-25JAN29-B42.5",
            "count": 6,
            "created_time": "2025-01-29T02:53:22.832956Z",
            "yes_price": 17,
            "no_price": 83,
            "taker_side": "yes"
        },
        {
            "trade_id": "289295b0-8f77-4bad-a7c5-e1c08a2582c1",
            "ticker": "KXHIGHCHI-25JAN29-B42.5",
            "count": 34,
            "created_time": "2025-01-29T02:53:22.832956Z",
            "yes_price": 15,
            "no_price": 85,
            "taker_side": "yes"
        },
        {
            "trade_id": "1b63f8ff-84b3-4477-8c27-ce6f78b56094",
            "ticker": "KXHIGHCHI-25JAN29-B42.5",
            "count": 25,
            "created_time": "2025-01-29T02:53:22.832956Z",
            "yes_price": 15,
            "no_price": 85,
            "taker_side": "yes"
        },
        {
            "trade_id": "e5c5ff36-0f44-4799-a0c3-bec7bf81b33b",
            "ticker": "KXHIGHCHI-25JAN29-B42.5",
            "count": 1,
            "created_time": "2025-01-29T01:49:59.58608Z",
            "yes_price": 12,
            "no_price": 88,
            "taker_side": "no"
        },
        {
            "trade_id": "1e0a1c7a-2a94-4dcc-9ada-297be075a569",
            "ticker": "KXHIGHCHI-25JAN29-B42.5",
            "count": 19,
            "created_time": "2025-01-29T01:44:03.788708Z",
            "yes_price": 17,
            "no_price": 83,
            "taker_side": "yes"
        },
        {
            "trade_id": "c3d4ae40-33fe-4959-a9dd-692dc4b61762",
            "ticker": "KXHIGHCHI-25JAN29-B42.5",
            "count": 19,
            "created_time": "2025-01-29T01:43:52.444705Z",
            "yes_price": 16,
            "no_price": 84,
            "taker_side": "yes"
        },
        {
            "trade_id": "56142c41-7a42-4388-9830-1717bc537c57",
            "ticker": "KXHIGHCHI-25JAN29-B42.5",
            "count": 61,
            "created_time": "2025-01-29T01:43:52.444705Z",
            "yes_price": 19,
            "no_price": 81,
            "taker_side": "yes"
        },
        {
            "trade_id": "3ab8e12d-54f0-4a49-905e-832c81cf40ee",
            "ticker": "KXHIGHCHI-25JAN29-B42.5",
            "count": 19,
            "created_time": "2025-01-29T01:43:52.444705Z",
            "yes_price": 17,
            "no_price": 83,
            "taker_side": "yes"
        },
        {
            "trade_id": "211060cf-6f08-4f36-bece-bb6af855ee80",
            "ticker": "KXHIGHCHI-25JAN29-B42.5",
            "count": 3,
            "created_time": "2025-01-29T01:43:52.444705Z",
            "yes_price": 17,
            "no_price": 83,
            "taker_side": "yes"
        },
        {
            "trade_id": "1c8585d1-7903-437e-b448-4c8c8bcdae7a",
            "ticker": "KXHIGHCHI-25JAN29-B42.5",
            "count": 86,
            "created_time": "2025-01-29T01:43:52.444705Z",
            "yes_price": 17,
            "no_price": 83,
            "taker_side": "yes"
        },
        {
            "trade_id": "b773b8e6-66dd-4b53-877d-56066dd7a836",
            "ticker": "KXHIGHCHI-25JAN29-B42.5",
            "count": 11,
            "created_time": "2025-01-29T01:43:22.24598Z",
            "yes_price": 16,
            "no_price": 84,
            "taker_side": "yes"
        },
        {
            "trade_id": "98a4cf50-67d4-4ae3-a232-1f8e5b5177df",
            "ticker": "KXHIGHCHI-25JAN29-B42.5",
            "count": 11,
            "created_time": "2025-01-29T01:21:42.423391Z",
            "yes_price": 16,
            "no_price": 84,
            "taker_side": "yes"
        },
        {
            "trade_id": "96b0bf72-84c2-44bc-987f-f0054fbcecce",
            "ticker": "KXHIGHCHI-25JAN29-B42.5",
            "count": 21,
            "created_time": "2025-01-29T01:20:18.735078Z",
            "yes_price": 16,
            "no_price": 84,
            "taker_side": "yes"
        },
        {
            "trade_id": "7de818bb-952f-42f1-bf35-2b84538317e0",
            "ticker": "KXHIGHCHI-25JAN29-B42.5",
            "count": 3,
            "created_time": "2025-01-29T01:20:18.735078Z",
            "yes_price": 16,
            "no_price": 84,
            "taker_side": "yes"
        },
        {
            "trade_id": "42c0b6d4-6098-47c7-af11-867e7e205646",
            "ticker": "KXHIGHCHI-25JAN29-B42.5",
            "count": 35,
            "created_time": "2025-01-29T01:20:18.735078Z",
            "yes_price": 16,
            "no_price": 84,
            "taker_side": "yes"
        },
        {
            "trade_id": "b52db83c-9fc0-4efe-971b-b3a1887ae969",
            "ticker": "KXHIGHCHI-25JAN29-B42.5",
            "count": 3,
            "created_time": "2025-01-29T01:11:07.248864Z",
            "yes_price": 12,
            "no_price": 88,
            "taker_side": "no"
        },
        {
            "trade_id": "ccf721e5-dd8d-48b5-bfcb-4f1b93c6e140",
            "ticker": "KXHIGHCHI-25JAN29-B42.5",
            "count": 26,
            "created_time": "2025-01-29T00:57:40.105929Z",
            "yes_price": 15,
            "no_price": 85,
            "taker_side": "no"
        },
        {
            "trade_id": "445e318a-4ed3-4ffa-88f6-a3595f35e850",
            "ticker": "KXHIGHCHI-25JAN29-B42.5",
            "count": 96,
            "created_time": "2025-01-29T00:57:32.232951Z",
            "yes_price": 15,
            "no_price": 85,
            "taker_side": "no"
        },
        {
            "trade_id": "4d0ded71-e03b-477d-8197-49903506c0d1",
            "ticker": "KXHIGHCHI-25JAN29-B42.5",
            "count": 7,
            "created_time": "2025-01-29T00:47:29.874275Z",
            "yes_price": 15,
            "no_price": 85,
            "taker_side": "no"
        },
        {
            "trade_id": "724c6927-6ac4-4133-9b57-da9964d6c53b",
            "ticker": "KXHIGHCHI-25JAN29-B42.5",
            "count": 52,
            "created_time": "2025-01-29T00:44:45.985062Z",
            "yes_price": 16,
            "no_price": 84,
            "taker_side": "no"
        },
        {
            "trade_id": "60a6d134-3359-4a6b-be2c-d760f3b13aa9",
            "ticker": "KXHIGHCHI-25JAN29-B42.5",
            "count": 31,
            "created_time": "2025-01-29T00:44:45.985062Z",
            "yes_price": 15,
            "no_price": 85,
            "taker_side": "no"
        },
        {
            "trade_id": "377f053a-fc33-464d-8a25-00fcc44ae3bc",
            "ticker": "KXHIGHCHI-25JAN29-B42.5",
            "count": 3,
            "created_time": "2025-01-29T00:44:45.985062Z",
            "yes_price": 16,
            "no_price": 84,
            "taker_side": "no"
        },
        {
            "trade_id": "1e53e2f6-e2c1-417f-b68a-73ec57335693",
            "ticker": "KXHIGHCHI-25JAN29-B42.5",
            "count": 10,
            "created_time": "2025-01-29T00:24:19.15694Z",
            "yes_price": 18,
            "no_price": 82,
            "taker_side": "yes"
        },
        {
            "trade_id": "7c8be95b-4ac8-42b4-8ede-bbb7aed3e56a",
            "ticker": "KXHIGHCHI-25JAN29-B42.5",
            "count": 11,
            "created_time": "2025-01-29T00:20:23.354112Z",
            "yes_price": 18,
            "no_price": 82,
            "taker_side": "yes"
        },
        {
            "trade_id": "f365aec7-404c-4a17-ae11-ba729f54313d",
            "ticker": "KXHIGHCHI-25JAN29-B42.5",
            "count": 48,
            "created_time": "2025-01-29T00:07:33.487719Z",
            "yes_price": 17,
            "no_price": 83,
            "taker_side": "yes"
        },
        {
            "trade_id": "dab1f909-0f53-43f6-a96a-377c08daf41d",
            "ticker": "KXHIGHCHI-25JAN29-B42.5",
            "count": 1,
            "created_time": "2025-01-29T00:07:33.487719Z",
            "yes_price": 17,
            "no_price": 83,
            "taker_side": "yes"
        },
        {
            "trade_id": "3b702519-3bfd-4619-807d-528167812e2c",
            "ticker": "KXHIGHCHI-25JAN29-B42.5",
            "count": 6,
            "created_time": "2025-01-29T00:07:33.487719Z",
            "yes_price": 19,
            "no_price": 81,
            "taker_side": "yes"
        },
        {
            "trade_id": "28b2e5f3-2243-4a26-8c98-c400beb7ec89",
            "ticker": "KXHIGHCHI-25JAN29-B42.5",
            "count": 27,
            "created_time": "2025-01-29T00:07:33.487719Z",
            "yes_price": 17,
            "no_price": 83,
            "taker_side": "yes"
        },
        {
            "trade_id": "11805d80-8bf8-4d54-9436-271703a8f733",
            "ticker": "KXHIGHCHI-25JAN29-B42.5",
            "count": 12,
            "created_time": "2025-01-28T23:45:37.587829Z",
            "yes_price": 15,
            "no_price": 85,
            "taker_side": "no"
        },
        {
            "trade_id": "d1ee8a0f-5189-4a0d-9c6f-c5480de3ee8f",
            "ticker": "KXHIGHCHI-25JAN29-B42.5",
            "count": 10,
            "created_time": "2025-01-28T23:45:27.222621Z",
            "yes_price": 17,
            "no_price": 83,
            "taker_side": "yes"
        },
        {
            "trade_id": "cc241740-ceff-49fb-9ce4-4acc6988584b",
            "ticker": "KXHIGHCHI-25JAN29-B42.5",
            "count": 158,
            "created_time": "2025-01-28T23:45:27.222621Z",
            "yes_price": 17,
            "no_price": 83,
            "taker_side": "yes"
        },
        {
            "trade_id": "a02a9cdf-07ba-49c2-bd6a-bfe6d7ca5f5e",
            "ticker": "KXHIGHCHI-25JAN29-B42.5",
            "count": 1,
            "created_time": "2025-01-28T23:45:10.272865Z",
            "yes_price": 15,
            "no_price": 85,
            "taker_side": "no"
        },
        {
            "trade_id": "44e7645d-feb0-4ca0-8065-20b7575a469d",
            "ticker": "KXHIGHCHI-25JAN29-B42.5",
            "count": 11,
            "created_time": "2025-01-28T23:44:44.514892Z",
            "yes_price": 15,
            "no_price": 85,
            "taker_side": "no"
        },
        {
            "trade_id": "e12a9e50-bff0-4e1e-bfa4-f18847560749",
            "ticker": "KXHIGHCHI-25JAN29-B42.5",
            "count": 44,
            "created_time": "2025-01-28T23:42:27.743381Z",
            "yes_price": 15,
            "no_price": 85,
            "taker_side": "no"
        },
        {
            "trade_id": "aef3b430-2343-4cc1-9be3-0bd6ddfdabd1",
            "ticker": "KXHIGHCHI-25JAN29-B42.5",
            "count": 91,
            "created_time": "2025-01-28T23:39:34.924758Z",
            "yes_price": 16,
            "no_price": 84,
            "taker_side": "no"
        },
        {
            "trade_id": "ccabae69-b32b-4f21-8706-3f79f089ab25",
            "ticker": "KXHIGHCHI-25JAN29-B42.5",
            "count": 55,
            "created_time": "2025-01-28T23:39:28.403588Z",
            "yes_price": 16,
            "no_price": 84,
            "taker_side": "no"
        },
        {
            "trade_id": "ada663d3-6c58-4551-bea9-dbb3394defae",
            "ticker": "KXHIGHCHI-25JAN29-B42.5",
            "count": 9,
            "created_time": "2025-01-28T23:36:23.874243Z",
            "yes_price": 16,
            "no_price": 84,
            "taker_side": "no"
        },
        {
            "trade_id": "2cbcaa40-cd0d-4a4c-88f8-2c82847115d6",
            "ticker": "KXHIGHCHI-25JAN29-B42.5",
            "count": 25,
            "created_time": "2025-01-28T23:34:32.310698Z",
            "yes_price": 16,
            "no_price": 84,
            "taker_side": "no"
        },
        {
            "trade_id": "5cdf5b87-127f-4023-a0e1-342e878b36e4",
            "ticker": "KXHIGHCHI-25JAN29-B42.5",
            "count": 20,
            "created_time": "2025-01-28T23:27:25.513897Z",
            "yes_price": 17,
            "no_price": 83,
            "taker_side": "no"
        },
        {
            "trade_id": "5bb82bd4-5f98-439c-93b8-659c59e36741",
            "ticker": "KXHIGHCHI-25JAN29-B42.5",
            "count": 19,
            "created_time": "2025-01-28T23:21:14.529287Z",
            "yes_price": 18,
            "no_price": 82,
            "taker_side": "no"
        },
        {
            "trade_id": "ee157abc-75c6-4e55-90e4-2a72c579c331",
            "ticker": "KXHIGHCHI-25JAN29-B42.5",
            "count": 8,
            "created_time": "2025-01-28T22:34:37.664753Z",
            "yes_price": 21,
            "no_price": 79,
            "taker_side": "yes"
        },
        {
            "trade_id": "b5654a5b-92c6-4e56-afca-bc7ca9c528da",
            "ticker": "KXHIGHCHI-25JAN29-B42.5",
            "count": 40,
            "created_time": "2025-01-28T22:34:37.664753Z",
            "yes_price": 19,
            "no_price": 81,
            "taker_side": "yes"
        },
        {
            "trade_id": "654d9958-95f8-465f-94f2-1e846feb547d",
            "ticker": "KXHIGHCHI-25JAN29-B42.5",
            "count": 60,
            "created_time": "2025-01-28T21:24:25.743599Z",
            "yes_price": 20,
            "no_price": 80,
            "taker_side": "yes"
        },
        {
            "trade_id": "c04ef679-2276-45ea-86a8-9b9a1d0bb70d",
            "ticker": "KXHIGHCHI-25JAN29-B42.5",
            "count": 19,
            "created_time": "2025-01-28T20:38:48.651892Z",
            "yes_price": 19,
            "no_price": 81,
            "taker_side": "yes"
        },
        {
            "trade_id": "bca45762-7b91-44fc-8451-73971bd53606",
            "ticker": "KXHIGHCHI-25JAN29-B42.5",
            "count": 40,
            "created_time": "2025-01-28T20:38:48.651892Z",
            "yes_price": 23,
            "no_price": 77,
            "taker_side": "yes"
        },
        {
            "trade_id": "280edbaa-fb29-44f5-9d23-b52535620aef",
            "ticker": "KXHIGHCHI-25JAN29-B42.5",
            "count": 30,
            "created_time": "2025-01-28T20:38:48.651892Z",
            "yes_price": 20,
            "no_price": 80,
            "taker_side": "yes"
        },
        {
            "trade_id": "2311ed10-a3bc-436b-8419-3353a8e2319f",
            "ticker": "KXHIGHCHI-25JAN29-B42.5",
            "count": 3,
            "created_time": "2025-01-28T20:27:23.091334Z",
            "yes_price": 17,
            "no_price": 83,
            "taker_side": "no"
        },
        {
            "trade_id": "1e303309-0b77-4232-8ddb-190e431612c1",
            "ticker": "KXHIGHCHI-25JAN29-B42.5",
            "count": 50,
            "created_time": "2025-01-28T18:36:22.227759Z",
            "yes_price": 15,
            "no_price": 85,
            "taker_side": "no"
        },
        {
            "trade_id": "0e8fa84d-dd95-4da8-b2d3-2a876e02a7d4",
            "ticker": "KXHIGHCHI-25JAN29-B42.5",
            "count": 4,
            "created_time": "2025-01-28T18:20:33.543172Z",
            "yes_price": 19,
            "no_price": 81,
            "taker_side": "yes"
        },
        {
            "trade_id": "033e5416-01f1-4dc1-b105-54452847fe6d",
            "ticker": "KXHIGHCHI-25JAN29-B42.5",
            "count": 5,
            "created_time": "2025-01-28T18:13:19.886518Z",
            "yes_price": 15,
            "no_price": 85,
            "taker_side": "no"
        },
        {
            "trade_id": "d4e1cc5c-4ff8-4707-a305-28ae3cf97157",
            "ticker": "KXHIGHCHI-25JAN29-B42.5",
            "count": 5,
            "created_time": "2025-01-28T17:20:35.981298Z",
            "yes_price": 15,
            "no_price": 85,
            "taker_side": "no"
        },
        {
            "trade_id": "4390793e-17da-4886-89b2-4f9bcb32909e",
            "ticker": "KXHIGHCHI-25JAN29-B42.5",
            "count": 5,
            "created_time": "2025-01-28T16:55:32.270074Z",
            "yes_price": 15,
            "no_price": 85,
            "taker_side": "no"
        },
        {
            "trade_id": "a00e51c5-5bbe-47b1-8a02-ad83672eedf6",
            "ticker": "KXHIGHCHI-25JAN29-B42.5",
            "count": 118,
            "created_time": "2025-01-28T16:55:06.009965Z",
            "yes_price": 18,
            "no_price": 82,
            "taker_side": "yes"
        },
        {
            "trade_id": "46c77a2d-08a3-479b-831d-f05766b66da7",
            "ticker": "KXHIGHCHI-25JAN29-B42.5",
            "count": 89,
            "created_time": "2025-01-28T16:54:51.197107Z",
            "yes_price": 17,
            "no_price": 83,
            "taker_side": "yes"
        },
        {
            "trade_id": "8690a726-ca30-4c2a-8a67-dec8b3527271",
            "ticker": "KXHIGHCHI-25JAN29-B42.5",
            "count": 4,
            "created_time": "2025-01-28T16:05:14.292741Z",
            "yes_price": 15,
            "no_price": 85,
            "taker_side": "yes"
        },
        {
            "trade_id": "42255d77-6b90-4383-8502-156e45f50e02",
            "ticker": "KXHIGHCHI-25JAN29-B42.5",
            "count": 2,
            "created_time": "2025-01-28T16:05:14.292741Z",
            "yes_price": 16,
            "no_price": 84,
            "taker_side": "yes"
        }
    ],
    "KXHIGHCHI-25JAN29-T43": [
        {
            "trade_id": "f786bb50-bde8-458e-9bd0-5942c8392f98",
            "ticker": "KXHIGHCHI-25JAN29-T43",
            "count": 4,
            "created_time": "2025-01-30T00:39:38.284457Z",
            "yes_price": 99,
            "no_price": 1,
            "taker_side": "no"
        },
        {
            "trade_id": "e0acae49-1e4c-473f-b1b7-b18d2e472ad2",
            "ticker": "KXHIGHCHI-25JAN29-T43",
            "count": 5,
            "created_time": "2025-01-29T20:17:15.777756Z",
            "yes_price": 99,
            "no_price": 1,
            "taker_side": "no"
        },
        {
            "trade_id": "77ac6bb7-9280-4df0-951b-e83af91ec8a9",
            "ticker": "KXHIGHCHI-25JAN29-T43",
            "count": 31,
            "created_time": "2025-01-29T18:21:55.201215Z",
            "yes_price": 99,
            "no_price": 1,
            "taker_side": "no"
        },
        {
            "trade_id": "4baa7958-e185-407a-a6c9-6da290848dde",
            "ticker": "KXHIGHCHI-25JAN29-T43",
            "count": 1,
            "created_time": "2025-01-29T16:54:27.307957Z",
            "yes_price": 99,
            "no_price": 1,
            "taker_side": "no"
        },
        {
            "trade_id": "b6f2b756-f3a7-49d1-b1a4-a05d8c53a8b7",
            "ticker": "KXHIGHCHI-25JAN29-T43",
            "count": 24,
            "created_time": "2025-01-29T15:06:42.950026Z",
            "yes_price": 99,
            "no_price": 1,
            "taker_side": "no"
        },
        {
            "trade_id": "91c48433-2bb0-4d0f-9093-e0ccf7254f6f",
            "ticker": "KXHIGHCHI-25JAN29-T43",
            "count": 1028,
            "created_time": "2025-01-29T14:57:35.674757Z",
            "yes_price": 99,
            "no_price": 1,
            "taker_side": "no"
        },
        {
            "trade_id": "9b9a37fd-4760-4ba1-8165-353ff8857ebd",
            "ticker": "KXHIGHCHI-25JAN29-T43",
            "count": 467,
            "created_time": "2025-01-29T14:23:38.157227Z",
            "yes_price": 99,
            "no_price": 1,
            "taker_side": "no"
        },
        {
            "trade_id": "e5d90aa9-d0f4-4e00-a730-c17d127250b6",
            "ticker": "KXHIGHCHI-25JAN29-T43",
            "count": 1,
            "created_time": "2025-01-29T13:39:19.692175Z",
            "yes_price": 99,
            "no_price": 1,
            "taker_side": "no"
        },
        {
            "trade_id": "b8eb8e85-5c5e-47b7-bf13-ee653a036886",
            "ticker": "KXHIGHCHI-25JAN29-T43",
            "count": 93,
            "created_time": "2025-01-29T13:38:18.889625Z",
            "yes_price": 99,
            "no_price": 1,
            "taker_side": "no"
        },
        {
            "trade_id": "909a8b28-c8b6-499e-8988-318a616ae1b8",
            "ticker": "KXHIGHCHI-25JAN29-T43",
            "count": 104,
            "created_time": "2025-01-29T13:10:39.601647Z",
            "yes_price": 99,
            "no_price": 1,
            "taker_side": "no"
        },
        {
            "trade_id": "9b68c246-c5af-45e6-b817-0ce2eddbb28d",
            "ticker": "KXHIGHCHI-25JAN29-T43",
            "count": 1185,
            "created_time": "2025-01-29T13:02:22.08285Z",
            "yes_price": 99,
            "no_price": 1,
            "taker_side": "no"
        },
        {
            "trade_id": "7e91fc56-ff59-47db-815d-120c04d0244a",
            "ticker": "KXHIGHCHI-25JAN29-T43",
            "count": 300,
            "created_time": "2025-01-29T13:01:32.172763Z",
            "yes_price": 99,
            "no_price": 1,
            "taker_side": "no"
        },
        {
            "trade_id": "374ebad9-53c6-4d22-bf61-c11049ac71ad",
            "ticker": "KXHIGHCHI-25JAN29-T43",
            "count": 420,
            "created_time": "2025-01-29T06:17:05.666527Z",
            "yes_price": 99,
            "no_price": 1,
            "taker_side": "no"
        },
        {
            "trade_id": "3bedf289-5a27-4439-8fa5-45c65aef0052",
            "ticker": "KXHIGHCHI-25JAN29-T43",
            "count": 18,
            "created_time": "2025-01-29T06:05:27.155634Z",
            "yes_price": 99,
            "no_price": 1,
            "taker_side": "no"
        },
        {
            "trade_id": "ff15dd40-808c-4084-8c1b-3b2b1a047308",
            "ticker": "KXHIGHCHI-25JAN29-T43",
            "count": 37,
            "created_time": "2025-01-29T06:05:26.783357Z",
            "yes_price": 99,
            "no_price": 1,
            "taker_side": "no"
        },
        {
            "trade_id": "2e343524-1098-4d41-8d1c-0cde908c2a2b",
            "ticker": "KXHIGHCHI-25JAN29-T43",
            "count": 16,
            "created_time": "2025-01-29T06:05:26.260828Z",
            "yes_price": 99,
            "no_price": 1,
            "taker_side": "no"
        },
        {
            "trade_id": "f3fe2aa4-acb3-4e13-acbd-14518923a89b",
            "ticker": "KXHIGHCHI-25JAN29-T43",
            "count": 918,
            "created_time": "2025-01-29T06:05:11.437325Z",
            "yes_price": 99,
            "no_price": 1,
            "taker_side": "no"
        },
        {
            "trade_id": "f681fde8-ee3c-423e-ba21-6277dbf3c3e5",
            "ticker": "KXHIGHCHI-25JAN29-T43",
            "count": 240,
            "created_time": "2025-01-29T06:01:14.53803Z",
            "yes_price": 99,
            "no_price": 1,
            "taker_side": "yes"
        },
        {
            "trade_id": "84772bba-02ad-4602-a000-13c38faa621f",
            "ticker": "KXHIGHCHI-25JAN29-T43",
            "count": 36,
            "created_time": "2025-01-29T06:01:14.53803Z",
            "yes_price": 97,
            "no_price": 3,
            "taker_side": "yes"
        },
        {
            "trade_id": "f7e50cef-4b3b-4493-9645-055fff48dd0e",
            "ticker": "KXHIGHCHI-25JAN29-T43",
            "count": 10,
            "created_time": "2025-01-29T06:00:59.537233Z",
            "yes_price": 98,
            "no_price": 2,
            "taker_side": "yes"
        },
        {
            "trade_id": "f6cba57f-c7ef-4307-bc01-be09e1e9af73",
            "ticker": "KXHIGHCHI-25JAN29-T43",
            "count": 1000,
            "created_time": "2025-01-29T06:00:59.537233Z",
            "yes_price": 99,
            "no_price": 1,
            "taker_side": "yes"
        },
        {
            "trade_id": "ef842c3a-d253-4242-b6b4-9895e764716d",
            "ticker": "KXHIGHCHI-25JAN29-T43",
            "count": 19,
            "created_time": "2025-01-29T06:00:59.537233Z",
            "yes_price": 95,
            "no_price": 5,
            "taker_side": "yes"
        },
        {
            "trade_id": "e8bb865c-8ea5-4a45-a128-0553d0b18e75",
            "ticker": "KXHIGHCHI-25JAN29-T43",
            "count": 10,
            "created_time": "2025-01-29T06:00:59.537233Z",
            "yes_price": 97,
            "no_price": 3,
            "taker_side": "yes"
        },
        {
            "trade_id": "e705d753-8cf5-409b-94a5-d6e2bf34319b",
            "ticker": "KXHIGHCHI-25JAN29-T43",
            "count": 33,
            "created_time": "2025-01-29T06:00:59.537233Z",
            "yes_price": 97,
            "no_price": 3,
            "taker_side": "yes"
        },
        {
            "trade_id": "d6b3dbce-b7c1-42e7-945c-ef5d0e40c566",
            "ticker": "KXHIGHCHI-25JAN29-T43",
            "count": 300,
            "created_time": "2025-01-29T06:00:59.537233Z",
            "yes_price": 98,
            "no_price": 2,
            "taker_side": "yes"
        },
        {
            "trade_id": "cfef1cc9-7e45-45d7-8374-1b5a2336810f",
            "ticker": "KXHIGHCHI-25JAN29-T43",
            "count": 150,
            "created_time": "2025-01-29T06:00:59.537233Z",
            "yes_price": 99,
            "no_price": 1,
            "taker_side": "yes"
        },
        {
            "trade_id": "cf9ba3cd-5bc3-4661-930e-22392bb92cd1",
            "ticker": "KXHIGHCHI-25JAN29-T43",
            "count": 240,
            "created_time": "2025-01-29T06:00:59.537233Z",
            "yes_price": 98,
            "no_price": 2,
            "taker_side": "yes"
        },
        {
            "trade_id": "bb99a3d2-31e2-4872-8efb-cc05930e6047",
            "ticker": "KXHIGHCHI-25JAN29-T43",
            "count": 295,
            "created_time": "2025-01-29T06:00:59.537233Z",
            "yes_price": 99,
            "no_price": 1,
            "taker_side": "yes"
        },
        {
            "trade_id": "a1255d9d-22c0-45ee-a4d2-07b2c5819876",
            "ticker": "KXHIGHCHI-25JAN29-T43",
            "count": 100,
            "created_time": "2025-01-29T06:00:59.537233Z",
            "yes_price": 97,
            "no_price": 3,
            "taker_side": "yes"
        },
        {
            "trade_id": "a06efdcf-9d70-4ad0-9210-510e9b04375b",
            "ticker": "KXHIGHCHI-25JAN29-T43",
            "count": 219,
            "created_time": "2025-01-29T06:00:59.537233Z",
            "yes_price": 96,
            "no_price": 4,
            "taker_side": "yes"
        },
        {
            "trade_id": "94a56e8c-3998-4efb-8185-70d104c50a58",
            "ticker": "KXHIGHCHI-25JAN29-T43",
            "count": 10,
            "created_time": "2025-01-29T06:00:59.537233Z",
            "yes_price": 99,
            "no_price": 1,
            "taker_side": "yes"
        },
        {
            "trade_id": "83d8328c-3a70-4718-8007-430b110452cd",
            "ticker": "KXHIGHCHI-25JAN29-T43",
            "count": 107,
            "created_time": "2025-01-29T06:00:59.537233Z",
            "yes_price": 98,
            "no_price": 2,
            "taker_side": "yes"
        },
        {
            "trade_id": "783e6196-ab76-4f28-93b5-e5e35cc3c83d",
            "ticker": "KXHIGHCHI-25JAN29-T43",
            "count": 1762,
            "created_time": "2025-01-29T06:00:59.537233Z",
            "yes_price": 99,
            "no_price": 1,
            "taker_side": "yes"
        },
        {
            "trade_id": "5e932af7-eacc-4e15-8f80-d849a83bce54",
            "ticker": "KXHIGHCHI-25JAN29-T43",
            "count": 21,
            "created_time": "2025-01-29T06:00:59.537233Z",
            "yes_price": 96,
            "no_price": 4,
            "taker_side": "yes"
        },
        {
            "trade_id": "4f582299-a546-4287-851b-bd1d3b3ff202",
            "ticker": "KXHIGHCHI-25JAN29-T43",
            "count": 100,
            "created_time": "2025-01-29T06:00:59.537233Z",
            "yes_price": 98,
            "no_price": 2,
            "taker_side": "yes"
        },
        {
            "trade_id": "4b0c721b-797f-4966-955d-3dfa7599357a",
            "ticker": "KXHIGHCHI-25JAN29-T43",
            "count": 18,
            "created_time": "2025-01-29T06:00:59.537233Z",
            "yes_price": 96,
            "no_price": 4,
            "taker_side": "yes"
        },
        {
            "trade_id": "45f31a57-d506-437f-bbf4-9a750553e7a9",
            "ticker": "KXHIGHCHI-25JAN29-T43",
            "count": 1036,
            "created_time": "2025-01-29T06:00:59.537233Z",
            "yes_price": 99,
            "no_price": 1,
            "taker_side": "yes"
        },
        {
            "trade_id": "41f23b3a-2921-44a0-b610-e85e724d6a4a",
            "ticker": "KXHIGHCHI-25JAN29-T43",
            "count": 41,
            "created_time": "2025-01-29T06:00:59.537233Z",
            "yes_price": 99,
            "no_price": 1,
            "taker_side": "yes"
        },
        {
            "trade_id": "352da975-2016-459d-9368-2287d146e3bf",
            "ticker": "KXHIGHCHI-25JAN29-T43",
            "count": 200,
            "created_time": "2025-01-29T06:00:59.537233Z",
            "yes_price": 97,
            "no_price": 3,
            "taker_side": "yes"
        },
        {
            "trade_id": "291d3a22-1a50-4dce-b8bf-5100d926e559",
            "ticker": "KXHIGHCHI-25JAN29-T43",
            "count": 62,
            "created_time": "2025-01-29T06:00:59.537233Z",
            "yes_price": 96,
            "no_price": 4,
            "taker_side": "yes"
        },
        {
            "trade_id": "2316fb1e-0684-4bfe-aeab-770571b91a46",
            "ticker": "KXHIGHCHI-25JAN29-T43",
            "count": 116,
            "created_time": "2025-01-29T06:00:59.537233Z",
            "yes_price": 94,
            "no_price": 6,
            "taker_side": "yes"
        },
        {
            "trade_id": "16278c7c-f6e4-428f-adef-40365540b65f",
            "ticker": "KXHIGHCHI-25JAN29-T43",
            "count": 2000,
            "created_time": "2025-01-29T06:00:59.537233Z",
            "yes_price": 99,
            "no_price": 1,
            "taker_side": "yes"
        },
        {
            "trade_id": "dd3d68d1-eada-4dbe-9e41-9c7489a70d78",
            "ticker": "KXHIGHCHI-25JAN29-T43",
            "count": 74,
            "created_time": "2025-01-29T05:59:14.687455Z",
            "yes_price": 96,
            "no_price": 4,
            "taker_side": "yes"
        },
        {
            "trade_id": "6b2a2b58-e4a2-4c21-8486-70dcfa7d57ed",
            "ticker": "KXHIGHCHI-25JAN29-T43",
            "count": 14,
            "created_time": "2025-01-29T05:59:14.687455Z",
            "yes_price": 94,
            "no_price": 6,
            "taker_side": "yes"
        },
        {
            "trade_id": "05f8fac3-1734-4097-afdd-44006b6ac4d6",
            "ticker": "KXHIGHCHI-25JAN29-T43",
            "count": 207,
            "created_time": "2025-01-29T05:59:14.687455Z",
            "yes_price": 96,
            "no_price": 4,
            "taker_side": "yes"
        },
        {
            "trade_id": "23fecc93-3796-44d7-a8f0-0e395e1722f0",
            "ticker": "KXHIGHCHI-25JAN29-T43",
            "count": 226,
            "created_time": "2025-01-29T05:58:25.587635Z",
            "yes_price": 94,
            "no_price": 6,
            "taker_side": "yes"
        },
        {
            "trade_id": "8c670d31-c247-4eef-8bcb-ac8cc20104e4",
            "ticker": "KXHIGHCHI-25JAN29-T43",
            "count": 15,
            "created_time": "2025-01-29T05:57:23.604504Z",
            "yes_price": 93,
            "no_price": 7,
            "taker_side": "no"
        },
        {
            "trade_id": "c0de1919-ec37-41f9-8542-8f2e0845a0e0",
            "ticker": "KXHIGHCHI-25JAN29-T43",
            "count": 116,
            "created_time": "2025-01-29T05:56:09.139672Z",
            "yes_price": 96,
            "no_price": 4,
            "taker_side": "yes"
        },
        {
            "trade_id": "bf941de0-0c8d-4556-9eec-2b5f30b9f33a",
            "ticker": "KXHIGHCHI-25JAN29-T43",
            "count": 240,
            "created_time": "2025-01-29T05:56:09.139672Z",
            "yes_price": 94,
            "no_price": 6,
            "taker_side": "yes"
        },
        {
            "trade_id": "9a978cd9-6a6c-4931-be57-3972784ca648",
            "ticker": "KXHIGHCHI-25JAN29-T43",
            "count": 10,
            "created_time": "2025-01-29T05:56:09.139672Z",
            "yes_price": 96,
            "no_price": 4,
            "taker_side": "yes"
        },
        {
            "trade_id": "56f336ea-e1d4-462a-abca-b6ae9e0b178e",
            "ticker": "KXHIGHCHI-25JAN29-T43",
            "count": 276,
            "created_time": "2025-01-29T05:56:09.139672Z",
            "yes_price": 94,
            "no_price": 6,
            "taker_side": "yes"
        },
        {
            "trade_id": "1e711236-ddf8-4005-a40b-3bbb8d29ee43",
            "ticker": "KXHIGHCHI-25JAN29-T43",
            "count": 20,
            "created_time": "2025-01-29T05:56:09.139672Z",
            "yes_price": 93,
            "no_price": 7,
            "taker_side": "yes"
        },
        {
            "trade_id": "1d0a4e9d-a834-461d-a68e-585225857095",
            "ticker": "KXHIGHCHI-25JAN29-T43",
            "count": 19,
            "created_time": "2025-01-29T05:56:09.139672Z",
            "yes_price": 93,
            "no_price": 7,
            "taker_side": "yes"
        },
        {
            "trade_id": "08ca92c5-f12b-45f2-a336-fde59039a7bc",
            "ticker": "KXHIGHCHI-25JAN29-T43",
            "count": 119,
            "created_time": "2025-01-29T05:56:09.139672Z",
            "yes_price": 92,
            "no_price": 8,
            "taker_side": "yes"
        },
        {
            "trade_id": "c60e283e-2f2d-4bd9-b710-d1ac5aaa6b9c",
            "ticker": "KXHIGHCHI-25JAN29-T43",
            "count": 66,
            "created_time": "2025-01-29T05:54:23.870247Z",
            "yes_price": 91,
            "no_price": 9,
            "taker_side": "no"
        },
        {
            "trade_id": "ee337f48-3bc8-4b29-9d41-98a8dfc43fd3",
            "ticker": "KXHIGHCHI-25JAN29-T43",
            "count": 19,
            "created_time": "2025-01-29T05:51:38.182421Z",
            "yes_price": 90,
            "no_price": 10,
            "taker_side": "yes"
        },
        {
            "trade_id": "6f243820-f1af-4393-ab2c-8c462e4b934c",
            "ticker": "KXHIGHCHI-25JAN29-T43",
            "count": 89,
            "created_time": "2025-01-29T05:51:38.182421Z",
            "yes_price": 94,
            "no_price": 6,
            "taker_side": "yes"
        },
        {
            "trade_id": "6f1ca5ee-e6d8-4b41-ba31-bc10e3869ea4",
            "ticker": "KXHIGHCHI-25JAN29-T43",
            "count": 240,
            "created_time": "2025-01-29T05:51:38.182421Z",
            "yes_price": 92,
            "no_price": 8,
            "taker_side": "yes"
        },
        {
            "trade_id": "381b1987-a03c-4583-9ec2-2f9a4bbc8549",
            "ticker": "KXHIGHCHI-25JAN29-T43",
            "count": 151,
            "created_time": "2025-01-29T05:51:38.182421Z",
            "yes_price": 94,
            "no_price": 6,
            "taker_side": "yes"
        },
        {
            "trade_id": "f03a4abd-97d8-4ba2-82c7-2fac9d85b3e4",
            "ticker": "KXHIGHCHI-25JAN29-T43",
            "count": 21,
            "created_time": "2025-01-29T05:51:13.633987Z",
            "yes_price": 95,
            "no_price": 5,
            "taker_side": "yes"
        },
        {
            "trade_id": "9e28dffd-e63b-4699-9c24-b74d70b9539b",
            "ticker": "KXHIGHCHI-25JAN29-T43",
            "count": 425,
            "created_time": "2025-01-29T05:51:13.633987Z",
            "yes_price": 94,
            "no_price": 6,
            "taker_side": "yes"
        },
        {
            "trade_id": "58f90abc-ef27-4324-b0d8-39f3f0321a72",
            "ticker": "KXHIGHCHI-25JAN29-T43",
            "count": 10,
            "created_time": "2025-01-29T05:51:13.633987Z",
            "yes_price": 95,
            "no_price": 5,
            "taker_side": "yes"
        },
        {
            "trade_id": "01e5d823-9e44-46ac-841e-cc7c52c97c61",
            "ticker": "KXHIGHCHI-25JAN29-T43",
            "count": 25,
            "created_time": "2025-01-29T05:51:13.633987Z",
            "yes_price": 94,
            "no_price": 6,
            "taker_side": "yes"
        },
        {
            "trade_id": "01c711fe-c164-4f81-9646-a38960fb42ea",
            "ticker": "KXHIGHCHI-25JAN29-T43",
            "count": 85,
            "created_time": "2025-01-29T05:51:13.633987Z",
            "yes_price": 95,
            "no_price": 5,
            "taker_side": "yes"
        },
        {
            "trade_id": "e26ddccf-93b7-478f-957d-b14a5a8c75e2",
            "ticker": "KXHIGHCHI-25JAN29-T43",
            "count": 71,
            "created_time": "2025-01-29T05:51:02.609016Z",
            "yes_price": 91,
            "no_price": 9,
            "taker_side": "yes"
        },
        {
            "trade_id": "db4ec291-a34f-4bfc-bc88-306ad9203c5f",
            "ticker": "KXHIGHCHI-25JAN29-T43",
            "count": 22,
            "created_time": "2025-01-29T05:51:02.609016Z",
            "yes_price": 91,
            "no_price": 9,
            "taker_side": "yes"
        },
        {
            "trade_id": "e9d3c0cb-842a-42fb-9f6b-c7bf51adb695",
            "ticker": "KXHIGHCHI-25JAN29-T43",
            "count": 181,
            "created_time": "2025-01-29T05:50:35.654255Z",
            "yes_price": 93,
            "no_price": 7,
            "taker_side": "yes"
        },
        {
            "trade_id": "d8e42802-a425-4f38-bf59-c75b2460622a",
            "ticker": "KXHIGHCHI-25JAN29-T43",
            "count": 1,
            "created_time": "2025-01-29T05:50:35.654255Z",
            "yes_price": 93,
            "no_price": 7,
            "taker_side": "yes"
        },
        {
            "trade_id": "fd1ee194-078f-4ec5-aa55-e6b26e3253e7",
            "ticker": "KXHIGHCHI-25JAN29-T43",
            "count": 110,
            "created_time": "2025-01-29T05:48:49.723939Z",
            "yes_price": 94,
            "no_price": 6,
            "taker_side": "yes"
        },
        {
            "trade_id": "ef883e29-e88a-47f3-b7f0-d7333a4ca1b5",
            "ticker": "KXHIGHCHI-25JAN29-T43",
            "count": 240,
            "created_time": "2025-01-29T05:48:49.723939Z",
            "yes_price": 92,
            "no_price": 8,
            "taker_side": "yes"
        },
        {
            "trade_id": "d829654b-02ca-477e-b1ea-2f0d83fe30e3",
            "ticker": "KXHIGHCHI-25JAN29-T43",
            "count": 4,
            "created_time": "2025-01-29T05:48:49.723939Z",
            "yes_price": 92,
            "no_price": 8,
            "taker_side": "yes"
        },
        {
            "trade_id": "b198a596-cfaa-47af-be57-d3d6d1255657",
            "ticker": "KXHIGHCHI-25JAN29-T43",
            "count": 10,
            "created_time": "2025-01-29T05:48:49.723939Z",
            "yes_price": 94,
            "no_price": 6,
            "taker_side": "yes"
        },
        {
            "trade_id": "80fda056-641b-41eb-add5-9038a1b62239",
            "ticker": "KXHIGHCHI-25JAN29-T43",
            "count": 91,
            "created_time": "2025-01-29T05:48:49.723939Z",
            "yes_price": 90,
            "no_price": 10,
            "taker_side": "yes"
        },
        {
            "trade_id": "7b951484-79b3-4adc-a28b-2f9182c28e9f",
            "ticker": "KXHIGHCHI-25JAN29-T43",
            "count": 100,
            "created_time": "2025-01-29T05:48:49.723939Z",
            "yes_price": 94,
            "no_price": 6,
            "taker_side": "yes"
        },
        {
            "trade_id": "6ca49dfe-7226-4bfc-b2db-49007a10d1ca",
            "ticker": "KXHIGHCHI-25JAN29-T43",
            "count": 35,
            "created_time": "2025-01-29T05:48:49.723939Z",
            "yes_price": 90,
            "no_price": 10,
            "taker_side": "yes"
        },
        {
            "trade_id": "33983ed3-f543-4872-bd3e-2a91f7a4d9b0",
            "ticker": "KXHIGHCHI-25JAN29-T43",
            "count": 10,
            "created_time": "2025-01-29T05:48:49.723939Z",
            "yes_price": 93,
            "no_price": 7,
            "taker_side": "yes"
        },
        {
            "trade_id": "f7f5c538-47fc-41b1-bb8a-9b4190029c7e",
            "ticker": "KXHIGHCHI-25JAN29-T43",
            "count": 14,
            "created_time": "2025-01-29T05:47:58.065848Z",
            "yes_price": 90,
            "no_price": 10,
            "taker_side": "yes"
        },
        {
            "trade_id": "f264f0e3-efa7-4e5d-af29-050a7268a26e",
            "ticker": "KXHIGHCHI-25JAN29-T43",
            "count": 10,
            "created_time": "2025-01-29T05:47:58.065848Z",
            "yes_price": 91,
            "no_price": 9,
            "taker_side": "yes"
        },
        {
            "trade_id": "b8f1f5a9-6067-462f-af67-6bd13b38ab99",
            "ticker": "KXHIGHCHI-25JAN29-T43",
            "count": 26,
            "created_time": "2025-01-29T05:47:58.065848Z",
            "yes_price": 91,
            "no_price": 9,
            "taker_side": "yes"
        },
        {
            "trade_id": "aa485c1e-ab87-4523-a06c-a34b72443250",
            "ticker": "KXHIGHCHI-25JAN29-T43",
            "count": 63,
            "created_time": "2025-01-29T05:47:58.065848Z",
            "yes_price": 89,
            "no_price": 11,
            "taker_side": "yes"
        },
        {
            "trade_id": "2ef1a84f-14fb-4546-894d-7764d69613cf",
            "ticker": "KXHIGHCHI-25JAN29-T43",
            "count": 6,
            "created_time": "2025-01-29T05:47:58.065848Z",
            "yes_price": 92,
            "no_price": 8,
            "taker_side": "yes"
        },
        {
            "trade_id": "e405883b-580b-4aa5-92a9-0ab57655de2f",
            "ticker": "KXHIGHCHI-25JAN29-T43",
            "count": 35,
            "created_time": "2025-01-29T05:46:10.032956Z",
            "yes_price": 90,
            "no_price": 10,
            "taker_side": "yes"
        },
        {
            "trade_id": "b5332a34-8eef-485d-99ad-16e4a801ce12",
            "ticker": "KXHIGHCHI-25JAN29-T43",
            "count": 77,
            "created_time": "2025-01-29T05:46:10.032956Z",
            "yes_price": 89,
            "no_price": 11,
            "taker_side": "yes"
        },
        {
            "trade_id": "8261743d-f1ab-4449-8d83-12ecf172694d",
            "ticker": "KXHIGHCHI-25JAN29-T43",
            "count": 10,
            "created_time": "2025-01-29T05:46:10.032956Z",
            "yes_price": 90,
            "no_price": 10,
            "taker_side": "yes"
        },
        {
            "trade_id": "78ed0a8f-3ecb-47c1-8e14-26294c01b1de",
            "ticker": "KXHIGHCHI-25JAN29-T43",
            "count": 4,
            "created_time": "2025-01-29T05:46:10.032956Z",
            "yes_price": 89,
            "no_price": 11,
            "taker_side": "yes"
        },
        {
            "trade_id": "eb0749ea-8eb0-4c66-b854-ce4b85048eea",
            "ticker": "KXHIGHCHI-25JAN29-T43",
            "count": 24,
            "created_time": "2025-01-29T05:45:56.190512Z",
            "yes_price": 88,
            "no_price": 12,
            "taker_side": "yes"
        },
        {
            "trade_id": "bad1ced7-a11e-43ea-9522-1a78316ae49a",
            "ticker": "KXHIGHCHI-25JAN29-T43",
            "count": 68,
            "created_time": "2025-01-29T05:45:10.230592Z",
            "yes_price": 88,
            "no_price": 12,
            "taker_side": "yes"
        },
        {
            "trade_id": "4a085be0-9f7d-4626-990a-22ceac5c6a6d",
            "ticker": "KXHIGHCHI-25JAN29-T43",
            "count": 63,
            "created_time": "2025-01-29T05:45:10.230592Z",
            "yes_price": 88,
            "no_price": 12,
            "taker_side": "yes"
        },
        {
            "trade_id": "ed818cf2-2798-467e-9381-ff0ef68c31c1",
            "ticker": "KXHIGHCHI-25JAN29-T43",
            "count": 6,
            "created_time": "2025-01-29T05:44:23.943177Z",
            "yes_price": 89,
            "no_price": 11,
            "taker_side": "yes"
        },
        {
            "trade_id": "e1fcabe2-26c4-485c-8dc7-1b52b156269b",
            "ticker": "KXHIGHCHI-25JAN29-T43",
            "count": 24,
            "created_time": "2025-01-29T05:42:51.173391Z",
            "yes_price": 88,
            "no_price": 12,
            "taker_side": "yes"
        },
        {
            "trade_id": "0a092c70-688e-407d-9dfd-bc6efbb9acb0",
            "ticker": "KXHIGHCHI-25JAN29-T43",
            "count": 10,
            "created_time": "2025-01-29T05:42:51.173391Z",
            "yes_price": 88,
            "no_price": 12,
            "taker_side": "yes"
        },
        {
            "trade_id": "a6d6fc9c-7bb5-40bc-9913-bc2bcdffb371",
            "ticker": "KXHIGHCHI-25JAN29-T43",
            "count": 118,
            "created_time": "2025-01-29T05:32:49.295746Z",
            "yes_price": 84,
            "no_price": 16,
            "taker_side": "no"
        },
        {
            "trade_id": "484922ab-e204-450c-aec0-77957650714b",
            "ticker": "KXHIGHCHI-25JAN29-T43",
            "count": 118,
            "created_time": "2025-01-29T05:31:53.54566Z",
            "yes_price": 84,
            "no_price": 16,
            "taker_side": "no"
        },
        {
            "trade_id": "98ac335b-569a-4eb7-abe6-ac4bdfcd1241",
            "ticker": "KXHIGHCHI-25JAN29-T43",
            "count": 5,
            "created_time": "2025-01-29T05:16:36.379515Z",
            "yes_price": 85,
            "no_price": 15,
            "taker_side": "yes"
        },
        {
            "trade_id": "b60aaeed-d608-425b-b2e1-92975c154621",
            "ticker": "KXHIGHCHI-25JAN29-T43",
            "count": 13,
            "created_time": "2025-01-29T05:05:05.014379Z",
            "yes_price": 85,
            "no_price": 15,
            "taker_side": "yes"
        },
        {
            "trade_id": "4cb6cd77-07da-4909-b292-3717d02a8b85",
            "ticker": "KXHIGHCHI-25JAN29-T43",
            "count": 11,
            "created_time": "2025-01-29T05:05:05.014379Z",
            "yes_price": 85,
            "no_price": 15,
            "taker_side": "yes"
        },
        {
            "trade_id": "e22f9b16-dd17-4309-981e-fcbf3b738664",
            "ticker": "KXHIGHCHI-25JAN29-T43",
            "count": 11,
            "created_time": "2025-01-29T05:02:53.570503Z",
            "yes_price": 81,
            "no_price": 19,
            "taker_side": "no"
        },
        {
            "trade_id": "73ba8069-e003-4dd3-9e51-e224b9bc0ff3",
            "ticker": "KXHIGHCHI-25JAN29-T43",
            "count": 69,
            "created_time": "2025-01-29T05:02:53.570503Z",
            "yes_price": 80,
            "no_price": 20,
            "taker_side": "no"
        },
        {
            "trade_id": "2f034fd1-b648-454e-8b35-4df28f32d8e5",
            "ticker": "KXHIGHCHI-25JAN29-T43",
            "count": 118,
            "created_time": "2025-01-29T05:02:53.570503Z",
            "yes_price": 82,
            "no_price": 18,
            "taker_side": "no"
        },
        {
            "trade_id": "e2953913-ea1c-49ad-8cee-1b1b91615266",
            "ticker": "KXHIGHCHI-25JAN29-T43",
            "count": 61,
            "created_time": "2025-01-29T05:02:01.098455Z",
            "yes_price": 80,
            "no_price": 20,
            "taker_side": "no"
        },
        {
            "trade_id": "a0ab5a30-d26a-4735-8a95-b6d784d80080",
            "ticker": "KXHIGHCHI-25JAN29-T43",
            "count": 61,
            "created_time": "2025-01-29T05:02:01.098455Z",
            "yes_price": 84,
            "no_price": 16,
            "taker_side": "no"
        },
        {
            "trade_id": "9c331ff7-7c45-448a-a20d-bab1a3ea682e",
            "ticker": "KXHIGHCHI-25JAN29-T43",
            "count": 18,
            "created_time": "2025-01-29T05:02:01.098455Z",
            "yes_price": 81,
            "no_price": 19,
            "taker_side": "no"
        },
        {
            "trade_id": "8b247d91-4c10-48c1-a683-4985ec93df49",
            "ticker": "KXHIGHCHI-25JAN29-T43",
            "count": 400,
            "created_time": "2025-01-29T05:02:01.098455Z",
            "yes_price": 84,
            "no_price": 16,
            "taker_side": "no"
        },
        {
            "trade_id": "1f17175a-48b8-4a93-a568-ebf97ee63c46",
            "ticker": "KXHIGHCHI-25JAN29-T43",
            "count": 26,
            "created_time": "2025-01-29T05:02:01.098455Z",
            "yes_price": 81,
            "no_price": 19,
            "taker_side": "no"
        },
        {
            "trade_id": "ab56a3e5-32f5-41e7-9da8-f18034541beb",
            "ticker": "KXHIGHCHI-25JAN29-T43",
            "count": 10,
            "created_time": "2025-01-29T04:53:20.526127Z",
            "yes_price": 85,
            "no_price": 15,
            "taker_side": "yes"
        },
        {
            "trade_id": "36cc22a8-317a-4c30-ba06-1c7c2b2dd9c9",
            "ticker": "KXHIGHCHI-25JAN29-T43",
            "count": 25,
            "created_time": "2025-01-29T04:53:20.526127Z",
            "yes_price": 87,
            "no_price": 13,
            "taker_side": "yes"
        },
        {
            "trade_id": "13f5ef1e-8a58-4bde-a4f8-be7ba2d24591",
            "ticker": "KXHIGHCHI-25JAN29-T43",
            "count": 19,
            "created_time": "2025-01-29T04:53:20.526127Z",
            "yes_price": 86,
            "no_price": 14,
            "taker_side": "yes"
        },
        {
            "trade_id": "08a797dc-21a5-4ffc-b794-b0a14c69cbed",
            "ticker": "KXHIGHCHI-25JAN29-T43",
            "count": 240,
            "created_time": "2025-01-29T04:53:20.526127Z",
            "yes_price": 87,
            "no_price": 13,
            "taker_side": "yes"
        },
        {
            "trade_id": "ed81f128-33d5-4a41-a0db-fe20dfb40814",
            "ticker": "KXHIGHCHI-25JAN29-T43",
            "count": 2,
            "created_time": "2025-01-29T04:51:21.237021Z",
            "yes_price": 85,
            "no_price": 15,
            "taker_side": "yes"
        },
        {
            "trade_id": "e129852b-7217-4c84-9b80-b706f07b6898",
            "ticker": "KXHIGHCHI-25JAN29-T43",
            "count": 4,
            "created_time": "2025-01-29T04:51:21.237021Z",
            "yes_price": 85,
            "no_price": 15,
            "taker_side": "yes"
        },
        {
            "trade_id": "bb43e73c-6ffa-469a-8772-44453d3ddd5a",
            "ticker": "KXHIGHCHI-25JAN29-T43",
            "count": 61,
            "created_time": "2025-01-29T04:51:21.237021Z",
            "yes_price": 85,
            "no_price": 15,
            "taker_side": "yes"
        },
        {
            "trade_id": "95ffef33-26e6-4ba0-85d9-40b81a8ca254",
            "ticker": "KXHIGHCHI-25JAN29-T43",
            "count": 30,
            "created_time": "2025-01-29T04:51:21.237021Z",
            "yes_price": 86,
            "no_price": 14,
            "taker_side": "yes"
        },
        {
            "trade_id": "85a7b429-e0b0-48c2-a9aa-20179263519e",
            "ticker": "KXHIGHCHI-25JAN29-T43",
            "count": 4,
            "created_time": "2025-01-29T04:51:21.237021Z",
            "yes_price": 85,
            "no_price": 15,
            "taker_side": "yes"
        },
        {
            "trade_id": "6dcffd33-85df-47bd-bd5c-b8e9bc59d6f5",
            "ticker": "KXHIGHCHI-25JAN29-T43",
            "count": 3,
            "created_time": "2025-01-29T04:51:21.237021Z",
            "yes_price": 86,
            "no_price": 14,
            "taker_side": "yes"
        },
        {
            "trade_id": "f8be426c-3b8d-4b18-bd9c-4883cfe93488",
            "ticker": "KXHIGHCHI-25JAN29-T43",
            "count": 28,
            "created_time": "2025-01-29T04:29:24.189317Z",
            "yes_price": 80,
            "no_price": 20,
            "taker_side": "no"
        },
        {
            "trade_id": "d3cb575f-095c-4ee8-9b72-d4720d0b5c87",
            "ticker": "KXHIGHCHI-25JAN29-T43",
            "count": 300,
            "created_time": "2025-01-29T04:29:24.189317Z",
            "yes_price": 79,
            "no_price": 21,
            "taker_side": "no"
        },
        {
            "trade_id": "af61bc29-45d9-401a-9cca-30dc771d7fa1",
            "ticker": "KXHIGHCHI-25JAN29-T43",
            "count": 157,
            "created_time": "2025-01-29T04:29:24.189317Z",
            "yes_price": 78,
            "no_price": 22,
            "taker_side": "no"
        },
        {
            "trade_id": "70957962-da44-4cba-8c1f-d423c3ba3b57",
            "ticker": "KXHIGHCHI-25JAN29-T43",
            "count": 1,
            "created_time": "2025-01-29T04:29:24.189317Z",
            "yes_price": 80,
            "no_price": 20,
            "taker_side": "no"
        },
        {
            "trade_id": "59a98b7d-1a5e-4c34-816a-e3aa4eb7b293",
            "ticker": "KXHIGHCHI-25JAN29-T43",
            "count": 75,
            "created_time": "2025-01-29T04:29:24.189317Z",
            "yes_price": 80,
            "no_price": 20,
            "taker_side": "no"
        },
        {
            "trade_id": "5295a4c0-3fe1-4cb9-9537-e42cf557fc8e",
            "ticker": "KXHIGHCHI-25JAN29-T43",
            "count": 61,
            "created_time": "2025-01-29T04:29:24.189317Z",
            "yes_price": 81,
            "no_price": 19,
            "taker_side": "no"
        },
        {
            "trade_id": "4055e9f4-bdfc-415f-b474-f5c241533441",
            "ticker": "KXHIGHCHI-25JAN29-T43",
            "count": 1,
            "created_time": "2025-01-29T04:29:24.189317Z",
            "yes_price": 78,
            "no_price": 22,
            "taker_side": "no"
        },
        {
            "trade_id": "06650ff8-522c-445e-aadf-088f87eb059e",
            "ticker": "KXHIGHCHI-25JAN29-T43",
            "count": 27,
            "created_time": "2025-01-29T04:29:24.189317Z",
            "yes_price": 80,
            "no_price": 20,
            "taker_side": "no"
        },
        {
            "trade_id": "ecfb0ce8-9ec0-421f-8478-8d6b6988b154",
            "ticker": "KXHIGHCHI-25JAN29-T43",
            "count": 26,
            "created_time": "2025-01-29T04:27:30.21565Z",
            "yes_price": 85,
            "no_price": 15,
            "taker_side": "yes"
        },
        {
            "trade_id": "60c697b4-ad48-48e1-9b10-a24a858afe73",
            "ticker": "KXHIGHCHI-25JAN29-T43",
            "count": 4,
            "created_time": "2025-01-29T04:27:12.515796Z",
            "yes_price": 85,
            "no_price": 15,
            "taker_side": "yes"
        },
        {
            "trade_id": "b07fe3da-aa8f-4baf-a48b-bc1aa9aa867c",
            "ticker": "KXHIGHCHI-25JAN29-T43",
            "count": 31,
            "created_time": "2025-01-29T04:17:30.337598Z",
            "yes_price": 85,
            "no_price": 15,
            "taker_side": "yes"
        },
        {
            "trade_id": "5b59a910-360c-4bf5-9783-ee3dd8b8ccc1",
            "ticker": "KXHIGHCHI-25JAN29-T43",
            "count": 16,
            "created_time": "2025-01-29T04:17:30.337598Z",
            "yes_price": 87,
            "no_price": 13,
            "taker_side": "yes"
        },
        {
            "trade_id": "029efc08-73e7-44bf-a352-6fad14da8242",
            "ticker": "KXHIGHCHI-25JAN29-T43",
            "count": 10,
            "created_time": "2025-01-29T04:17:30.337598Z",
            "yes_price": 87,
            "no_price": 13,
            "taker_side": "yes"
        },
        {
            "trade_id": "ba3f5ca5-d2cf-447f-b00e-9f8040d3fa4b",
            "ticker": "KXHIGHCHI-25JAN29-T43",
            "count": 31,
            "created_time": "2025-01-29T04:15:03.269129Z",
            "yes_price": 85,
            "no_price": 15,
            "taker_side": "yes"
        },
        {
            "trade_id": "858452a9-f2b0-4293-814f-4ac1ac6781c0",
            "ticker": "KXHIGHCHI-25JAN29-T43",
            "count": 26,
            "created_time": "2025-01-29T04:10:58.25219Z",
            "yes_price": 86,
            "no_price": 14,
            "taker_side": "yes"
        },
        {
            "trade_id": "18e59ed3-c6ad-4864-9bc1-85ee91b32794",
            "ticker": "KXHIGHCHI-25JAN29-T43",
            "count": 118,
            "created_time": "2025-01-29T04:10:58.25219Z",
            "yes_price": 86,
            "no_price": 14,
            "taker_side": "yes"
        },
        {
            "trade_id": "571e510a-6e6a-4e3b-ac95-1233cebc7a81",
            "ticker": "KXHIGHCHI-25JAN29-T43",
            "count": 4,
            "created_time": "2025-01-29T04:10:51.300608Z",
            "yes_price": 85,
            "no_price": 15,
            "taker_side": "yes"
        },
        {
            "trade_id": "1ef4e693-855f-4032-930d-f265c1a61724",
            "ticker": "KXHIGHCHI-25JAN29-T43",
            "count": 2,
            "created_time": "2025-01-29T04:09:55.218109Z",
            "yes_price": 85,
            "no_price": 15,
            "taker_side": "yes"
        },
        {
            "trade_id": "0fac8583-2721-4df1-9669-f443dda8c2c1",
            "ticker": "KXHIGHCHI-25JAN29-T43",
            "count": 119,
            "created_time": "2025-01-29T04:09:55.218109Z",
            "yes_price": 85,
            "no_price": 15,
            "taker_side": "yes"
        },
        {
            "trade_id": "7d31f09e-c425-4e48-9283-4e25bc22de9a",
            "ticker": "KXHIGHCHI-25JAN29-T43",
            "count": 23,
            "created_time": "2025-01-29T04:09:35.785039Z",
            "yes_price": 84,
            "no_price": 16,
            "taker_side": "yes"
        },
        {
            "trade_id": "f42dde92-137c-4ea2-97f4-9c3e816513f4",
            "ticker": "KXHIGHCHI-25JAN29-T43",
            "count": 3,
            "created_time": "2025-01-29T04:09:21.772587Z",
            "yes_price": 84,
            "no_price": 16,
            "taker_side": "yes"
        },
        {
            "trade_id": "9fa40b90-3757-48a9-957a-508629b00194",
            "ticker": "KXHIGHCHI-25JAN29-T43",
            "count": 16,
            "created_time": "2025-01-29T04:09:21.772587Z",
            "yes_price": 84,
            "no_price": 16,
            "taker_side": "yes"
        },
        {
            "trade_id": "5b5350ba-0b34-4303-813e-b85949eb5ce4",
            "ticker": "KXHIGHCHI-25JAN29-T43",
            "count": 21,
            "created_time": "2025-01-29T04:09:21.772587Z",
            "yes_price": 85,
            "no_price": 15,
            "taker_side": "yes"
        },
        {
            "trade_id": "41d8b496-0e96-47c5-9a75-b5f1ca7c5c0b",
            "ticker": "KXHIGHCHI-25JAN29-T43",
            "count": 3,
            "created_time": "2025-01-29T04:09:21.772587Z",
            "yes_price": 84,
            "no_price": 16,
            "taker_side": "yes"
        },
        {
            "trade_id": "220b3988-1c9d-4919-8960-078946a77d60",
            "ticker": "KXHIGHCHI-25JAN29-T43",
            "count": 7,
            "created_time": "2025-01-29T04:09:21.772587Z",
            "yes_price": 84,
            "no_price": 16,
            "taker_side": "yes"
        },
        {
            "trade_id": "a6eafab9-b2aa-4075-92cd-ca04e26b2e60",
            "ticker": "KXHIGHCHI-25JAN29-T43",
            "count": 35,
            "created_time": "2025-01-29T04:04:57.185101Z",
            "yes_price": 79,
            "no_price": 21,
            "taker_side": "no"
        },
        {
            "trade_id": "8acc30be-2f75-449f-baaa-2e18df38bc3d",
            "ticker": "KXHIGHCHI-25JAN29-T43",
            "count": 2,
            "created_time": "2025-01-29T04:04:24.400571Z",
            "yes_price": 84,
            "no_price": 16,
            "taker_side": "yes"
        },
        {
            "trade_id": "56513955-c433-4b12-86fb-560e7824e8cc",
            "ticker": "KXHIGHCHI-25JAN29-T43",
            "count": 3,
            "created_time": "2025-01-29T04:04:24.400571Z",
            "yes_price": 84,
            "no_price": 16,
            "taker_side": "yes"
        },
        {
            "trade_id": "53897eca-685a-4b55-8b57-a71c2d9d6bf1",
            "ticker": "KXHIGHCHI-25JAN29-T43",
            "count": 100,
            "created_time": "2025-01-29T03:36:02.465059Z",
            "yes_price": 80,
            "no_price": 20,
            "taker_side": "no"
        },
        {
            "trade_id": "d81c46b1-8b73-4a8a-94ad-ed732bf9d20f",
            "ticker": "KXHIGHCHI-25JAN29-T43",
            "count": 2,
            "created_time": "2025-01-29T03:31:51.123169Z",
            "yes_price": 85,
            "no_price": 15,
            "taker_side": "yes"
        },
        {
            "trade_id": "e8cdb581-2b1d-4468-a9c0-ce725ec4bc9a",
            "ticker": "KXHIGHCHI-25JAN29-T43",
            "count": 1,
            "created_time": "2025-01-29T03:31:43.265469Z",
            "yes_price": 85,
            "no_price": 15,
            "taker_side": "yes"
        },
        {
            "trade_id": "212c9de8-c835-4abb-aa80-0b31cf042d4d",
            "ticker": "KXHIGHCHI-25JAN29-T43",
            "count": 118,
            "created_time": "2025-01-29T03:31:43.265469Z",
            "yes_price": 85,
            "no_price": 15,
            "taker_side": "yes"
        },
        {
            "trade_id": "c66a1cab-0e54-4020-b0e3-f104ff196183",
            "ticker": "KXHIGHCHI-25JAN29-T43",
            "count": 78,
            "created_time": "2025-01-29T03:31:31.448554Z",
            "yes_price": 84,
            "no_price": 16,
            "taker_side": "yes"
        },
        {
            "trade_id": "b8dff448-0c65-4dd1-aff5-42b14da1fea9",
            "ticker": "KXHIGHCHI-25JAN29-T43",
            "count": 28,
            "created_time": "2025-01-29T03:31:31.448554Z",
            "yes_price": 84,
            "no_price": 16,
            "taker_side": "yes"
        },
        {
            "trade_id": "ee271296-2472-407e-a15e-27b8cafc1f16",
            "ticker": "KXHIGHCHI-25JAN29-T43",
            "count": 45,
            "created_time": "2025-01-29T03:29:26.323131Z",
            "yes_price": 84,
            "no_price": 16,
            "taker_side": "yes"
        },
        {
            "trade_id": "bdfb11c1-4578-44cc-89a0-ce4cd1ca506c",
            "ticker": "KXHIGHCHI-25JAN29-T43",
            "count": 11,
            "created_time": "2025-01-29T03:29:04.856934Z",
            "yes_price": 83,
            "no_price": 17,
            "taker_side": "yes"
        },
        {
            "trade_id": "8f522483-0384-4649-827f-daf64cea6ced",
            "ticker": "KXHIGHCHI-25JAN29-T43",
            "count": 2,
            "created_time": "2025-01-29T03:29:04.856934Z",
            "yes_price": 83,
            "no_price": 17,
            "taker_side": "yes"
        },
        {
            "trade_id": "878fffa1-49d9-4aa1-9834-f4d853721e59",
            "ticker": "KXHIGHCHI-25JAN29-T43",
            "count": 3,
            "created_time": "2025-01-29T03:29:04.856934Z",
            "yes_price": 83,
            "no_price": 17,
            "taker_side": "yes"
        },
        {
            "trade_id": "244760f1-829c-41f1-bf61-29661fc4f6d9",
            "ticker": "KXHIGHCHI-25JAN29-T43",
            "count": 50,
            "created_time": "2025-01-29T03:25:45.815657Z",
            "yes_price": 82,
            "no_price": 18,
            "taker_side": "yes"
        },
        {
            "trade_id": "c1dfd071-fce0-4889-97a8-f99c850ace3a",
            "ticker": "KXHIGHCHI-25JAN29-T43",
            "count": 4,
            "created_time": "2025-01-29T03:17:59.981371Z",
            "yes_price": 79,
            "no_price": 21,
            "taker_side": "no"
        },
        {
            "trade_id": "cd3517bb-c512-4bb0-8b77-8c8dc6d67914",
            "ticker": "KXHIGHCHI-25JAN29-T43",
            "count": 44,
            "created_time": "2025-01-29T02:53:01.362803Z",
            "yes_price": 84,
            "no_price": 16,
            "taker_side": "yes"
        },
        {
            "trade_id": "ee4c36de-5be9-4a10-83fc-4b8b87a35c2b",
            "ticker": "KXHIGHCHI-25JAN29-T43",
            "count": 9,
            "created_time": "2025-01-29T02:44:41.654667Z",
            "yes_price": 83,
            "no_price": 17,
            "taker_side": "yes"
        },
        {
            "trade_id": "cac8f792-c837-4f22-9aba-52414dff66c9",
            "ticker": "KXHIGHCHI-25JAN29-T43",
            "count": 5,
            "created_time": "2025-01-29T02:42:13.748661Z",
            "yes_price": 83,
            "no_price": 17,
            "taker_side": "yes"
        },
        {
            "trade_id": "4c3644ec-515c-4c35-9720-b907ae9a77c8",
            "ticker": "KXHIGHCHI-25JAN29-T43",
            "count": 9,
            "created_time": "2025-01-29T02:42:13.748661Z",
            "yes_price": 83,
            "no_price": 17,
            "taker_side": "yes"
        },
        {
            "trade_id": "d691c145-b9e3-451f-8741-8c8befa9a46e",
            "ticker": "KXHIGHCHI-25JAN29-T43",
            "count": 16,
            "created_time": "2025-01-29T02:14:39.512666Z",
            "yes_price": 83,
            "no_price": 17,
            "taker_side": "yes"
        },
        {
            "trade_id": "06b82d52-f91e-4131-8cfd-19d9e2c645fb",
            "ticker": "KXHIGHCHI-25JAN29-T43",
            "count": 19,
            "created_time": "2025-01-29T02:14:39.512666Z",
            "yes_price": 85,
            "no_price": 15,
            "taker_side": "yes"
        },
        {
            "trade_id": "7f93731d-bb7a-48f4-82e1-08253c910248",
            "ticker": "KXHIGHCHI-25JAN29-T43",
            "count": 232,
            "created_time": "2025-01-29T02:02:31.382999Z",
            "yes_price": 84,
            "no_price": 16,
