{
    "KXHIGHCHI-25JAN19-T8": [],
    "KXHIGHCHI-25JAN19-B8.5": [
        {
            "trade_id": "c8079af8-19fa-4fd5-9f17-7d7c7f04f470",
            "ticker": "KXHIGHCHI-25JAN19-B8.5",
            "count": 93,
            "created_time": "2025-01-20T01:08:25.315049Z",
            "yes_price": 1,
            "no_price": 99,
            "taker_side": "yes"
        },
        {
            "trade_id": "ef47f8ce-6cfd-405d-a113-570e1a117abf",
            "ticker": "KXHIGHCHI-25JAN19-B8.5",
            "count": 9351,
            "created_time": "2025-01-19T17:31:53.368441Z",
            "yes_price": 1,
            "no_price": 99,
            "taker_side": "yes"
        },
        {
            "trade_id": "79e657ea-a379-4b2a-899f-3022357b874e",
            "ticker": "KXHIGHCHI-25JAN19-B8.5",
            "count": 2337,
            "created_time": "2025-01-19T14:08:01.605577Z",
            "yes_price": 1,
            "no_price": 99,
            "taker_side": "yes"
        },
        {
            "trade_id": "bc8ce299-15e8-4d29-8e6c-897c1347c7a8",
            "ticker": "KXHIGHCHI-25JAN19-B8.5",
            "count": 60,
            "created_time": "2025-01-18T16:52:18.823223Z",
            "yes_price": 5,
            "no_price": 95,
            "taker_side": "yes"
        }
    ],
    "KXHIGHCHI-25JAN19-B10.5": [
        {
            "trade_id": "d145951d-0942-42bd-a6e2-de524d7f4130",
            "ticker": "KXHIGHCHI-25JAN19-B10.5",
            "count": 4675,
            "created_time": "2025-01-19T18:25:35.138608Z",
            "yes_price": 1,
            "no_price": 99,
            "taker_side": "yes"
        },
        {
            "trade_id": "b8071154-1a9f-4a8e-a17f-3f058ac663d7",
            "ticker": "KXHIGHCHI-25JAN19-B10.5",
            "count": 2337,
            "created_time": "2025-01-19T14:06:42.336113Z",
            "yes_price": 1,
            "no_price": 99,
            "taker_side": "yes"
        },
        {
            "trade_id": "c434e2fa-e00d-41d2-84f9-47fdab437625",
            "ticker": "KXHIGHCHI-25JAN19-B10.5",
            "count": 2,
            "created_time": "2025-01-18T18:33:55.182945Z",
            "yes_price": 1,
            "no_price": 99,
            "taker_side": "no"
        },
        {
            "trade_id": "8e8e6e8e-e2a0-4e98-86e9-de977102be5c",
            "ticker": "KXHIGHCHI-25JAN19-B10.5",
            "count": 100,
            "created_time": "2025-01-18T18:02:06.970414Z",
            "yes_price": 2,
            "no_price": 98,
            "taker_side": "no"
        },
        {
            "trade_id": "27908bbd-ac32-4063-902e-48f4f648db77",
            "ticker": "KXHIGHCHI-25JAN19-B10.5",
            "count": 50,
            "created_time": "2025-01-18T17:46:22.774056Z",
            "yes_price": 9,
            "no_price": 91,
            "taker_side": "yes"
        },
        {
            "trade_id": "ebc6e022-7e5e-4c97-942f-6f085989a99a",
            "ticker": "KXHIGHCHI-25JAN19-B10.5",
            "count": 107,
            "created_time": "2025-01-18T17:43:54.309709Z",
            "yes_price": 5,
            "no_price": 95,
            "taker_side": "yes"
        },
        {
            "trade_id": "c113561e-7d20-40b8-840f-197432912c54",
            "ticker": "KXHIGHCHI-25JAN19-B10.5",
            "count": 13,
            "created_time": "2025-01-18T17:43:54.309709Z",
            "yes_price": 29,
            "no_price": 71,
            "taker_side": "yes"
        },
        {
            "trade_id": "a9690f0a-6a34-40df-9257-5091ad58baaa",
            "ticker": "KXHIGHCHI-25JAN19-B10.5",
            "count": 11,
            "created_time": "2025-01-18T17:43:54.309709Z",
            "yes_price": 15,
            "no_price": 85,
            "taker_side": "yes"
        },
        {
            "trade_id": "a23d9c1d-fd0e-44e1-8460-25d74819fdfb",
            "ticker": "KXHIGHCHI-25JAN19-B10.5",
            "count": 20,
            "created_time": "2025-01-18T17:43:54.309709Z",
            "yes_price": 81,
            "no_price": 19,
            "taker_side": "yes"
        },
        {
            "trade_id": "98e873fe-fc6f-499e-ac82-578f5ba5eb0f",
            "ticker": "KXHIGHCHI-25JAN19-B10.5",
            "count": 240,
            "created_time": "2025-01-18T17:43:54.309709Z",
            "yes_price": 9,
            "no_price": 91,
            "taker_side": "yes"
        },
        {
            "trade_id": "959055ff-511e-40bf-9ded-03aefc4f0985",
            "ticker": "KXHIGHCHI-25JAN19-B10.5",
            "count": 50,
            "created_time": "2025-01-18T17:43:54.309709Z",
            "yes_price": 46,
            "no_price": 54,
            "taker_side": "yes"
        },
        {
            "trade_id": "71342f01-08a4-426a-9655-e31ce06a7dcf",
            "ticker": "KXHIGHCHI-25JAN19-B10.5",
            "count": 1,
            "created_time": "2025-01-18T17:43:54.309709Z",
            "yes_price": 5,
            "no_price": 95,
            "taker_side": "yes"
        },
        {
            "trade_id": "4ddf20bb-4e25-4c1c-a817-73281fbc3f88",
            "ticker": "KXHIGHCHI-25JAN19-B10.5",
            "count": 240,
            "created_time": "2025-01-18T17:43:54.309709Z",
            "yes_price": 7,
            "no_price": 93,
            "taker_side": "yes"
        },
        {
            "trade_id": "2b416f8c-8f9d-4098-bb5b-93f4593d35c1",
            "ticker": "KXHIGHCHI-25JAN19-B10.5",
            "count": 27,
            "created_time": "2025-01-18T17:43:54.309709Z",
            "yes_price": 25,
            "no_price": 75,
            "taker_side": "yes"
        },
        {
            "trade_id": "a35eb98f-cc3d-4e78-8826-d761ccf1ed0c",
            "ticker": "KXHIGHCHI-25JAN19-B10.5",
            "count": 10,
            "created_time": "2025-01-18T15:53:32.219706Z",
            "yes_price": 1,
            "no_price": 99,
            "taker_side": "no"
        }
    ],
    "KXHIGHCHI-25JAN19-B12.5": [
        {
            "trade_id": "27859fca-5589-4b83-a095-186922f07f9a",
            "ticker": "KXHIGHCHI-25JAN19-B12.5",
            "count": 9,
            "created_time": "2025-01-20T00:08:30.54657Z",
            "yes_price": 1,
            "no_price": 99,
            "taker_side": "yes"
        },
        {
            "trade_id": "8d0846c6-a214-4dac-83f6-1cbf8ce3f82f",
            "ticker": "KXHIGHCHI-25JAN19-B12.5",
            "count": 100,
            "created_time": "2025-01-19T17:31:46.080882Z",
            "yes_price": 1,
            "no_price": 99,
            "taker_side": "yes"
        },
        {
            "trade_id": "81d3f611-3c8d-4e60-8a46-08d24dce499d",
            "ticker": "KXHIGHCHI-25JAN19-B12.5",
            "count": 200,
            "created_time": "2025-01-19T03:41:07.058399Z",
            "yes_price": 1,
            "no_price": 99,
            "taker_side": "no"
        },
        {
            "trade_id": "4eaf3081-f2ae-4b24-be8f-1bff19c2769a",
            "ticker": "KXHIGHCHI-25JAN19-B12.5",
            "count": 689,
            "created_time": "2025-01-19T03:41:07.058399Z",
            "yes_price": 1,
            "no_price": 99,
            "taker_side": "no"
        },
        {
            "trade_id": "98d14d6b-ffe9-4e66-ace3-011d3dc2fd32",
            "ticker": "KXHIGHCHI-25JAN19-B12.5",
            "count": 74,
            "created_time": "2025-01-19T03:41:01.453149Z",
            "yes_price": 1,
            "no_price": 99,
            "taker_side": "no"
        },
        {
            "trade_id": "14c442a9-2420-4ca4-85f7-5cc37fb3adff",
            "ticker": "KXHIGHCHI-25JAN19-B12.5",
            "count": 40,
            "created_time": "2025-01-19T03:33:04.455332Z",
            "yes_price": 2,
            "no_price": 98,
            "taker_side": "no"
        },
        {
            "trade_id": "845f96ce-c0e8-4eaa-a0b9-2f7dbdecf91c",
            "ticker": "KXHIGHCHI-25JAN19-B12.5",
            "count": 103,
            "created_time": "2025-01-19T03:26:19.58036Z",
            "yes_price": 2,
            "no_price": 98,
            "taker_side": "no"
        },
        {
            "trade_id": "b48ca1ac-de22-41bd-95e5-a3d83134d3d6",
            "ticker": "KXHIGHCHI-25JAN19-B12.5",
            "count": 50,
            "created_time": "2025-01-19T02:56:19.176509Z",
            "yes_price": 2,
            "no_price": 98,
            "taker_side": "no"
        },
        {
            "trade_id": "8788e6e1-a2ae-49dc-b97c-e8ab8d16e41b",
            "ticker": "KXHIGHCHI-25JAN19-B12.5",
            "count": 151,
            "created_time": "2025-01-19T02:47:43.208311Z",
            "yes_price": 6,
            "no_price": 94,
            "taker_side": "yes"
        },
        {
            "trade_id": "13e235b9-cc87-4de9-b971-706702eb6327",
            "ticker": "KXHIGHCHI-25JAN19-B12.5",
            "count": 5,
            "created_time": "2025-01-19T02:47:43.208311Z",
            "yes_price": 6,
            "no_price": 94,
            "taker_side": "yes"
        },
        {
            "trade_id": "81d27d41-9ed4-424d-b634-4a2fcc0048f9",
            "ticker": "KXHIGHCHI-25JAN19-B12.5",
            "count": 2,
            "created_time": "2025-01-19T01:42:45.755994Z",
            "yes_price": 2,
            "no_price": 98,
            "taker_side": "no"
        },
        {
            "trade_id": "62740db3-9ea3-4a8d-94b9-890152c2b342",
            "ticker": "KXHIGHCHI-25JAN19-B12.5",
            "count": 7,
            "created_time": "2025-01-19T01:42:45.755994Z",
            "yes_price": 2,
            "no_price": 98,
            "taker_side": "no"
        },
        {
            "trade_id": "a7da1123-18ae-4bbb-8ec8-0787273a86a3",
            "ticker": "KXHIGHCHI-25JAN19-B12.5",
            "count": 10,
            "created_time": "2025-01-19T00:35:23.667478Z",
            "yes_price": 1,
            "no_price": 99,
            "taker_side": "no"
        },
        {
            "trade_id": "518b2587-3afd-44cf-a5f3-dc662e7a3af8",
            "ticker": "KXHIGHCHI-25JAN19-B12.5",
            "count": 121,
            "created_time": "2025-01-18T21:26:49.866665Z",
            "yes_price": 6,
            "no_price": 94,
            "taker_side": "yes"
        },
        {
            "trade_id": "1a19bf3e-de06-4c00-8aae-a78d150781dd",
            "ticker": "KXHIGHCHI-25JAN19-B12.5",
            "count": 773,
            "created_time": "2025-01-18T21:26:49.866665Z",
            "yes_price": 5,
            "no_price": 95,
            "taker_side": "yes"
        },
        {
            "trade_id": "2ae23e68-c479-40af-aae5-7c0a308167a3",
            "ticker": "KXHIGHCHI-25JAN19-B12.5",
            "count": 50,
            "created_time": "2025-01-18T20:47:42.992083Z",
            "yes_price": 2,
            "no_price": 98,
            "taker_side": "no"
        },
        {
            "trade_id": "2cd51966-f938-4596-8948-415dedcb049f",
            "ticker": "KXHIGHCHI-25JAN19-B12.5",
            "count": 68,
            "created_time": "2025-01-18T20:10:42.719774Z",
            "yes_price": 4,
            "no_price": 96,
            "taker_side": "no"
        },
        {
            "trade_id": "940b8546-ea0a-4a20-b48a-15345d27a6c3",
            "ticker": "KXHIGHCHI-25JAN19-B12.5",
            "count": 20,
            "created_time": "2025-01-18T20:05:44.317881Z",
            "yes_price": 4,
            "no_price": 96,
            "taker_side": "no"
        },
        {
            "trade_id": "ea0cd335-3d72-449f-a061-0d4eabb672e2",
            "ticker": "KXHIGHCHI-25JAN19-B12.5",
            "count": 102,
            "created_time": "2025-01-18T19:45:47.804749Z",
            "yes_price": 4,
            "no_price": 96,
            "taker_side": "no"
        },
        {
            "trade_id": "8d6e6424-8f45-474b-9aa6-bd658efe2d81",
            "ticker": "KXHIGHCHI-25JAN19-B12.5",
            "count": 220,
            "created_time": "2025-01-18T18:32:28.914705Z",
            "yes_price": 8,
            "no_price": 92,
            "taker_side": "yes"
        },
        {
            "trade_id": "7be7275f-0029-4817-bf40-9335b590e0da",
            "ticker": "KXHIGHCHI-25JAN19-B12.5",
            "count": 37,
            "created_time": "2025-01-18T18:32:28.914705Z",
            "yes_price": 6,
            "no_price": 94,
            "taker_side": "yes"
        },
        {
            "trade_id": "4637ea4a-2890-4072-ba42-f30fb50899e2",
            "ticker": "KXHIGHCHI-25JAN19-B12.5",
            "count": 12,
            "created_time": "2025-01-18T18:32:28.914705Z",
            "yes_price": 6,
            "no_price": 94,
            "taker_side": "yes"
        },
        {
            "trade_id": "41484194-398e-46e5-92d1-f93b00fc9107",
            "ticker": "KXHIGHCHI-25JAN19-B12.5",
            "count": 1,
            "created_time": "2025-01-18T18:32:28.914705Z",
            "yes_price": 6,
            "no_price": 94,
            "taker_side": "yes"
        },
        {
            "trade_id": "e7452c26-1b6f-4a2f-a467-49bc5b001858",
            "ticker": "KXHIGHCHI-25JAN19-B12.5",
            "count": 9,
            "created_time": "2025-01-18T18:11:38.844498Z",
            "yes_price": 6,
            "no_price": 94,
            "taker_side": "yes"
        },
        {
            "trade_id": "877ed5ab-5a7f-4d78-9f54-fbd4825ee5c1",
            "ticker": "KXHIGHCHI-25JAN19-B12.5",
            "count": 10,
            "created_time": "2025-01-18T18:09:46.522155Z",
            "yes_price": 4,
            "no_price": 96,
            "taker_side": "no"
        },
        {
            "trade_id": "d121c0e7-4238-4d01-a976-996247f1a9d6",
            "ticker": "KXHIGHCHI-25JAN19-B12.5",
            "count": 10,
            "created_time": "2025-01-18T17:37:56.428976Z",
            "yes_price": 6,
            "no_price": 94,
            "taker_side": "yes"
        },
        {
            "trade_id": "926138d6-e376-4959-b6f2-d0e6d1d8da4f",
            "ticker": "KXHIGHCHI-25JAN19-B12.5",
            "count": 7,
            "created_time": "2025-01-18T17:37:56.428976Z",
            "yes_price": 6,
            "no_price": 94,
            "taker_side": "yes"
        },
        {
            "trade_id": "262bf774-fc6a-4178-ba54-48511bbd5c62",
            "ticker": "KXHIGHCHI-25JAN19-B12.5",
            "count": 66,
            "created_time": "2025-01-18T17:37:56.428976Z",
            "yes_price": 8,
            "no_price": 92,
            "taker_side": "yes"
        },
        {
            "trade_id": "1687ccfc-27da-41ea-be44-238705b782c9",
            "ticker": "KXHIGHCHI-25JAN19-B12.5",
            "count": 19,
            "created_time": "2025-01-18T17:37:56.428976Z",
            "yes_price": 6,
            "no_price": 94,
            "taker_side": "yes"
        },
        {
            "trade_id": "0bdcab94-2341-4675-bf2f-a1ef0f9acd9c",
            "ticker": "KXHIGHCHI-25JAN19-B12.5",
            "count": 11,
            "created_time": "2025-01-18T16:54:22.233977Z",
            "yes_price": 7,
            "no_price": 93,
            "taker_side": "yes"
        },
        {
            "trade_id": "a4f80b12-987d-4aed-ae44-aa3c4fa8fd95",
            "ticker": "KXHIGHCHI-25JAN19-B12.5",
            "count": 16,
            "created_time": "2025-01-18T15:15:30.234319Z",
            "yes_price": 6,
            "no_price": 94,
            "taker_side": "no"
        },
        {
            "trade_id": "90b3d873-f78b-4032-868f-c9263a98410b",
            "ticker": "KXHIGHCHI-25JAN19-B12.5",
            "count": 37,
            "created_time": "2025-01-18T15:15:25.368935Z",
            "yes_price": 8,
            "no_price": 92,
            "taker_side": "yes"
        },
        {
            "trade_id": "c177aa68-c466-46d6-8874-85be523ce11e",
            "ticker": "KXHIGHCHI-25JAN19-B12.5",
            "count": 4,
            "created_time": "2025-01-18T15:13:14.854188Z",
            "yes_price": 6,
            "no_price": 94,
            "taker_side": "no"
        },
        {
            "trade_id": "9891fcd7-45ad-4923-81b1-2393599b0331",
            "ticker": "KXHIGHCHI-25JAN19-B12.5",
            "count": 80,
            "created_time": "2025-01-18T15:12:43.856621Z",
            "yes_price": 6,
            "no_price": 94,
            "taker_side": "no"
        },
        {
            "trade_id": "db1d4107-7306-4c01-847a-5798bc0551ba",
            "ticker": "KXHIGHCHI-25JAN19-B12.5",
            "count": 40,
            "created_time": "2025-01-18T15:12:29.955988Z",
            "yes_price": 15,
            "no_price": 85,
            "taker_side": "no"
        },
        {
            "trade_id": "99da7203-2a3f-4764-875f-a22af739a625",
            "ticker": "KXHIGHCHI-25JAN19-B12.5",
            "count": 3,
            "created_time": "2025-01-18T15:12:29.865967Z",
            "yes_price": 15,
            "no_price": 85,
            "taker_side": "no"
        }
    ],
    "KXHIGHCHI-25JAN19-B14.5": [
        {
            "trade_id": "802c1255-8000-4191-a904-59669495f8d2",
            "ticker": "KXHIGHCHI-25JAN19-B14.5",
            "count": 187,
            "created_time": "2025-01-19T22:07:53.678556Z",
            "yes_price": 1,
            "no_price": 99,
            "taker_side": "yes"
        },
        {
            "trade_id": "2445ee80-6f95-4bc0-94b4-acedb725ad6c",
            "ticker": "KXHIGHCHI-25JAN19-B14.5",
            "count": 1,
            "created_time": "2025-01-19T15:10:57.980243Z",
            "yes_price": 1,
            "no_price": 99,
            "taker_side": "yes"
        },
        {
            "trade_id": "b9201a3d-7266-4395-a7a4-4bcd373c5c66",
            "ticker": "KXHIGHCHI-25JAN19-B14.5",
            "count": 935,
            "created_time": "2025-01-19T14:46:54.943743Z",
            "yes_price": 1,
            "no_price": 99,
            "taker_side": "yes"
        },
        {
            "trade_id": "cb9d1201-2d96-4379-ae4e-8b575a7717d0",
            "ticker": "KXHIGHCHI-25JAN19-B14.5",
            "count": 30,
            "created_time": "2025-01-19T13:08:28.015335Z",
            "yes_price": 1,
            "no_price": 99,
            "taker_side": "yes"
        },
        {
            "trade_id": "73ef5847-2e8e-4d2d-953b-fd00ff520d03",
            "ticker": "KXHIGHCHI-25JAN19-B14.5",
            "count": 4675,
            "created_time": "2025-01-19T06:09:40.838028Z",
            "yes_price": 1,
            "no_price": 99,
            "taker_side": "yes"
        },
        {
            "trade_id": "e98d9b1a-e196-4975-a9b2-428738d4f0b3",
            "ticker": "KXHIGHCHI-25JAN19-B14.5",
            "count": 100,
            "created_time": "2025-01-19T05:51:23.070942Z",
            "yes_price": 1,
            "no_price": 99,
            "taker_side": "no"
        },
        {
            "trade_id": "d8c5bd80-8db0-42af-9769-4d19f545452f",
            "ticker": "KXHIGHCHI-25JAN19-B14.5",
            "count": 300,
            "created_time": "2025-01-19T05:51:23.070942Z",
            "yes_price": 1,
            "no_price": 99,
            "taker_side": "no"
        },
        {
            "trade_id": "b8684dab-a647-41c8-944b-80b0eae142cc",
            "ticker": "KXHIGHCHI-25JAN19-B14.5",
            "count": 300,
            "created_time": "2025-01-19T05:51:23.070942Z",
            "yes_price": 1,
            "no_price": 99,
            "taker_side": "no"
        },
        {
            "trade_id": "9e22571d-c347-47ab-bb2e-79b3cc46b385",
            "ticker": "KXHIGHCHI-25JAN19-B14.5",
            "count": 1,
            "created_time": "2025-01-19T05:48:59.948175Z",
            "yes_price": 2,
            "no_price": 98,
            "taker_side": "yes"
        },
        {
            "trade_id": "b1952009-c769-4525-b8cb-2ca7ebecc3aa",
            "ticker": "KXHIGHCHI-25JAN19-B14.5",
            "count": 7,
            "created_time": "2025-01-19T05:48:56.383852Z",
            "yes_price": 2,
            "no_price": 98,
            "taker_side": "yes"
        },
        {
            "trade_id": "c52b1d5a-3ab6-4b47-ba9d-2183bca46b35",
            "ticker": "KXHIGHCHI-25JAN19-B14.5",
            "count": 1,
            "created_time": "2025-01-19T05:48:55.359184Z",
            "yes_price": 2,
            "no_price": 98,
            "taker_side": "no"
        },
        {
            "trade_id": "ae35f22e-132f-4671-9fd1-f93ec54c3222",
            "ticker": "KXHIGHCHI-25JAN19-B14.5",
            "count": 27,
            "created_time": "2025-01-19T05:48:37.378936Z",
            "yes_price": 2,
            "no_price": 98,
            "taker_side": "no"
        },
        {
            "trade_id": "91fc81b8-1e4b-48d4-8d03-03cbe3352873",
            "ticker": "KXHIGHCHI-25JAN19-B14.5",
            "count": 11,
            "created_time": "2025-01-19T05:48:37.378936Z",
            "yes_price": 2,
            "no_price": 98,
            "taker_side": "no"
        },
        {
            "trade_id": "36d6940c-020d-4451-a4be-ad7bd6a56512",
            "ticker": "KXHIGHCHI-25JAN19-B14.5",
            "count": 2,
            "created_time": "2025-01-19T05:48:20.083979Z",
            "yes_price": 2,
            "no_price": 98,
            "taker_side": "yes"
        },
        {
            "trade_id": "e4ab98dd-7227-4977-94d2-d3988b199f22",
            "ticker": "KXHIGHCHI-25JAN19-B14.5",
            "count": 2,
            "created_time": "2025-01-19T05:48:17.709162Z",
            "yes_price": 2,
            "no_price": 98,
            "taker_side": "no"
        },
        {
            "trade_id": "519aba95-5de9-40c4-bae4-e4b88e5d54e6",
            "ticker": "KXHIGHCHI-25JAN19-B14.5",
            "count": 1,
            "created_time": "2025-01-19T05:48:13.523023Z",
            "yes_price": 2,
            "no_price": 98,
            "taker_side": "no"
        },
        {
            "trade_id": "c18714a7-09c3-44ee-bd9d-79246eba89bf",
            "ticker": "KXHIGHCHI-25JAN19-B14.5",
            "count": 100,
            "created_time": "2025-01-19T05:33:23.119924Z",
            "yes_price": 2,
            "no_price": 98,
            "taker_side": "no"
        },
        {
            "trade_id": "fdaa63a6-1929-47bf-807b-45a7c24cfeab",
            "ticker": "KXHIGHCHI-25JAN19-B14.5",
            "count": 100,
            "created_time": "2025-01-19T05:24:36.792723Z",
            "yes_price": 2,
            "no_price": 98,
            "taker_side": "no"
        },
        {
            "trade_id": "5db7b3fc-4d06-4620-ad8d-396f7fcdf99a",
            "ticker": "KXHIGHCHI-25JAN19-B14.5",
            "count": 500,
            "created_time": "2025-01-19T05:24:36.792723Z",
            "yes_price": 2,
            "no_price": 98,
            "taker_side": "no"
        },
        {
            "trade_id": "0645d79b-a1bd-4cb9-99d4-3ab6151880cf",
            "ticker": "KXHIGHCHI-25JAN19-B14.5",
            "count": 1,
            "created_time": "2025-01-19T05:24:36.792723Z",
            "yes_price": 2,
            "no_price": 98,
            "taker_side": "no"
        },
        {
            "trade_id": "337e946d-0abc-4e80-bf7c-bf508cadb57a",
            "ticker": "KXHIGHCHI-25JAN19-B14.5",
            "count": 8,
            "created_time": "2025-01-19T05:24:31.442372Z",
            "yes_price": 3,
            "no_price": 97,
            "taker_side": "yes"
        },
        {
            "trade_id": "17662565-1d81-4129-9280-830f9a416a35",
            "ticker": "KXHIGHCHI-25JAN19-B14.5",
            "count": 2,
            "created_time": "2025-01-19T05:15:36.266675Z",
            "yes_price": 3,
            "no_price": 97,
            "taker_side": "no"
        },
        {
            "trade_id": "25b552cd-32c4-480e-a7d2-a4c1e5060187",
            "ticker": "KXHIGHCHI-25JAN19-B14.5",
            "count": 2,
            "created_time": "2025-01-19T04:59:18.93042Z",
            "yes_price": 3,
            "no_price": 97,
            "taker_side": "no"
        },
        {
            "trade_id": "634edeb3-a8e6-49fe-90d0-1706b120a507",
            "ticker": "KXHIGHCHI-25JAN19-B14.5",
            "count": 1,
            "created_time": "2025-01-19T04:58:16.85406Z",
            "yes_price": 3,
            "no_price": 97,
            "taker_side": "no"
        },
        {
            "trade_id": "1800dfaa-d056-4402-bf0a-b62441d17caa",
            "ticker": "KXHIGHCHI-25JAN19-B14.5",
            "count": 2,
            "created_time": "2025-01-19T04:58:16.85406Z",
            "yes_price": 3,
            "no_price": 97,
            "taker_side": "no"
        },
        {
            "trade_id": "ba0e8329-caf2-4364-89dc-7652bcd5a81b",
            "ticker": "KXHIGHCHI-25JAN19-B14.5",
            "count": 4,
            "created_time": "2025-01-19T04:52:47.822128Z",
            "yes_price": 9,
            "no_price": 91,
            "taker_side": "no"
        },
        {
            "trade_id": "2c2cf81b-8ffa-4c44-8c25-b64b09e2bf8d",
            "ticker": "KXHIGHCHI-25JAN19-B14.5",
            "count": 6,
            "created_time": "2025-01-19T04:52:43.020385Z",
            "yes_price": 9,
            "no_price": 91,
            "taker_side": "yes"
        },
        {
            "trade_id": "24c02d62-b978-498a-8b48-3b75b20e9246",
            "ticker": "KXHIGHCHI-25JAN19-B14.5",
            "count": 20,
            "created_time": "2025-01-19T03:55:57.273334Z",
            "yes_price": 5,
            "no_price": 95,
            "taker_side": "no"
        },
        {
            "trade_id": "2337c35f-9a3c-4547-b698-6323de90be84",
            "ticker": "KXHIGHCHI-25JAN19-B14.5",
            "count": 11,
            "created_time": "2025-01-19T03:55:57.273334Z",
            "yes_price": 5,
            "no_price": 95,
            "taker_side": "no"
        },
        {
            "trade_id": "e47ccfa1-9836-4142-86af-c6bfccd0d0af",
            "ticker": "KXHIGHCHI-25JAN19-B14.5",
            "count": 15,
            "created_time": "2025-01-19T03:48:33.733085Z",
            "yes_price": 11,
            "no_price": 89,
            "taker_side": "yes"
        },
        {
            "trade_id": "accc6fd8-aae4-4bea-ae14-22741877a109",
            "ticker": "KXHIGHCHI-25JAN19-B14.5",
            "count": 7,
            "created_time": "2025-01-19T03:47:56.733187Z",
            "yes_price": 4,
            "no_price": 96,
            "taker_side": "no"
        },
        {
            "trade_id": "6d66037d-5ddf-4781-804a-efe707cdd742",
            "ticker": "KXHIGHCHI-25JAN19-B14.5",
            "count": 8,
            "created_time": "2025-01-19T03:47:56.733187Z",
            "yes_price": 4,
            "no_price": 96,
            "taker_side": "no"
        },
        {
            "trade_id": "6ef8c4c0-dc5e-480e-84a1-902b88484892",
            "ticker": "KXHIGHCHI-25JAN19-B14.5",
            "count": 30,
            "created_time": "2025-01-19T03:42:59.965463Z",
            "yes_price": 4,
            "no_price": 96,
            "taker_side": "no"
        },
        {
            "trade_id": "ccf9a0da-0fd6-4542-8508-5708b27b255f",
            "ticker": "KXHIGHCHI-25JAN19-B14.5",
            "count": 9,
            "created_time": "2025-01-19T03:41:19.723972Z",
            "yes_price": 5,
            "no_price": 95,
            "taker_side": "no"
        },
        {
            "trade_id": "ac86b6f3-41fa-4725-b720-657c9eb2d44b",
            "ticker": "KXHIGHCHI-25JAN19-B14.5",
            "count": 9,
            "created_time": "2025-01-19T03:41:15.709512Z",
            "yes_price": 5,
            "no_price": 95,
            "taker_side": "no"
        },
        {
            "trade_id": "9aa9ddb7-df4f-4faa-9888-ea61de5ebc56",
            "ticker": "KXHIGHCHI-25JAN19-B14.5",
            "count": 18,
            "created_time": "2025-01-19T03:41:01.388476Z",
            "yes_price": 6,
            "no_price": 94,
            "taker_side": "no"
        },
        {
            "trade_id": "8cfda130-014a-4dad-8a7d-ef90fbf38bbf",
            "ticker": "KXHIGHCHI-25JAN19-B14.5",
            "count": 19,
            "created_time": "2025-01-19T03:41:01.388476Z",
            "yes_price": 6,
            "no_price": 94,
            "taker_side": "no"
        },
        {
            "trade_id": "7cbf83f2-cd0a-4078-942f-d1043096b945",
            "ticker": "KXHIGHCHI-25JAN19-B14.5",
            "count": 30,
            "created_time": "2025-01-19T03:41:01.388476Z",
            "yes_price": 6,
            "no_price": 94,
            "taker_side": "no"
        },
        {
            "trade_id": "1f1881fa-1ccf-4a9f-a17b-d38528ab7b61",
            "ticker": "KXHIGHCHI-25JAN19-B14.5",
            "count": 7,
            "created_time": "2025-01-19T03:41:01.388476Z",
            "yes_price": 6,
            "no_price": 94,
            "taker_side": "no"
        },
        {
            "trade_id": "89dc8a49-adf5-45a0-a82b-d5bb9d57c83e",
            "ticker": "KXHIGHCHI-25JAN19-B14.5",
            "count": 99,
            "created_time": "2025-01-19T03:26:19.5809Z",
            "yes_price": 8,
            "no_price": 92,
            "taker_side": "no"
        },
        {
            "trade_id": "671e1cac-b45f-47cd-af45-1e6edc00bade",
            "ticker": "KXHIGHCHI-25JAN19-B14.5",
            "count": 4,
            "created_time": "2025-01-19T03:26:19.5809Z",
            "yes_price": 8,
            "no_price": 92,
            "taker_side": "no"
        },
        {
            "trade_id": "d0b13396-7838-43b3-8797-d7032af33822",
            "ticker": "KXHIGHCHI-25JAN19-B14.5",
            "count": 1,
            "created_time": "2025-01-19T03:17:59.217476Z",
            "yes_price": 12,
            "no_price": 88,
            "taker_side": "yes"
        },
        {
            "trade_id": "30cd7205-6102-483d-be02-2aacc0297d2f",
            "ticker": "KXHIGHCHI-25JAN19-B14.5",
            "count": 34,
            "created_time": "2025-01-19T03:17:59.217476Z",
            "yes_price": 13,
            "no_price": 87,
            "taker_side": "yes"
        },
        {
            "trade_id": "11ab16ee-7a52-4d27-bbed-251c78acb709",
            "ticker": "KXHIGHCHI-25JAN19-B14.5",
            "count": 30,
            "created_time": "2025-01-19T03:17:59.217476Z",
            "yes_price": 14,
            "no_price": 86,
            "taker_side": "yes"
        },
        {
            "trade_id": "ae7451d9-7ef8-4c01-aae0-4ad29db3c1ba",
            "ticker": "KXHIGHCHI-25JAN19-B14.5",
            "count": 9,
            "created_time": "2025-01-19T03:10:36.69424Z",
            "yes_price": 11,
            "no_price": 89,
            "taker_side": "no"
        },
        {
            "trade_id": "79241bb9-5744-4e36-bec5-4408eb1ad5b0",
            "ticker": "KXHIGHCHI-25JAN19-B14.5",
            "count": 200,
            "created_time": "2025-01-19T03:10:36.69424Z",
            "yes_price": 10,
            "no_price": 90,
            "taker_side": "no"
        },
        {
            "trade_id": "6b2fe0e1-1d6d-444e-ab74-19bf238668c9",
            "ticker": "KXHIGHCHI-25JAN19-B14.5",
            "count": 31,
            "created_time": "2025-01-19T03:10:36.69424Z",
            "yes_price": 11,
            "no_price": 89,
            "taker_side": "no"
        },
        {
            "trade_id": "6aacd275-6c4e-473e-9595-6a4e7e2ac38b",
            "ticker": "KXHIGHCHI-25JAN19-B14.5",
            "count": 100,
            "created_time": "2025-01-19T03:10:36.69424Z",
            "yes_price": 11,
            "no_price": 89,
            "taker_side": "no"
        },
        {
            "trade_id": "5d670fa0-0d25-40e5-ba7d-150f5f67e1ec",
            "ticker": "KXHIGHCHI-25JAN19-B14.5",
            "count": 152,
            "created_time": "2025-01-19T03:10:36.69424Z",
            "yes_price": 9,
            "no_price": 91,
            "taker_side": "no"
        },
        {
            "trade_id": "355de45d-70e9-4131-a722-43f4f4e9fb3a",
            "ticker": "KXHIGHCHI-25JAN19-B14.5",
            "count": 1,
            "created_time": "2025-01-19T03:10:36.69424Z",
            "yes_price": 12,
            "no_price": 88,
            "taker_side": "no"
        },
        {
            "trade_id": "1e9f2015-1cec-4d5d-ac68-8d3a41751b5d",
            "ticker": "KXHIGHCHI-25JAN19-B14.5",
            "count": 25,
            "created_time": "2025-01-19T03:10:36.69424Z",
            "yes_price": 11,
            "no_price": 89,
            "taker_side": "no"
        },
        {
            "trade_id": "0268b4f8-c80f-4862-9bd8-2e2f8103089d",
            "ticker": "KXHIGHCHI-25JAN19-B14.5",
            "count": 10,
            "created_time": "2025-01-19T03:10:36.69424Z",
            "yes_price": 11,
            "no_price": 89,
            "taker_side": "no"
        },
        {
            "trade_id": "3d754891-7e63-49f8-919b-f1ee47eb6b11",
            "ticker": "KXHIGHCHI-25JAN19-B14.5",
            "count": 26,
            "created_time": "2025-01-19T02:54:50.341826Z",
            "yes_price": 13,
            "no_price": 87,
            "taker_side": "no"
        },
        {
            "trade_id": "be0c0620-9968-495b-8f44-7e450008d61e",
            "ticker": "KXHIGHCHI-25JAN19-B14.5",
            "count": 24,
            "created_time": "2025-01-19T02:41:18.063557Z",
            "yes_price": 13,
            "no_price": 87,
            "taker_side": "no"
        },
        {
            "trade_id": "13bc0879-2393-43ac-a4c6-29720d4f8d71",
            "ticker": "KXHIGHCHI-25JAN19-B14.5",
            "count": 1,
            "created_time": "2025-01-19T02:41:18.063557Z",
            "yes_price": 14,
            "no_price": 86,
            "taker_side": "no"
        },
        {
            "trade_id": "cfc1645a-a1cb-4f0e-b36f-2f21073b0c28",
            "ticker": "KXHIGHCHI-25JAN19-B14.5",
            "count": 6,
            "created_time": "2025-01-19T02:15:51.027732Z",
            "yes_price": 20,
            "no_price": 80,
            "taker_side": "yes"
        },
        {
            "trade_id": "8415fd1c-9ad6-459b-bc17-a5f429f31b8c",
            "ticker": "KXHIGHCHI-25JAN19-B14.5",
            "count": 27,
            "created_time": "2025-01-19T02:15:51.027732Z",
            "yes_price": 22,
            "no_price": 78,
            "taker_side": "yes"
        },
        {
            "trade_id": "6b0831e3-97cd-40ed-aba7-bad1407ac1b8",
            "ticker": "KXHIGHCHI-25JAN19-B14.5",
            "count": 7,
            "created_time": "2025-01-19T02:15:51.027732Z",
            "yes_price": 20,
            "no_price": 80,
            "taker_side": "yes"
        },
        {
            "trade_id": "2e17d834-156c-4025-96a7-c589eabaf176",
            "ticker": "KXHIGHCHI-25JAN19-B14.5",
            "count": 10,
            "created_time": "2025-01-19T02:15:51.027732Z",
            "yes_price": 20,
            "no_price": 80,
            "taker_side": "yes"
        },
        {
            "trade_id": "ad581960-2488-4063-9e68-c7f5b7442f0d",
            "ticker": "KXHIGHCHI-25JAN19-B14.5",
            "count": 8,
            "created_time": "2025-01-19T02:10:47.068601Z",
            "yes_price": 20,
            "no_price": 80,
            "taker_side": "yes"
        },
        {
            "trade_id": "77da111e-ec12-4097-b157-70f31ef6f18a",
            "ticker": "KXHIGHCHI-25JAN19-B14.5",
            "count": 5,
            "created_time": "2025-01-19T02:10:47.068601Z",
            "yes_price": 20,
            "no_price": 80,
            "taker_side": "yes"
        },
        {
            "trade_id": "86c809e9-048f-4d24-a2e7-148fc7486ddb",
            "ticker": "KXHIGHCHI-25JAN19-B14.5",
            "count": 170,
            "created_time": "2025-01-19T02:02:20.450094Z",
            "yes_price": 20,
            "no_price": 80,
            "taker_side": "no"
        },
        {
            "trade_id": "9268e53b-bf73-4636-838e-17ca42ab13f0",
            "ticker": "KXHIGHCHI-25JAN19-B14.5",
            "count": 6,
            "created_time": "2025-01-19T02:02:14.533406Z",
            "yes_price": 20,
            "no_price": 80,
            "taker_side": "no"
        },
        {
            "trade_id": "903ac07e-6fb9-4514-b9e1-cb572b0900aa",
            "ticker": "KXHIGHCHI-25JAN19-B14.5",
            "count": 9,
            "created_time": "2025-01-19T02:01:42.693179Z",
            "yes_price": 21,
            "no_price": 79,
            "taker_side": "yes"
        },
        {
            "trade_id": "8f3c8cb6-efbe-48ac-b7d7-131719348b51",
            "ticker": "KXHIGHCHI-25JAN19-B14.5",
            "count": 1,
            "created_time": "2025-01-19T02:01:42.693179Z",
            "yes_price": 22,
            "no_price": 78,
            "taker_side": "yes"
        },
        {
            "trade_id": "29b17498-e1af-4962-a0d0-75e3ea1565b1",
            "ticker": "KXHIGHCHI-25JAN19-B14.5",
            "count": 11,
            "created_time": "2025-01-19T02:01:14.626167Z",
            "yes_price": 20,
            "no_price": 80,
            "taker_side": "no"
        },
        {
            "trade_id": "9cd7311c-6199-4955-9f5f-9ede3d64f76b",
            "ticker": "KXHIGHCHI-25JAN19-B14.5",
            "count": 1,
            "created_time": "2025-01-19T02:00:39.861302Z",
            "yes_price": 20,
            "no_price": 80,
            "taker_side": "no"
        },
        {
            "trade_id": "5ed8c4d5-d403-4434-b11c-fdc5a2d650a4",
            "ticker": "KXHIGHCHI-25JAN19-B14.5",
            "count": 10,
            "created_time": "2025-01-19T01:57:38.131447Z",
            "yes_price": 20,
            "no_price": 80,
            "taker_side": "no"
        },
        {
            "trade_id": "b1a4013f-5633-48bd-b791-fa3e2b8194ec",
            "ticker": "KXHIGHCHI-25JAN19-B14.5",
            "count": 2,
            "created_time": "2025-01-19T01:56:50.175433Z",
            "yes_price": 20,
            "no_price": 80,
            "taker_side": "no"
        },
        {
            "trade_id": "71ad0ecf-ecc6-4a5e-bd95-89055cf2f44d",
            "ticker": "KXHIGHCHI-25JAN19-B14.5",
            "count": 5,
            "created_time": "2025-01-19T01:56:18.033902Z",
            "yes_price": 20,
            "no_price": 80,
            "taker_side": "no"
        },
        {
            "trade_id": "a1568f65-4bcc-4f70-a84d-7586587aaad2",
            "ticker": "KXHIGHCHI-25JAN19-B14.5",
            "count": 1,
            "created_time": "2025-01-19T01:56:09.849231Z",
            "yes_price": 20,
            "no_price": 80,
            "taker_side": "yes"
        },
        {
            "trade_id": "117b5127-74a8-4049-98eb-7b1f60e99e67",
            "ticker": "KXHIGHCHI-25JAN19-B14.5",
            "count": 100,
            "created_time": "2025-01-19T01:56:09.849231Z",
            "yes_price": 20,
            "no_price": 80,
            "taker_side": "yes"
        },
        {
            "trade_id": "65b8efb1-2c99-457a-916a-d4b04beb50e5",
            "ticker": "KXHIGHCHI-25JAN19-B14.5",
            "count": 2,
            "created_time": "2025-01-19T01:42:19.472179Z",
            "yes_price": 19,
            "no_price": 81,
            "taker_side": "yes"
        },
        {
            "trade_id": "51abcf4a-14cf-4bff-bda8-fe03a518aa7f",
            "ticker": "KXHIGHCHI-25JAN19-B14.5",
            "count": 23,
            "created_time": "2025-01-19T01:38:33.811609Z",
            "yes_price": 20,
            "no_price": 80,
            "taker_side": "yes"
        },
        {
            "trade_id": "6338d9e1-6098-4afa-a570-82fb6cf1e740",
            "ticker": "KXHIGHCHI-25JAN19-B14.5",
            "count": 2,
            "created_time": "2025-01-19T01:27:42.558854Z",
            "yes_price": 18,
            "no_price": 82,
            "taker_side": "yes"
        },
        {
            "trade_id": "156c5c5e-8e1b-4b63-af13-11fcd826a01d",
            "ticker": "KXHIGHCHI-25JAN19-B14.5",
            "count": 67,
            "created_time": "2025-01-19T01:27:42.558854Z",
            "yes_price": 19,
            "no_price": 81,
            "taker_side": "yes"
        },
        {
            "trade_id": "82983514-16a8-4731-b6c3-1722a79440f9",
            "ticker": "KXHIGHCHI-25JAN19-B14.5",
            "count": 3,
            "created_time": "2025-01-19T01:14:55.594817Z",
            "yes_price": 19,
            "no_price": 81,
            "taker_side": "yes"
        },
        {
            "trade_id": "52835bec-abec-4c57-83f1-a8655b9072bd",
            "ticker": "KXHIGHCHI-25JAN19-B14.5",
            "count": 1,
            "created_time": "2025-01-19T01:14:55.594817Z",
            "yes_price": 18,
            "no_price": 82,
            "taker_side": "yes"
        },
        {
            "trade_id": "243a4c72-dbf8-47a7-a552-2cf667729e53",
            "ticker": "KXHIGHCHI-25JAN19-B14.5",
            "count": 11,
            "created_time": "2025-01-19T01:14:55.594817Z",
            "yes_price": 20,
            "no_price": 80,
            "taker_side": "yes"
        },
        {
            "trade_id": "1ea8f20f-68e8-47c6-9a32-e65cc8d448a8",
            "ticker": "KXHIGHCHI-25JAN19-B14.5",
            "count": 312,
            "created_time": "2025-01-19T01:14:55.594817Z",
            "yes_price": 20,
            "no_price": 80,
            "taker_side": "yes"
        },
        {
            "trade_id": "6326d2e6-c8ce-4341-a8b0-4a1e2f09b313",
            "ticker": "KXHIGHCHI-25JAN19-B14.5",
            "count": 1,
            "created_time": "2025-01-19T00:56:34.07085Z",
            "yes_price": 18,
            "no_price": 82,
            "taker_side": "yes"
        },
        {
            "trade_id": "557839bf-2f51-4569-bc34-ce0ede1625f5",
            "ticker": "KXHIGHCHI-25JAN19-B14.5",
            "count": 9,
            "created_time": "2025-01-19T00:56:34.07085Z",
            "yes_price": 18,
            "no_price": 82,
            "taker_side": "yes"
        },
        {
            "trade_id": "6196ba4e-abdf-4b4a-9371-f19ed13e1a13",
            "ticker": "KXHIGHCHI-25JAN19-B14.5",
            "count": 10,
            "created_time": "2025-01-19T00:47:52.453148Z",
            "yes_price": 18,
            "no_price": 82,
            "taker_side": "yes"
        },
        {
            "trade_id": "5d924b26-1ef7-4a70-9759-6141ea4f38d5",
            "ticker": "KXHIGHCHI-25JAN19-B14.5",
            "count": 9,
            "created_time": "2025-01-19T00:47:52.453148Z",
            "yes_price": 18,
            "no_price": 82,
            "taker_side": "yes"
        },
        {
            "trade_id": "1c19e1c5-393f-4749-af6b-0f9a35401540",
            "ticker": "KXHIGHCHI-25JAN19-B14.5",
            "count": 6,
            "created_time": "2025-01-19T00:47:52.453148Z",
            "yes_price": 19,
            "no_price": 81,
            "taker_side": "yes"
        },
        {
            "trade_id": "0a2c1194-36db-409b-a271-666c57598c21",
            "ticker": "KXHIGHCHI-25JAN19-B14.5",
            "count": 15,
            "created_time": "2025-01-18T23:59:25.357869Z",
            "yes_price": 18,
            "no_price": 82,
            "taker_side": "yes"
        },
        {
            "trade_id": "3982879b-03d9-48cd-9eb7-fcda8fa5e40a",
            "ticker": "KXHIGHCHI-25JAN19-B14.5",
            "count": 21,
            "created_time": "2025-01-18T23:57:21.222777Z",
            "yes_price": 13,
            "no_price": 87,
            "taker_side": "no"
        },
        {
            "trade_id": "bcbe5296-6633-492a-9826-e78b044a7ffe",
            "ticker": "KXHIGHCHI-25JAN19-B14.5",
            "count": 1,
            "created_time": "2025-01-18T23:30:38.473846Z",
            "yes_price": 13,
            "no_price": 87,
            "taker_side": "no"
        },
        {
            "trade_id": "51ff8a6f-4909-4d72-a51d-1aaf93ed004b",
            "ticker": "KXHIGHCHI-25JAN19-B14.5",
            "count": 1,
            "created_time": "2025-01-18T22:56:11.721483Z",
            "yes_price": 17,
            "no_price": 83,
            "taker_side": "yes"
        },
        {
            "trade_id": "ba851a92-8229-4ee6-8f1b-696055a711f0",
            "ticker": "KXHIGHCHI-25JAN19-B14.5",
            "count": 20,
            "created_time": "2025-01-18T22:51:46.898775Z",
            "yes_price": 18,
            "no_price": 82,
            "taker_side": "yes"
        },
        {
            "trade_id": "425ad3a3-93ed-4f96-a304-f4a590db2139",
            "ticker": "KXHIGHCHI-25JAN19-B14.5",
            "count": 5,
            "created_time": "2025-01-18T22:46:50.620705Z",
            "yes_price": 18,
            "no_price": 82,
            "taker_side": "yes"
        },
        {
            "trade_id": "b92913c0-0b01-4e2b-8637-23f7f6e3f3a6",
            "ticker": "KXHIGHCHI-25JAN19-B14.5",
            "count": 11,
            "created_time": "2025-01-18T22:36:32.69401Z",
            "yes_price": 19,
            "no_price": 81,
            "taker_side": "yes"
        },
        {
            "trade_id": "81adfebf-2227-45da-bc76-12df0986ffce",
            "ticker": "KXHIGHCHI-25JAN19-B14.5",
            "count": 1,
            "created_time": "2025-01-18T22:36:32.69401Z",
            "yes_price": 16,
            "no_price": 84,
            "taker_side": "yes"
        },
        {
            "trade_id": "4f7c09a0-db8a-44f2-badc-9ed253db548c",
            "ticker": "KXHIGHCHI-25JAN19-B14.5",
            "count": 21,
            "created_time": "2025-01-18T22:36:32.69401Z",
            "yes_price": 17,
            "no_price": 83,
            "taker_side": "yes"
        },
        {
            "trade_id": "1a100f6f-b427-4335-b025-95f03f521b6c",
            "ticker": "KXHIGHCHI-25JAN19-B14.5",
            "count": 5,
            "created_time": "2025-01-18T22:30:14.751151Z",
            "yes_price": 17,
            "no_price": 83,
            "taker_side": "yes"
        },
        {
            "trade_id": "f8c572c9-459b-40d3-9a4b-fe0e0164f33b",
            "ticker": "KXHIGHCHI-25JAN19-B14.5",
            "count": 10,
            "created_time": "2025-01-18T21:38:07.235658Z",
            "yes_price": 16,
            "no_price": 84,
            "taker_side": "yes"
        },
        {
            "trade_id": "28356f51-182f-4bd4-8393-1e2de8fc72cc",
            "ticker": "KXHIGHCHI-25JAN19-B14.5",
            "count": 18,
            "created_time": "2025-01-18T21:38:07.235658Z",
            "yes_price": 17,
            "no_price": 83,
            "taker_side": "yes"
        },
        {
            "trade_id": "b5b87b64-8efd-4ff1-bb85-52242c80c371",
            "ticker": "KXHIGHCHI-25JAN19-B14.5",
            "count": 6,
            "created_time": "2025-01-18T21:33:19.9843Z",
            "yes_price": 17,
            "no_price": 83,
            "taker_side": "yes"
        },
        {
            "trade_id": "5bde5706-1a16-497a-a2ba-f83dd79a0085",
            "ticker": "KXHIGHCHI-25JAN19-B14.5",
            "count": 10,
            "created_time": "2025-01-18T21:33:19.9843Z",
            "yes_price": 18,
            "no_price": 82,
            "taker_side": "yes"
        },
        {
            "trade_id": "17a4a431-f318-46a5-9c98-fda711c38794",
            "ticker": "KXHIGHCHI-25JAN19-B14.5",
            "count": 5,
            "created_time": "2025-01-18T21:33:19.9843Z",
            "yes_price": 17,
            "no_price": 83,
            "taker_side": "yes"
        },
        {
            "trade_id": "ea5e455c-d674-4df7-b02e-8433280ea6ed",
            "ticker": "KXHIGHCHI-25JAN19-B14.5",
            "count": 4,
            "created_time": "2025-01-18T21:11:05.636026Z",
            "yes_price": 16,
            "no_price": 84,
            "taker_side": "yes"
        },
        {
            "trade_id": "dc626541-e301-4610-9a40-b47e79744435",
            "ticker": "KXHIGHCHI-25JAN19-B14.5",
            "count": 21,
            "created_time": "2025-01-18T21:11:05.636026Z",
            "yes_price": 27,
            "no_price": 73,
            "taker_side": "yes"
        },
        {
            "trade_id": "a421b305-9f93-4a54-a647-39d573820fa1",
            "ticker": "KXHIGHCHI-25JAN19-B14.5",
            "count": 240,
            "created_time": "2025-01-18T21:11:05.636026Z",
            "yes_price": 19,
            "no_price": 81,
            "taker_side": "yes"
        },
        {
            "trade_id": "773d154c-4922-40ae-b44a-2e20d2178373",
            "ticker": "KXHIGHCHI-25JAN19-B14.5",
            "count": 11,
            "created_time": "2025-01-18T21:11:05.636026Z",
            "yes_price": 17,
            "no_price": 83,
            "taker_side": "yes"
        },
        {
            "trade_id": "53062004-ef3c-48a3-bbf6-2dad917e3698",
            "ticker": "KXHIGHCHI-25JAN19-B14.5",
            "count": 240,
            "created_time": "2025-01-18T21:11:05.636026Z",
            "yes_price": 17,
            "no_price": 83,
            "taker_side": "yes"
        },
        {
            "trade_id": "0c55b249-9245-440d-9ce1-4bc68a46bcff",
            "ticker": "KXHIGHCHI-25JAN19-B14.5",
            "count": 1,
            "created_time": "2025-01-18T21:04:56.223519Z",
            "yes_price": 16,
            "no_price": 84,
            "taker_side": "yes"
        },
        {
            "trade_id": "e5aba57a-192b-4eb8-91f4-03d0d03d5b49",
            "ticker": "KXHIGHCHI-25JAN19-B14.5",
            "count": 28,
            "created_time": "2025-01-18T21:01:37.238756Z",
            "yes_price": 13,
            "no_price": 87,
            "taker_side": "no"
        },
        {
            "trade_id": "d47c6683-1902-40cb-bc41-0becababd362",
            "ticker": "KXHIGHCHI-25JAN19-B14.5",
            "count": 11,
            "created_time": "2025-01-18T20:53:46.614117Z",
            "yes_price": 14,
            "no_price": 86,
            "taker_side": "yes"
        },
        {
            "trade_id": "16bf208d-e7d1-4841-87e3-327b9209ab19",
            "ticker": "KXHIGHCHI-25JAN19-B14.5",
            "count": 5,
            "created_time": "2025-01-18T20:47:16.102171Z",
            "yes_price": 14,
            "no_price": 86,
            "taker_side": "yes"
        },
        {
            "trade_id": "e38eecab-0c0e-4a7a-a605-82a9a9c0097c",
            "ticker": "KXHIGHCHI-25JAN19-B14.5",
            "count": 25,
            "created_time": "2025-01-18T20:19:19.391734Z",
            "yes_price": 14,
            "no_price": 86,
            "taker_side": "yes"
        },
        {
            "trade_id": "e09c7cbd-9fb6-4fea-bd16-74aec80bf70f",
            "ticker": "KXHIGHCHI-25JAN19-B14.5",
            "count": 1,
            "created_time": "2025-01-18T20:19:19.391734Z",
            "yes_price": 13,
            "no_price": 87,
            "taker_side": "yes"
        },
        {
            "trade_id": "b19b9c9b-fe93-4702-bb13-7fc288bc976f",
            "ticker": "KXHIGHCHI-25JAN19-B14.5",
            "count": 26,
            "created_time": "2025-01-18T20:19:19.391734Z",
            "yes_price": 14,
            "no_price": 86,
            "taker_side": "yes"
        },
        {
            "trade_id": "213115a8-82e0-47f1-9c8d-ba817bbe6fcf",
            "ticker": "KXHIGHCHI-25JAN19-B14.5",
            "count": 10,
            "created_time": "2025-01-18T20:19:19.391734Z",
            "yes_price": 14,
            "no_price": 86,
            "taker_side": "yes"
        },
        {
            "trade_id": "0e08fc57-4dac-4b4d-b226-c38829b741df",
            "ticker": "KXHIGHCHI-25JAN19-B14.5",
            "count": 15,
            "created_time": "2025-01-18T20:06:19.436349Z",
            "yes_price": 14,
            "no_price": 86,
            "taker_side": "yes"
        },
        {
            "trade_id": "fdbccb69-0389-4287-82d7-8be2cab2b764",
            "ticker": "KXHIGHCHI-25JAN19-B14.5",
            "count": 8,
            "created_time": "2025-01-18T19:52:59.148945Z",
            "yes_price": 13,
            "no_price": 87,
            "taker_side": "yes"
        },
        {
            "trade_id": "4c58aa3a-606f-4e25-b8c5-645d3e76c1cb",
            "ticker": "KXHIGHCHI-25JAN19-B14.5",
            "count": 32,
            "created_time": "2025-01-18T19:52:59.148945Z",
            "yes_price": 16,
            "no_price": 84,
            "taker_side": "yes"
        },
        {
            "trade_id": "40661ce0-7940-4aa5-9163-1116a1fc7540",
            "ticker": "KXHIGHCHI-25JAN19-B14.5",
            "count": 24,
            "created_time": "2025-01-18T19:52:59.148945Z",
            "yes_price": 14,
            "no_price": 86,
            "taker_side": "yes"
        },
        {
            "trade_id": "cbe46298-ed3e-486b-8deb-a8a717db8868",
            "ticker": "KXHIGHCHI-25JAN19-B14.5",
            "count": 80,
            "created_time": "2025-01-18T19:28:19.325683Z",
            "yes_price": 14,
            "no_price": 86,
            "taker_side": "yes"
        },
        {
            "trade_id": "9761124c-e404-4fac-83b0-5a9428587bbb",
            "ticker": "KXHIGHCHI-25JAN19-B14.5",
            "count": 1,
            "created_time": "2025-01-18T19:28:19.325683Z",
            "yes_price": 14,
            "no_price": 86,
            "taker_side": "yes"
        },
        {
            "trade_id": "5ca6b82c-6c8a-4a66-b175-793ea5f151e2",
            "ticker": "KXHIGHCHI-25JAN19-B14.5",
            "count": 1,
            "created_time": "2025-01-18T19:28:19.325683Z",
            "yes_price": 13,
            "no_price": 87,
            "taker_side": "yes"
        },
        {
            "trade_id": "2123adea-4a0b-46f2-9992-c4b3577e8da7",
            "ticker": "KXHIGHCHI-25JAN19-B14.5",
            "count": 134,
            "created_time": "2025-01-18T19:28:19.325683Z",
            "yes_price": 16,
            "no_price": 84,
            "taker_side": "yes"
        },
        {
            "trade_id": "07d740a6-867e-4a09-9ad2-f384bef914b8",
            "ticker": "KXHIGHCHI-25JAN19-B14.5",
            "count": 34,
            "created_time": "2025-01-18T19:28:19.325683Z",
            "yes_price": 14,
            "no_price": 86,
            "taker_side": "yes"
        },
        {
            "trade_id": "bdb00d58-1219-4c31-a993-0551e1c6f797",
            "ticker": "KXHIGHCHI-25JAN19-B14.5",
            "count": 15,
            "created_time": "2025-01-18T18:30:36.526213Z",
            "yes_price": 16,
            "no_price": 84,
            "taker_side": "yes"
        },
        {
            "trade_id": "1dd98162-1518-4776-a7f2-6302fb3d9245",
            "ticker": "KXHIGHCHI-25JAN19-B14.5",
            "count": 15,
            "created_time": "2025-01-18T18:30:36.526213Z",
            "yes_price": 15,
            "no_price": 85,
            "taker_side": "yes"
        },
        {
            "trade_id": "828979bb-57f3-4a6c-a623-e22e731cbdf4",
            "ticker": "KXHIGHCHI-25JAN19-B14.5",
            "count": 5,
            "created_time": "2025-01-18T18:10:20.479633Z",
            "yes_price": 18,
            "no_price": 82,
            "taker_side": "yes"
        },
        {
            "trade_id": "d15c14f7-d669-404a-921f-b077f84bca97",
            "ticker": "KXHIGHCHI-25JAN19-B14.5",
            "count": 32,
            "created_time": "2025-01-18T17:38:17.647661Z",
            "yes_price": 17,
            "no_price": 83,
            "taker_side": "yes"
        },
        {
            "trade_id": "7df07ceb-07e9-46c4-ac0f-3ca5da905d58",
            "ticker": "KXHIGHCHI-25JAN19-B14.5",
            "count": 24,
            "created_time": "2025-01-18T17:38:17.647661Z",
            "yes_price": 15,
            "no_price": 85,
            "taker_side": "yes"
        },
        {
            "trade_id": "013bedf8-9f29-4918-bd1e-0dd1298fa36c",
            "ticker": "KXHIGHCHI-25JAN19-B14.5",
            "count": 13,
            "created_time": "2025-01-18T17:38:17.647661Z",
            "yes_price": 15,
            "no_price": 85,
            "taker_side": "yes"
        },
        {
            "trade_id": "f08b56a3-9c2c-4692-a264-bc020931a6d7",
            "ticker": "KXHIGHCHI-25JAN19-B14.5",
            "count": 15,
            "created_time": "2025-01-18T17:13:50.24576Z",
            "yes_price": 16,
            "no_price": 84,
            "taker_side": "yes"
        },
        {
            "trade_id": "2fd10111-8b48-4da1-8693-de73db56f818",
            "ticker": "KXHIGHCHI-25JAN19-B14.5",
            "count": 9,
            "created_time": "2025-01-18T17:13:50.24576Z",
            "yes_price": 15,
            "no_price": 85,
            "taker_side": "yes"
        },
        {
            "trade_id": "21e131aa-3370-42f5-8f77-7e6dbdbbb13b",
            "ticker": "KXHIGHCHI-25JAN19-B14.5",
            "count": 6,
            "created_time": "2025-01-18T17:13:50.24576Z",
            "yes_price": 14,
            "no_price": 86,
            "taker_side": "yes"
        },
        {
            "trade_id": "be8d7c15-93d7-48ca-b5cb-9cd7f22de23b",
            "ticker": "KXHIGHCHI-25JAN19-B14.5",
            "count": 11,
            "created_time": "2025-01-18T17:01:58.258338Z",
            "yes_price": 19,
            "no_price": 81,
            "taker_side": "yes"
        },
        {
            "trade_id": "b88287db-74ef-4504-ac31-c0ac167d65ee",
            "ticker": "KXHIGHCHI-25JAN19-B14.5",
            "count": 2,
            "created_time": "2025-01-18T16:54:09.015425Z",
            "yes_price": 19,
            "no_price": 81,
            "taker_side": "yes"
        },
        {
            "trade_id": "db6e7eea-9892-4fd8-9b97-c501012136f9",
            "ticker": "KXHIGHCHI-25JAN19-B14.5",
            "count": 13,
            "created_time": "2025-01-18T16:16:01.083407Z",
            "yes_price": 15,
            "no_price": 85,
            "taker_side": "yes"
        },
        {
            "trade_id": "97f0d6ff-0283-461e-b5e5-7c84fc821e26",
            "ticker": "KXHIGHCHI-25JAN19-B14.5",
            "count": 6,
            "created_time": "2025-01-18T16:16:01.083407Z",
            "yes_price": 14,
            "no_price": 86,
            "taker_side": "yes"
        },
        {
            "trade_id": "d15ba6ea-8844-417b-9d54-2ead2358636f",
            "ticker": "KXHIGHCHI-25JAN19-B14.5",
            "count": 240,
            "created_time": "2025-01-18T15:13:04.389823Z",
            "yes_price": 18,
            "no_price": 82,
            "taker_side": "yes"
        },
        {
            "trade_id": "b75c5ca7-37e9-4a83-b188-d84344347fe2",
            "ticker": "KXHIGHCHI-25JAN19-B14.5",
            "count": 240,
            "created_time": "2025-01-18T15:13:04.389823Z",
            "yes_price": 20,
            "no_price": 80,
            "taker_side": "yes"
        },
        {
            "trade_id": "9162ac46-3b4d-4272-90a4-c61f5ea90506",
            "ticker": "KXHIGHCHI-25JAN19-B14.5",
            "count": 11,
            "created_time": "2025-01-18T15:13:04.389823Z",
            "yes_price": 16,
            "no_price": 84,
            "taker_side": "yes"
        },
        {
            "trade_id": "6cf6b5c8-8bb5-4ee6-ac26-158af1a8807b",
            "ticker": "KXHIGHCHI-25JAN19-B14.5",
            "count": 32,
            "created_time": "2025-01-18T15:13:04.389823Z",
            "yes_price": 16,
            "no_price": 84,
            "taker_side": "yes"
        },
        {
            "trade_id": "58a82c9e-b157-43de-ba1a-44ff2d8c4100",
            "ticker": "KXHIGHCHI-25JAN19-B14.5",
            "count": 5,
            "created_time": "2025-01-18T15:13:04.389823Z",
            "yes_price": 16,
            "no_price": 84,
            "taker_side": "yes"
        },
        {
            "trade_id": "e708beca-78e5-4452-9b4a-1aaf1f34bbf1",
            "ticker": "KXHIGHCHI-25JAN19-B14.5",
            "count": 40,
            "created_time": "2025-01-18T15:12:30.180088Z",
            "yes_price": 18,
            "no_price": 82,
            "taker_side": "no"
        }
    ],
    "KXHIGHCHI-25JAN19-T15": [
        {
            "trade_id": "ee490845-9f8b-4d67-9fd5-1e4865260635",
            "ticker": "KXHIGHCHI-25JAN19-T15",
            "count": 2805,
            "created_time": "2025-01-20T04:28:17.238326Z",
            "yes_price": 99,
            "no_price": 1,
            "taker_side": "no"
        },
        {
            "trade_id": "a2f5994b-5142-4001-bdf4-c236c4c676eb",
            "ticker": "KXHIGHCHI-25JAN19-T15",
            "count": 13,
            "created_time": "2025-01-20T03:26:28.41198Z",
            "yes_price": 99,
            "no_price": 1,
            "taker_side": "no"
        },
        {
            "trade_id": "2ff36cae-9365-41fb-8738-35097642ce4a",
            "ticker": "KXHIGHCHI-25JAN19-T15",
            "count": 10,
            "created_time": "2025-01-20T02:45:02.037632Z",
            "yes_price": 99,
            "no_price": 1,
            "taker_side": "no"
        },
        {
            "trade_id": "51aa3191-c4f3-42d9-9fdd-73e8bee45b51",
            "ticker": "KXHIGHCHI-25JAN19-T15",
            "count": 100,
            "created_time": "2025-01-20T01:34:02.035222Z",
            "yes_price": 99,
            "no_price": 1,
            "taker_side": "no"
        },
        {
            "trade_id": "13e1c593-bd87-4ba3-b4cc-820d85ac357b",
            "ticker": "KXHIGHCHI-25JAN19-T15",
            "count": 350,
            "created_time": "2025-01-19T23:02:57.47757Z",
            "yes_price": 99,
            "no_price": 1,
            "taker_side": "no"
        },
        {
            "trade_id": "a8553639-c6e6-403e-a025-b670cb575801",
            "ticker": "KXHIGHCHI-25JAN19-T15",
            "count": 2,
            "created_time": "2025-01-19T18:07:47.307848Z",
            "yes_price": 99,
            "no_price": 1,
            "taker_side": "no"
        },
        {
            "trade_id": "c29d52d3-c0f1-43e1-b74a-15f1b880ac1b",
            "ticker": "KXHIGHCHI-25JAN19-T15",
            "count": 22,
            "created_time": "2025-01-19T17:28:17.774289Z",
            "yes_price": 99,
            "no_price": 1,
            "taker_side": "no"
        },
        {
            "trade_id": "ac11d5a3-d951-4ac1-8946-4ac83b0f8440",
            "ticker": "KXHIGHCHI-25JAN19-T15",
            "count": 1,
            "created_time": "2025-01-19T16:35:49.935115Z",
            "yes_price": 99,
            "no_price": 1,
            "taker_side": "no"
        },
        {
            "trade_id": "1cf854cb-87e9-47af-9c06-db7993df4abd",
            "ticker": "KXHIGHCHI-25JAN19-T15",
            "count": 20,
            "created_time": "2025-01-19T14:57:40.101322Z",
            "yes_price": 99,
            "no_price": 1,
            "taker_side": "no"
        },
        {
            "trade_id": "854eb910-6086-4b1b-b47d-e4aa88ed0ead",
            "ticker": "KXHIGHCHI-25JAN19-T15",
            "count": 75,
            "created_time": "2025-01-19T14:34:42.657529Z",
            "yes_price": 99,
            "no_price": 1,
            "taker_side": "no"
        },
        {
            "trade_id": "305b8327-71a1-4873-8f3d-9ed9bb611000",
            "ticker": "KXHIGHCHI-25JAN19-T15",
            "count": 7,
            "created_time": "2025-01-19T06:52:21.97071Z",
            "yes_price": 99,
            "no_price": 1,
            "taker_side": "no"
        },
        {
            "trade_id": "a4cf677f-2396-4059-af68-253d9f481afb",
            "ticker": "KXHIGHCHI-25JAN19-T15",
            "count": 504,
            "created_time": "2025-01-19T06:08:13.753843Z",
            "yes_price": 99,
            "no_price": 1,
            "taker_side": "no"
        },
        {
            "trade_id": "36f8b0d3-6eef-4808-a557-afc648ee72d5",
            "ticker": "KXHIGHCHI-25JAN19-T15",
            "count": 69,
            "created_time": "2025-01-19T06:08:13.753843Z",
            "yes_price": 99,
            "no_price": 1,
            "taker_side": "no"
        },
        {
            "trade_id": "2038fcf2-54c6-497e-b649-97ab65dd5f29",
            "ticker": "KXHIGHCHI-25JAN19-T15",
            "count": 18130,
            "created_time": "2025-01-19T06:08:13.753843Z",
            "yes_price": 99,
            "no_price": 1,
            "taker_side": "no"
        },
        {
            "trade_id": "d37f5af3-288c-4131-b824-9734725593ad",
            "ticker": "KXHIGHCHI-25JAN19-T15",
            "count": 1870,
            "created_time": "2025-01-19T06:03:44.88164Z",
            "yes_price": 99,
            "no_price": 1,
            "taker_side": "no"
        },
        {
            "trade_id": "fc69499c-3e9a-45f1-9e61-4e999b762499",
            "ticker": "KXHIGHCHI-25JAN19-T15",
            "count": 200,
            "created_time": "2025-01-19T05:56:59.727503Z",
            "yes_price": 99,
            "no_price": 1,
            "taker_side": "yes"
        },
        {
            "trade_id": "f3c5b458-1146-4d45-a271-598686d2333a",
            "ticker": "KXHIGHCHI-25JAN19-T15",
            "count": 76,
            "created_time": "2025-01-19T05:53:02.35883Z",
            "yes_price": 90,
            "no_price": 10,
            "taker_side": "no"
        },
        {
            "trade_id": "27b47152-923c-4083-8a48-b4e1fb17099e",
            "ticker": "KXHIGHCHI-25JAN19-T15",
            "count": 11,
            "created_time": "2025-01-19T05:53:02.35883Z",
            "yes_price": 91,
            "no_price": 9,
            "taker_side": "no"
        },
        {
            "trade_id": "eed21f95-9d1a-49ef-9ffb-3784e223e9f5",
            "ticker": "KXHIGHCHI-25JAN19-T15",
            "count": 1000,
            "created_time": "2025-01-19T05:51:05.018007Z",
            "yes_price": 99,
            "no_price": 1,
            "taker_side": "yes"
        },
        {
            "trade_id": "e16734c5-4be7-46fe-b61b-9c59155aaf5a",
            "ticker": "KXHIGHCHI-25JAN19-T15",
            "count": 83,
            "created_time": "2025-01-19T05:51:05.018007Z",
            "yes_price": 99,
            "no_price": 1,
            "taker_side": "yes"
        },
        {
            "trade_id": "df83598e-15b3-4045-9343-355b0bcb9bbb",
            "ticker": "KXHIGHCHI-25JAN19-T15",
            "count": 2,
            "created_time": "2025-01-19T05:51:05.018007Z",
            "yes_price": 99,
            "no_price": 1,
            "taker_side": "yes"
        },
        {
            "trade_id": "dbbe913c-25c6-460e-bd08-44f7cbc6fdde",
            "ticker": "KXHIGHCHI-25JAN19-T15",
            "count": 100,
            "created_time": "2025-01-19T05:51:05.018007Z",
            "yes_price": 99,
            "no_price": 1,
            "taker_side": "yes"
        },
        {
            "trade_id": "c57fbc10-84e5-4d3c-a19f-9c49fc2bcdae",
            "ticker": "KXHIGHCHI-25JAN19-T15",
            "count": 500,
            "created_time": "2025-01-19T05:51:05.018007Z",
            "yes_price": 99,
            "no_price": 1,
            "taker_side": "yes"
        },
        {
            "trade_id": "74431d8b-a06f-482e-9085-db407dba0e28",
            "ticker": "KXHIGHCHI-25JAN19-T15",
            "count": 45,
            "created_time": "2025-01-19T05:51:05.018007Z",
            "yes_price": 99,
            "no_price": 1,
            "taker_side": "yes"
        },
        {
            "trade_id": "3c59d25f-699b-4b65-b2dc-cf82a4e68565",
            "ticker": "KXHIGHCHI-25JAN19-T15",
            "count": 92,
            "created_time": "2025-01-19T05:51:05.018007Z",
            "yes_price": 99,
            "no_price": 1,
            "taker_side": "yes"
        },
        {
            "trade_id": "2b735ebe-e9be-4c13-8ea2-aa4af2131a14",
            "ticker": "KXHIGHCHI-25JAN19-T15",
            "count": 100,
            "created_time": "2025-01-19T05:51:05.018007Z",
            "yes_price": 99,
            "no_price": 1,
            "taker_side": "yes"
        },
        {
            "trade_id": "01907839-2581-47ad-9479-597b69ef1573",
            "ticker": "KXHIGHCHI-25JAN19-T15",
            "count": 306,
            "created_time": "2025-01-19T05:51:05.018007Z",
            "yes_price": 99,
            "no_price": 1,
            "taker_side": "yes"
        },
        {
            "trade_id": "bac6472c-9a14-4ff7-87a9-b969bf748fb8",
            "ticker": "KXHIGHCHI-25JAN19-T15",
            "count": 11,
            "created_time": "2025-01-19T05:48:44.884509Z",
            "yes_price": 98,
            "no_price": 2,
            "taker_side": "yes"
        },
        {
            "trade_id": "031155b4-5f28-4c7f-9ffc-82f945504c50",
            "ticker": "KXHIGHCHI-25JAN19-T15",
            "count": 2,
            "created_time": "2025-01-19T05:48:27.059034Z",
            "yes_price": 98,
            "no_price": 2,
            "taker_side": "yes"
        },
        {
            "trade_id": "83e280c6-3dd7-4bd2-9c8e-78f7e430011b",
            "ticker": "KXHIGHCHI-25JAN19-T15",
            "count": 4,
            "created_time": "2025-01-19T05:48:06.629834Z",
            "yes_price": 98,
            "no_price": 2,
            "taker_side": "yes"
        },
        {
            "trade_id": "abb5a034-6602-4dba-bf9b-d59be7ca2f8a",
            "ticker": "KXHIGHCHI-25JAN19-T15",
            "count": 2,
            "created_time": "2025-01-19T05:47:59.109909Z",
            "yes_price": 98,
            "no_price": 2,
            "taker_side": "yes"
        },
        {
            "trade_id": "34fdf996-9710-488b-974d-00a65f922e6c",
            "ticker": "KXHIGHCHI-25JAN19-T15",
            "count": 1,
            "created_time": "2025-01-19T05:47:15.941852Z",
            "yes_price": 98,
            "no_price": 2,
            "taker_side": "yes"
        },
        {
            "trade_id": "19abb0cb-5d89-49c8-a0ee-664138bb8a64",
            "ticker": "KXHIGHCHI-25JAN19-T15",
            "count": 12,
            "created_time": "2025-01-19T05:47:02.012042Z",
            "yes_price": 98,
            "no_price": 2,
            "taker_side": "yes"
        },
        {
            "trade_id": "df5166b0-7a1e-4eef-ba9c-0871c9adff4a",
            "ticker": "KXHIGHCHI-25JAN19-T15",
            "count": 5,
            "created_time": "2025-01-19T05:46:52.942021Z",
            "yes_price": 98,
            "no_price": 2,
            "taker_side": "yes"
        },
        {
            "trade_id": "920a9a52-f1c0-4ddb-8477-5a14ae94549e",
            "ticker": "KXHIGHCHI-25JAN19-T15",
            "count": 2,
            "created_time": "2025-01-19T05:40:13.229634Z",
            "yes_price": 96,
            "no_price": 4,
            "taker_side": "no"
        },
        {
            "trade_id": "7d991a7a-3e05-4eff-a6fd-3d2de66f62d2",
            "ticker": "KXHIGHCHI-25JAN19-T15",
            "count": 9,
            "created_time": "2025-01-19T05:40:13.229634Z",
            "yes_price": 91,
            "no_price": 9,
            "taker_side": "no"
        },
        {
            "trade_id": "51998a47-5866-41a2-98da-d430cab98740",
            "ticker": "KXHIGHCHI-25JAN19-T15",
            "count": 28,
            "created_time": "2025-01-19T05:40:13.229634Z",
            "yes_price": 90,
            "no_price": 10,
            "taker_side": "no"
        },
        {
            "trade_id": "29e4ea1a-16fb-4cad-a081-716cdf84cbe6",
            "ticker": "KXHIGHCHI-25JAN19-T15",
            "count": 3,
            "created_time": "2025-01-19T05:40:13.229634Z",
            "yes_price": 97,
            "no_price": 3,
            "taker_side": "no"
        },
        {
            "trade_id": "0aeba617-de1d-41f4-a861-4a7c6690d517",
            "ticker": "KXHIGHCHI-25JAN19-T15",
            "count": 2,
            "created_time": "2025-01-19T05:35:36.308098Z",
            "yes_price": 98,
            "no_price": 2,
            "taker_side": "yes"
        },
        {
            "trade_id": "0c8f4a7b-4c0b-4e2a-bf0a-8e7c99c15f3c",
            "ticker": "KXHIGHCHI-25JAN19-T15",
            "count": 22,
            "created_time": "2025-01-19T05:33:00.837065Z",
            "yes_price": 98,
            "no_price": 2,
            "taker_side": "yes"
        },
        {
            "trade_id": "e5330129-6a59-4717-9878-013fb02c22f5",
            "ticker": "KXHIGHCHI-25JAN19-T15",
            "count": 2,
            "created_time": "2025-01-19T05:25:56.682648Z",
            "yes_price": 98,
            "no_price": 2,
            "taker_side": "no"
        },
        {
            "trade_id": "3f4cd41d-56c7-4611-8ffe-cfaa8e5ccc38",
            "ticker": "KXHIGHCHI-25JAN19-T15",
            "count": 22,
            "created_time": "2025-01-19T05:23:43.125607Z",
            "yes_price": 98,
            "no_price": 2,
            "taker_side": "yes"
        },
        {
            "trade_id": "023c4648-6b91-434b-8651-177942cc05c2",
            "ticker": "KXHIGHCHI-25JAN19-T15",
            "count": 67,
            "created_time": "2025-01-19T05:23:43.125607Z",
            "yes_price": 98,
            "no_price": 2,
            "taker_side": "yes"
        },
        {
            "trade_id": "61a33787-82f4-4374-af86-4b546dec0c84",
            "ticker": "KXHIGHCHI-25JAN19-T15",
            "count": 45,
            "created_time": "2025-01-19T05:13:45.21459Z",
            "yes_price": 98,
            "no_price": 2,
            "taker_side": "yes"
        },
        {
            "trade_id": "5e4cde91-932a-4733-b2f1-155dc31ce78d",
            "ticker": "KXHIGHCHI-25JAN19-T15",
            "count": 2,
            "created_time": "2025-01-19T05:06:26.648068Z",
            "yes_price": 98,
            "no_price": 2,
            "taker_side": "yes"
        },
        {
            "trade_id": "08f53f1e-7fd8-47b0-a2fc-13387f473fa8",
            "ticker": "KXHIGHCHI-25JAN19-T15",
            "count": 33,
            "created_time": "2025-01-19T05:06:26.648068Z",
            "yes_price": 98,
            "no_price": 2,
            "taker_side": "yes"
        },
        {
            "trade_id": "e9eed930-148f-4a01-8485-e7637785604e",
            "ticker": "KXHIGHCHI-25JAN19-T15",
            "count": 10,
            "created_time": "2025-01-19T05:01:12.231282Z",
            "yes_price": 98,
            "no_price": 2,
            "taker_side": "yes"
        },
        {
            "trade_id": "c97f2e3e-66ca-4e2d-9a58-64eb2a1472e2",
            "ticker": "KXHIGHCHI-25JAN19-T15",
            "count": 87,
            "created_time": "2025-01-19T05:01:12.231282Z",
            "yes_price": 98,
            "no_price": 2,
            "taker_side": "yes"
        },
        {
            "trade_id": "ec090b37-2815-4442-9ff3-ac4ccec2dc6e",
            "ticker": "KXHIGHCHI-25JAN19-T15",
            "count": 100,
            "created_time": "2025-01-19T05:01:05.226708Z",
            "yes_price": 97,
            "no_price": 3,
            "taker_side": "yes"
        },
        {
            "trade_id": "f7c808e4-4c58-4068-a8a9-8b878fdeff6a",
            "ticker": "KXHIGHCHI-25JAN19-T15",
            "count": 100,
            "created_time": "2025-01-19T04:59:59.767726Z",
            "yes_price": 97,
            "no_price": 3,
            "taker_side": "yes"
        },
        {
            "trade_id": "3e19f418-1746-4f13-a435-a6d8c2cb0878",
            "ticker": "KXHIGHCHI-25JAN19-T15",
            "count": 35,
            "created_time": "2025-01-19T04:59:01.233619Z",
            "yes_price": 96,
            "no_price": 4,
            "taker_side": "yes"
        },
        {
            "trade_id": "012b95cf-01fe-49f9-966e-ac8dd4b57417",
            "ticker": "KXHIGHCHI-25JAN19-T15",
            "count": 13,
            "created_time": "2025-01-19T04:59:01.233619Z",
            "yes_price": 96,
            "no_price": 4,
            "taker_side": "yes"
        },
        {
            "trade_id": "53c0352e-24d2-4842-8b1b-0eb7e77efa19",
            "ticker": "KXHIGHCHI-25JAN19-T15",
            "count": 20,
            "created_time": "2025-01-19T04:52:10.781463Z",
            "yes_price": 90,
            "no_price": 10,
            "taker_side": "no"
        },
        {
            "trade_id": "3c227f43-1f37-4d6a-aa62-fe3b9db3d0e4",
            "ticker": "KXHIGHCHI-25JAN19-T15",
            "count": 1,
            "created_time": "2025-01-19T04:52:10.781463Z",
            "yes_price": 91,
            "no_price": 9,
            "taker_side": "no"
        },
        {
            "trade_id": "ae11f038-4b29-4951-a5c6-790a31bed8de",
            "ticker": "KXHIGHCHI-25JAN19-T15",
            "count": 3,
            "created_time": "2025-01-19T04:47:27.454207Z",
            "yes_price": 91,
            "no_price": 9,
            "taker_side": "no"
        },
        {
            "trade_id": "a2a425cf-c797-4d35-ab19-56b9a848251d",
            "ticker": "KXHIGHCHI-25JAN19-T15",
            "count": 1,
            "created_time": "2025-01-19T04:47:17.268503Z",
            "yes_price": 91,
            "no_price": 9,
            "taker_side": "no"
        },
        {
            "trade_id": "5aeec4d9-649c-4ba2-817b-17f75092580d",
            "ticker": "KXHIGHCHI-25JAN19-T15",
            "count": 7,
            "created_time": "2025-01-19T04:46:59.54497Z",
            "yes_price": 91,
            "no_price": 9,
            "taker_side": "no"
        },
        {
            "trade_id": "f88c698e-d6f0-4c73-9411-d07396c9b99d",
            "ticker": "KXHIGHCHI-25JAN19-T15",
            "count": 1,
            "created_time": "2025-01-19T04:46:46.4032Z",
            "yes_price": 91,
            "no_price": 9,
            "taker_side": "no"
        },
        {
            "trade_id": "deb2ca39-5a59-4e2f-b2ff-cee1b84ce249",
            "ticker": "KXHIGHCHI-25JAN19-T15",
            "count": 7,
            "created_time": "2025-01-19T04:46:31.755189Z",
            "yes_price": 91,
            "no_price": 9,
            "taker_side": "no"
        },
        {
            "trade_id": "5aad9eae-57dd-4400-bb4f-1d1f788b5560",
            "ticker": "KXHIGHCHI-25JAN19-T15",
            "count": 21,
            "created_time": "2025-01-19T04:15:57.240952Z",
            "yes_price": 95,
            "no_price": 5,
            "taker_side": "yes"
        },
        {
            "trade_id": "fc376082-a837-4693-922d-ebb6c915bb21",
            "ticker": "KXHIGHCHI-25JAN19-T15",
            "count": 38,
            "created_time": "2025-01-19T04:15:27.608335Z",
            "yes_price": 95,
            "no_price": 5,
            "taker_side": "yes"
        },
        {
            "trade_id": "cd4eb51b-49ab-4d8c-8116-a799b519d3f8",
            "ticker": "KXHIGHCHI-25JAN19-T15",
            "count": 55,
            "created_time": "2025-01-19T04:15:27.608335Z",
            "yes_price": 94,
            "no_price": 6,
            "taker_side": "yes"
        },
        {
            "trade_id": "26ff1f19-bb30-4a00-9b96-247084eb43c2",
            "ticker": "KXHIGHCHI-25JAN19-T15",
            "count": 7,
            "created_time": "2025-01-19T04:15:27.608335Z",
            "yes_price": 93,
            "no_price": 7,
            "taker_side": "yes"
        },
        {
            "trade_id": "07db72e5-1be9-49c2-9f8f-2abb3294f6f9",
            "ticker": "KXHIGHCHI-25JAN19-T15",
            "count": 8,
            "created_time": "2025-01-19T04:08:54.811239Z",
            "yes_price": 86,
            "no_price": 14,
            "taker_side": "no"
        },
        {
            "trade_id": "e4a55b4c-de2d-4f30-84c2-644549b617ac",
            "ticker": "KXHIGHCHI-25JAN19-T15",
            "count": 11,
            "created_time": "2025-01-19T04:08:42.066628Z",
            "yes_price": 86,
            "no_price": 14,
            "taker_side": "no"
        },
        {
            "trade_id": "625875fc-aec4-40df-9149-3744f9ac8ebf",
            "ticker": "KXHIGHCHI-25JAN19-T15",
            "count": 2,
            "created_time": "2025-01-19T04:04:27.706977Z",
            "yes_price": 93,
            "no_price": 7,
            "taker_side": "no"
        },
        {
            "trade_id": "a46b07f1-ea3a-4661-9278-29a6af916744",
            "ticker": "KXHIGHCHI-25JAN19-T15",
            "count": 6,
            "created_time": "2025-01-19T04:04:26.517455Z",
            "yes_price": 93,
            "no_price": 7,
            "taker_side": "yes"
        },
        {
            "trade_id": "df5cc440-f80d-4906-88c7-2b25bb03d110",
            "ticker": "KXHIGHCHI-25JAN19-T15",
            "count": 3,
            "created_time": "2025-01-19T04:04:04.321175Z",
            "yes_price": 93,
            "no_price": 7,
            "taker_side": "yes"
        },
        {
            "trade_id": "78a6cf74-72c1-4f08-a9ec-5ebc066a2297",
            "ticker": "KXHIGHCHI-25JAN19-T15",
            "count": 9,
            "created_time": "2025-01-19T04:03:52.120435Z",
            "yes_price": 92,
            "no_price": 8,
            "taker_side": "yes"
        },
        {
            "trade_id": "f84d158f-9b0b-41a9-a58f-5ed52b0d140b",
            "ticker": "KXHIGHCHI-25JAN19-T15",
            "count": 1000,
            "created_time": "2025-01-19T03:53:27.10102Z",
            "yes_price": 86,
            "no_price": 14,
            "taker_side": "no"
        },
        {
            "trade_id": "e58f2121-b54b-4b48-870f-455dfaa3fe7f",
            "ticker": "KXHIGHCHI-25JAN19-T15",
            "count": 20,
            "created_time": "2025-01-19T03:53:27.10102Z",
            "yes_price": 88,
            "no_price": 12,
            "taker_side": "no"
        },
        {
            "trade_id": "ad7539a4-ecfe-4c3c-a0ec-8cab3a49141f",
            "ticker": "KXHIGHCHI-25JAN19-T15",
            "count": 200,
            "created_time": "2025-01-19T03:53:27.10102Z",
            "yes_price": 95,
            "no_price": 5,
            "taker_side": "no"
        },
        {
            "trade_id": "9290ac62-5161-4f43-9e2b-a2bb6d4c1bfd",
            "ticker": "KXHIGHCHI-25JAN19-T15",
            "count": 737,
            "created_time": "2025-01-19T03:53:27.10102Z",
            "yes_price": 85,
            "no_price": 15,
            "taker_side": "no"
        },
        {
            "trade_id": "78b3cb17-7f47-4be9-8d20-2079d7829a8f",
            "ticker": "KXHIGHCHI-25JAN19-T15",
            "count": 25,
            "created_time": "2025-01-19T03:53:27.10102Z",
            "yes_price": 87,
            "no_price": 13,
            "taker_side": "no"
        },
        {
            "trade_id": "66466b10-49f9-4dc3-9a9a-1c8ef5094ebc",
            "ticker": "KXHIGHCHI-25JAN19-T15",
            "count": 293,
            "created_time": "2025-01-19T03:53:27.10102Z",
            "yes_price": 95,
            "no_price": 5,
            "taker_side": "no"
        },
        {
            "trade_id": "46448e66-b9c3-463f-be32-933f6ccd208b",
            "ticker": "KXHIGHCHI-25JAN19-T15",
            "count": 10,
            "created_time": "2025-01-19T03:53:27.10102Z",
            "yes_price": 87,
            "no_price": 13,
            "taker_side": "no"
        },
        {
            "trade_id": "450d3771-6444-4298-ab99-8018baa46275",
            "ticker": "KXHIGHCHI-25JAN19-T15",
            "count": 5,
            "created_time": "2025-01-19T03:53:27.10102Z",
            "yes_price": 87,
            "no_price": 13,
            "taker_side": "no"
        },
        {
            "trade_id": "381cb8eb-f11e-423c-b477-d8fb660305d4",
            "ticker": "KXHIGHCHI-25JAN19-T15",
            "count": 9,
            "created_time": "2025-01-19T03:51:43.984747Z",
            "yes_price": 95,
            "no_price": 5,
            "taker_side": "no"
        },
        {
            "trade_id": "f30ffc25-098b-4c44-9cf5-341fedeb6007",
            "ticker": "KXHIGHCHI-25JAN19-T15",
            "count": 30,
            "created_time": "2025-01-19T03:49:41.522954Z",
            "yes_price": 95,
            "no_price": 5,
            "taker_side": "no"
        },
        {
            "trade_id": "82aec043-2204-496d-a0c2-01b9e65a03b6",
            "ticker": "KXHIGHCHI-25JAN19-T15",
            "count": 25,
            "created_time": "2025-01-19T03:48:36.976432Z",
            "yes_price": 95,
            "no_price": 5,
            "taker_side": "no"
        },
        {
            "trade_id": "c4963dab-b2cf-4f09-b075-ba27248ae52a",
            "ticker": "KXHIGHCHI-25JAN19-T15",
            "count": 79,
            "created_time": "2025-01-19T03:47:43.825474Z",
            "yes_price": 96,
            "no_price": 4,
            "taker_side": "yes"
        },
        {
            "trade_id": "a873c7ce-ddfd-4066-a3fd-170d97bc8f2a",
            "ticker": "KXHIGHCHI-25JAN19-T15",
            "count": 1,
            "created_time": "2025-01-19T03:47:43.825474Z",
            "yes_price": 97,
            "no_price": 3,
            "taker_side": "yes"
        },
        {
            "trade_id": "48ecc880-72ba-40e5-99bf-9cb8cec4c832",
            "ticker": "KXHIGHCHI-25JAN19-T15",
            "count": 30,
            "created_time": "2025-01-19T03:45:41.330036Z",
            "yes_price": 95,
            "no_price": 5,
            "taker_side": "no"
        },
        {
            "trade_id": "3b5bf991-cb0e-4a07-b1f1-580a3d968564",
            "ticker": "KXHIGHCHI-25JAN19-T15",
            "count": 45,
            "created_time": "2025-01-19T03:44:56.644328Z",
            "yes_price": 95,
            "no_price": 5,
            "taker_side": "no"
        },
        {
            "trade_id": "065e2cb1-9e6a-4f16-a3a0-f7d98f89326b",
            "ticker": "KXHIGHCHI-25JAN19-T15",
            "count": 87,
            "created_time": "2025-01-19T03:42:37.864278Z",
            "yes_price": 95,
            "no_price": 5,
            "taker_side": "no"
        },
        {
            "trade_id": "024e8a01-3913-45df-8677-fa3221979a02",
            "ticker": "KXHIGHCHI-25JAN19-T15",
            "count": 104,
            "created_time": "2025-01-19T03:41:35.389451Z",
            "yes_price": 95,
            "no_price": 5,
            "taker_side": "no"
        },
        {
            "trade_id": "4624cd11-2cfa-4e79-82cf-564570924492",
            "ticker": "KXHIGHCHI-25JAN19-T15",
            "count": 118,
            "created_time": "2025-01-19T03:41:24.754967Z",
            "yes_price": 95,
            "no_price": 5,
            "taker_side": "no"
        },
        {
            "trade_id": "2e5d3c34-1eb3-449e-9fda-3c3804abfe42",
            "ticker": "KXHIGHCHI-25JAN19-T15",
            "count": 9,
            "created_time": "2025-01-19T03:41:19.72153Z",
            "yes_price": 96,
            "no_price": 4,
            "taker_side": "no"
        },
        {
            "trade_id": "13c19c16-90d3-4513-b491-1e28d64d1cc3",
            "ticker": "KXHIGHCHI-25JAN19-T15",
            "count": 5,
            "created_time": "2025-01-19T03:41:18.177122Z",
            "yes_price": 96,
            "no_price": 4,
            "taker_side": "yes"
        },
        {
            "trade_id": "3d88fb20-02d7-412f-98d5-571e57c59dde",
            "ticker": "KXHIGHCHI-25JAN19-T15",
            "count": 4,
            "created_time": "2025-01-19T03:41:16.459576Z",
            "yes_price": 96,
            "no_price": 4,
            "taker_side": "yes"
        },
        {
            "trade_id": "bab49a7a-894b-4081-a290-1975c37f7f34",
            "ticker": "KXHIGHCHI-25JAN19-T15",
            "count": 9,
            "created_time": "2025-01-19T03:41:15.644801Z",
            "yes_price": 96,
            "no_price": 4,
            "taker_side": "no"
        },
        {
            "trade_id": "b30497ad-061e-4c99-b57c-fd2e0d13a80f",
            "ticker": "KXHIGHCHI-25JAN19-T15",
            "count": 67,
            "created_time": "2025-01-19T03:41:15.644801Z",
            "yes_price": 95,
            "no_price": 5,
            "taker_side": "no"
        },
        {
            "trade_id": "98f63281-c426-4eab-8744-1ebbe7c17d6b",
            "ticker": "KXHIGHCHI-25JAN19-T15",
            "count": 3,
            "created_time": "2025-01-19T03:41:10.338893Z",
            "yes_price": 96,
            "no_price": 4,
            "taker_side": "yes"
        },
        {
            "trade_id": "a92af67b-07c4-42ed-8283-55c929dd03ac",
            "ticker": "KXHIGHCHI-25JAN19-T15",
            "count": 7,
            "created_time": "2025-01-19T03:41:05.493278Z",
            "yes_price": 96,
            "no_price": 4,
            "taker_side": "yes"
        },
        {
            "trade_id": "13daeb09-828c-4514-beb3-ea6c5f585e93",
            "ticker": "KXHIGHCHI-25JAN19-T15",
            "count": 74,
            "created_time": "2025-01-19T03:41:01.45266Z",
            "yes_price": 95,
            "no_price": 5,
            "taker_side": "no"
        },
        {
            "trade_id": "cd32adce-040b-483c-856e-3d21e63a0ac6",
            "ticker": "KXHIGHCHI-25JAN19-T15",
            "count": 10,
            "created_time": "2025-01-19T03:41:01.265029Z",
            "yes_price": 94,
            "no_price": 6,
            "taker_side": "yes"
        },
        {
            "trade_id": "c70c74cb-c3e8-4727-9e3b-914b956ba5e6",
            "ticker": "KXHIGHCHI-25JAN19-T15",
            "count": 10,
            "created_time": "2025-01-19T03:41:01.265029Z",
            "yes_price": 95,
            "no_price": 5,
            "taker_side": "yes"
        },
        {
            "trade_id": "b555f2fd-f14c-4912-a09b-ecc6732ed361",
            "ticker": "KXHIGHCHI-25JAN19-T15",
            "count": 240,
            "created_time": "2025-01-19T03:41:01.265029Z",
            "yes_price": 95,
            "no_price": 5,
            "taker_side": "yes"
        },
        {
            "trade_id": "adc77bc4-1f6b-47d8-9dae-59203121c996",
            "ticker": "KXHIGHCHI-25JAN19-T15",
            "count": 71,
            "created_time": "2025-01-19T03:41:01.265029Z",
            "yes_price": 94,
            "no_price": 6,
            "taker_side": "yes"
        },
        {
            "trade_id": "9036b3f8-5e6d-4a8e-bff9-550be7fb1804",
            "ticker": "KXHIGHCHI-25JAN19-T15",
            "count": 10,
            "created_time": "2025-01-19T03:41:01.265029Z",
            "yes_price": 93,
            "no_price": 7,
            "taker_side": "yes"
        },
        {
            "trade_id": "7985eeab-6e01-4cd9-aaf2-7fdb03568299",
            "ticker": "KXHIGHCHI-25JAN19-T15",
            "count": 30,
            "created_time": "2025-01-19T03:41:01.265029Z",
            "yes_price": 94,
            "no_price": 6,
            "taker_side": "yes"
        },
        {
            "trade_id": "550352cf-df2f-4505-a377-8accb35c4344",
            "ticker": "KXHIGHCHI-25JAN19-T15",
            "count": 6,
            "created_time": "2025-01-19T03:41:01.265029Z",
            "yes_price": 93,
            "no_price": 7,
            "taker_side": "yes"
        },
        {
            "trade_id": "11dfd79a-8fcf-4d03-a02a-90485a9000e5",
            "ticker": "KXHIGHCHI-25JAN19-T15",
            "count": 2,
            "created_time": "2025-01-19T03:41:01.265029Z",
            "yes_price": 93,
            "no_price": 7,
            "taker_side": "yes"
        },
        {
            "trade_id": "a67585ab-2ac2-4eeb-9334-6a7c01327f28",
            "ticker": "KXHIGHCHI-25JAN19-T15",
            "count": 4,
            "created_time": "2025-01-19T03:38:25.638092Z",
            "yes_price": 93,
            "no_price": 7,
            "taker_side": "yes"
        },
        {
            "trade_id": "f45108ed-26f4-4e77-8740-f52c8edec159",
            "ticker": "KXHIGHCHI-25JAN19-T15",
            "count": 10,
            "created_time": "2025-01-19T03:36:07.735934Z",
            "yes_price": 93,
            "no_price": 7,
            "taker_side": "yes"
        },
        {
            "trade_id": "232b3cbe-1a5e-41bb-9391-0d2a66085313",
            "ticker": "KXHIGHCHI-25JAN19-T15",
            "count": 10,
            "created_time": "2025-01-19T03:36:07.735934Z",
            "yes_price": 93,
            "no_price": 7,
            "taker_side": "yes"
        },
        {
            "trade_id": "978a70de-f779-4021-b697-147e1b075dd4",
            "ticker": "KXHIGHCHI-25JAN19-T15",
            "count": 50,
            "created_time": "2025-01-19T03:32:28.303871Z",
            "yes_price": 92,
            "no_price": 8,
            "taker_side": "no"
        },
        {
            "trade_id": "d4bfda8e-f0b3-4e6a-b2f7-464ef364b1f9",
            "ticker": "KXHIGHCHI-25JAN19-T15",
            "count": 200,
            "created_time": "2025-01-19T03:32:05.146191Z",
            "yes_price": 92,
            "no_price": 8,
            "taker_side": "no"
        },
        {
            "trade_id": "93f25b8b-96b7-421e-b026-019299ef2ca2",
            "ticker": "KXHIGHCHI-25JAN19-T15",
            "count": 119,
            "created_time": "2025-01-19T03:27:34.756685Z",
            "yes_price": 92,
            "no_price": 8,
            "taker_side": "no"
        },
        {
            "trade_id": "25687638-488f-45e0-b254-c89acbee2343",
            "ticker": "KXHIGHCHI-25JAN19-T15",
            "count": 49,
            "created_time": "2025-01-19T03:27:28.818357Z",
            "yes_price": 92,
            "no_price": 8,
            "taker_side": "no"
        },
        {
            "trade_id": "b5263eda-ca2d-4150-9807-7b3508e27c26",
            "ticker": "KXHIGHCHI-25JAN19-T15",
            "count": 38,
            "created_time": "2025-01-19T03:26:46.405384Z",
            "yes_price": 92,
            "no_price": 8,
            "taker_side": "no"
        },
        {
            "trade_id": "875a49e1-095c-4187-b722-592c2b331cd4",
            "ticker": "KXHIGHCHI-25JAN19-T15",
            "count": 240,
            "created_time": "2025-01-19T03:26:35.064889Z",
            "yes_price": 92,
            "no_price": 8,
            "taker_side": "no"
        },
        {
            "trade_id": "78e1081d-d7fa-4f39-9b88-149398aeb0a7",
            "ticker": "KXHIGHCHI-25JAN19-T15",
            "count": 54,
            "created_time": "2025-01-19T03:26:34.96669Z",
            "yes_price": 92,
            "no_price": 8,
            "taker_side": "no"
        },
        {
            "trade_id": "08a1f2c5-304d-4c19-975a-5f0d1bc40251",
            "ticker": "KXHIGHCHI-25JAN19-T15",
            "count": 103,
            "created_time": "2025-01-19T03:26:19.644505Z",
            "yes_price": 92,
            "no_price": 8,
            "taker_side": "no"
        },
        {
            "trade_id": "f7fc4932-abeb-42f1-8a9c-c9aaa5035ba3",
            "ticker": "KXHIGHCHI-25JAN19-T15",
            "count": 10,
            "created_time": "2025-01-19T03:26:19.347012Z",
            "yes_price": 90,
            "no_price": 10,
            "taker_side": "yes"
        },
        {
            "trade_id": "f6a40b47-dde6-46e4-ae97-450eb7f46225",
            "ticker": "KXHIGHCHI-25JAN19-T15",
            "count": 240,
            "created_time": "2025-01-19T03:26:19.347012Z",
            "yes_price": 90,
            "no_price": 10,
            "taker_side": "yes"
        },
        {
            "trade_id": "e61e9857-76fb-427e-8784-913419078ec8",
            "ticker": "KXHIGHCHI-25JAN19-T15",
            "count": 118,
            "created_time": "2025-01-19T03:26:19.347012Z",
            "yes_price": 88,
            "no_price": 12,
            "taker_side": "yes"
        },
        {
            "trade_id": "9f601833-de30-442e-8696-3b2ad9100ffe",
            "ticker": "KXHIGHCHI-25JAN19-T15",
            "count": 10,
            "created_time": "2025-01-19T03:26:19.347012Z",
            "yes_price": 92,
            "no_price": 8,
            "taker_side": "yes"
        },
        {
            "trade_id": "9e8e4f02-4561-4bba-a1d1-b59b60c91c27",
            "ticker": "KXHIGHCHI-25JAN19-T15",
            "count": 1,
            "created_time": "2025-01-19T03:26:19.347012Z",
            "yes_price": 88,
            "no_price": 12,
            "taker_side": "yes"
        },
        {
            "trade_id": "83b3d8c5-954f-4d3e-b04d-9f1dcaa57544",
            "ticker": "KXHIGHCHI-25JAN19-T15",
            "count": 240,
            "created_time": "2025-01-19T03:26:19.347012Z",
            "yes_price": 92,
            "no_price": 8,
            "taker_side": "yes"
        },
        {
            "trade_id": "79830c46-4e36-401d-8b12-47ba7fe34645",
            "ticker": "KXHIGHCHI-25JAN19-T15",
            "count": 10,
            "created_time": "2025-01-19T03:26:19.347012Z",
            "yes_price": 91,
            "no_price": 9,
            "taker_side": "yes"
        },
        {
            "trade_id": "64673424-20e6-4c0e-a9af-82c3c2fe0aee",
            "ticker": "KXHIGHCHI-25JAN19-T15",
            "count": 10,
            "created_time": "2025-01-19T03:26:19.347012Z",
            "yes_price": 89,
            "no_price": 11,
            "taker_side": "yes"
        },
        {
            "trade_id": "0b3d4dea-a74d-468e-a677-238d2e080034",
            "ticker": "KXHIGHCHI-25JAN19-T15",
            "count": 10,
            "created_time": "2025-01-19T03:26:19.347012Z",
            "yes_price": 88,
            "no_price": 12,
            "taker_side": "yes"
        },
        {
            "trade_id": "cbc143ab-6ab7-497b-a866-6fb6ab80b35a",
            "ticker": "KXHIGHCHI-25JAN19-T15",
            "count": 119,
            "created_time": "2025-01-19T03:25:39.418495Z",
            "yes_price": 87,
            "no_price": 13,
            "taker_side": "yes"
        },
        {
            "trade_id": "d8812964-07d1-49a4-ba0e-0b9b5d89bcaa",
            "ticker": "KXHIGHCHI-25JAN19-T15",
            "count": 17,
            "created_time": "2025-01-19T03:24:33.368387Z",
            "yes_price": 86,
            "no_price": 14,
            "taker_side": "no"
        },
        {
            "trade_id": "d6d66df7-79fe-465d-a31e-5a56ae058ea7",
            "ticker": "KXHIGHCHI-25JAN19-T15",
            "count": 119,
            "created_time": "2025-01-19T03:24:08.84204Z",
            "yes_price": 87,
            "no_price": 13,
            "taker_side": "yes"
        },
        {
            "trade_id": "73bef32b-2cf9-4c63-9658-1b8ecc5d364d",
            "ticker": "KXHIGHCHI-25JAN19-T15",
            "count": 46,
            "created_time": "2025-01-19T03:23:30.305099Z",
            "yes_price": 86,
            "no_price": 14,
            "taker_side": "yes"
        },
        {
            "trade_id": "73ea84e4-b94c-48f4-bb1f-22b19b19f70b",
            "ticker": "KXHIGHCHI-25JAN19-T15",
            "count": 30,
            "created_time": "2025-01-19T03:21:02.917194Z",
            "yes_price": 85,
            "no_price": 15,
            "taker_side": "no"
        },
        {
            "trade_id": "35f42885-e0bb-4033-a2fe-e2b8bf56a87d",
            "ticker": "KXHIGHCHI-25JAN19-T15",
            "count": 12,
            "created_time": "2025-01-19T03:17:30.934988Z",
            "yes_price": 86,
            "no_price": 14,
            "taker_side": "yes"
        },
        {
            "trade_id": "55218ca6-d674-44a4-a2da-731672d2f787",
            "ticker": "KXHIGHCHI-25JAN19-T15",
            "count": 22,
            "created_time": "2025-01-19T03:16:53.641591Z",
            "yes_price": 87,
            "no_price": 13,
            "taker_side": "yes"
        },
        {
            "trade_id": "cbba6742-9f14-4984-bf6b-f705ec25c32b",
            "ticker": "KXHIGHCHI-25JAN19-T15",
            "count": 1,
            "created_time": "2025-01-19T03:16:47.156019Z",
            "yes_price": 86,
            "no_price": 14,
            "taker_side": "yes"
        },
        {
            "trade_id": "55d99b6a-eec4-467b-a976-fb34d4c4b44a",
